3076 4976
281 1622 332 1658 10

278 2155 327 2193 15

269 3225 324 3264 25

706 439 1181 505 Quaestionum
1221 440 1332 493 lib.
1373 440 1455 493 111
1498 440 1786 506 (Quaest.
1830 441 1904 495 de
1942 441 2300 508 Leuitico).
2542 449 2671 511 263

375 640 656 709 steterat,
725 636 866 700 ideo
933 635 1124 699 trium
1194 636 1550 700 cubitorum
1626 638 1807 701 altari
1875 638 2287 702 ministrando
2355 639 2673 705 deseruire

373 742 682 825 potuisse.

461 848 787 913 XXVIIII.
847 850 940 912 Et
985 849 1205 913 uidit
1252 849 1505 914 omnis
1556 852 1909 932 populus
1959 854 2036 914 et
2083 871 2348 915 amens
2397 853 2669 918 faetus

374 960 528 1020 est:
579 956 748 1038 quod
787 956 893 1019 alii
933 956 1307 1037 interpretes
1350 954 1638 1020 dixerunt
1684 956 2087 1038 „expauit⁴·
2136 963 2432 1023 conantes
2473 963 2670 1024 trans-

375 1064 529 1126 ferre
598 1062 672 1127 de
742 1082 965 1146 graeco
1035 1061 1201 1143 quod
1269 1062 1508 1125 dietum
1572 1066 1703 1125 est:
1771 1059 1995 1146 ἐξέστη,
2054 1063 2219 1127 unde
2276 1066 2339 1127 et
2395 1062 2670 1135 ἔκστασις

373 1169 624 1240 dieitur,
673 1175 780 1251 qui
830 1188 1015 1251 saepe
1064 1169 1126 1231 in
1178 1169 1510 1250 seripturis
1551 1168 1765 1233 latinis
1805 1169 2043 1253 legitur
2079 1170 2311 1234 mentis
2353 1189 2669 1234 excessus,

461 1276 657 1339 XXX.
724 1277 819 1340 Et
866 1276 1069 1339 exiit
1118 1275 1337 1358 ignis
1387 1296 1420 1338 a
1472 1274 1789 1340 domino
1850 1280 1927 1340 et
1984 1275 2421 1340 deuorauit
2467 1296 2665 1357 quae

371 1387 598 1447 erant
649 1402 899 1465 super
945 1382 1226 1458 altare,
1268 1381 1991 1447 holocaustomata
2040 1385 2118 1446 et
2163 1383 2463 1466 adipes,
2516 1383 2662 1466 quid

370 1489 596 1553 dixerit
682 1508 754 1563 „a
820 1489 1204 1566 domino“‚
1275 1488 1487 1570 quaeri
1556 1492 1800 1573 potest:
1868 1492 2087 1553 utrum
2155 1491 2299 1571 quia
2374 1493 2532 1554 nutu
2603 1493 2667 1552 et

367 1598 700 1660 uoluntate
759 1596 997 1661 domini
1054 1597 1294 1660 factum
1352 1599 1448 1660 est
1505 1611 1580 1659 an
1640 1597 1715 1660 ab
1775 1616 1846 1661 eo
1905 1598 2044 1661 loco
2100 1596 2265 1681 ignis
2325 1597 2496 1673 exiit,
2556 1596 2664 1660 ubi

367 1708 500 1766 erat
539 1723 680 1767 area
721 1703 1089 1768 testimonii.
1142 1722 1263 1767 non
1313 1702 1478 1766 enim
1529 1703 1589 1765 in
1640 1704 1780 1767 loeo
1830 1703 2041 1785 aliquo
2081 1704 2171 1767 ita
2210 1707 2310 1767 est
2348 1703 2663 1780 dominus,

367 1810 548 1890 quasi
597 1809 748 1872 alibi
798 1829 918 1872 non
968 1810 1071 1874 sit.

454 1917 682 1980 XXXI.
751 1917 1174 1998 Posteaquam
1227 1919 1492 1980 exeunte
1540 1916 1687 2000 igne
1737 1936 1771 1979 a
1820 1916 2074 1980 domino
2131 1918 2369 1982 incensi
2429 1920 2662 1984 mortui

365 2027 514 2087 sunt
561 2021 673 2085 filii
723 2025 952 2099 Aaron,
1002 2023 1110 2104 qui
1160 2023 1295 2087 ausi
1356 2026 1504 2086 sunt
1561 2023 1622 2086 in
1682 2024 1921 2087 batillis
1980 2024 2112 2088 suis
2172 2024 2455 2088 adhibito
2514 2025 2660 2109 igne

365 2129 565 2194 alieno
624 2130 954 2193 incensum
1012 2129 1323 2211 inponere.
1367 2128 1619 2192 domino
1675 2167 1746 2174 -
1803 2129 1972 2210 quod
2028 2130 2169 2194 ideo
2226 2149 2346 2194 non
2407 2131 2660 2207 licebat,

366 2237 508 2318 quia
578 2256 647 2300 ex
714 2236 826 2300 illo
894 2236 1038 2319 igne
1105 2236 1211 2317 qui
1280 2235 1590 2299 diuinitus
1657 2235 1720 2298 in
1779 2237 1973 2300 altare
2039 2243 2301 2301 uenerat
2365 2237 2658 2319 deinceps

364 2344 682 2407 custodito
733 2343 944 2407 omnia
990 2347 1164 2406 eraut
1212 2342 1605 2407 accendenda
1647 2361 1804 2423 quae
1847 2342 1907 2405 in
1957 2344 2363 2408 tabernaculo
2403 2344 2658 2407 accendi

364 2449 692 2532 opoitebat
739 2486 826 2497 —
875 2449 1143 2513 mortuis
1194 2469 1340 2534 ergo
1391 2449 1519 2514 illis
1572 2449 1660 2514 ait
1706 2449 1997 2533 Moyses:
2066 2451 2209 2514 hoe
2270 2453 2394 2514 est
2452 2450 2657 2532 quod

362 2557 571 2621 dixit-
638 2557 1010 2622 dominus
1075 2557 1385 2622 dicens:
1454 2558 1528 2621 in
1598 2558 1714 2621 eis
1783 2558 1917 2639 qui
1979 2557 2173 2621 mihi
2239 2558 2654 2641 adpropin-

362 2669 608 2746 quant
667 2665 1269 2729 sanetifieabor
1325 2667 1534 2729 etin
1595 2666 1802 2730 omni
1860 2683 2274 2748 synagoga
2339 2665 2654 2749 glorifi-

361 2771 626 2844 cabor,
688 2790 794 2835 eos
866 2771 1362 2853 adpropinquare
1429 2771 1683 2836 domino
1753 2773 1972 2836 uolens
2040 2771 2352 2855 intellegi,
2419 2772 2527 2854 qui
2590 2772 2653 2836 in

358 2878 765 2941 tabernaculo
829 2878 1180 2942 sacerdotio
1239 2879 1696 2961 fungebantur;
1756 2877 2133 2942 sanctificari
2194 2881 2407 2943 autem
2454 2878 2513 2942 in
2563 2879 2653 2942 eis

359 2984 548 3048 etiam
607 2984 1005 3058 uindicando,
1058 2984 1226 3048 sieut
1274 2984 1514 3048 factum
1566 2989 1681 3050 est.
1762 2986 1997 3060 utrum,
2054 2989 2128 3048 ut
2183 2984 2329 3049 hine
2386 2984 2656 3049 sciretur

359 3110 546 3171 quam
613 3091 822 3154 minus
892 3092 1032 3154 aliis
1099 3096 1334 3173 pareat,
1404 3090 1457 3152 si
1516 3090 1643 3153 illis
1703 3109 1822 3154 non
1880 3091 2082 3171 parcit
2136 3129 2224 3137 —
2280 3109 2402 3172 quo
2462 3110 2653 3155 sensu

365 3196 605 3260 dictum
670 3202 800 3261 est:
869 3198 936 3260 si
996 3198 1271 3260 iustus
1339 3198 1468 3261 uix
1531 3198 1813 3261 saluus
1882 3198 2069 3272 erit,
2137 3201 2519 3279 pecc-ator
2576 3202 2651 3261 et

357 3303 635 3385 inpius
686 3304 819 3366 ubi
868 3305 1312 3385 parebunt?
1362 3341 1448 3350 -
1497 3323 1571 3366 an
1621 3304 1835 3386 potius
1884 3303 2229 3368 secundum
2278 3304 2473 3368 illud:
2523 3303 2650 3367 cui

355 3411 543 3493 plus
603 3411 871 3476 datur.
928 3413 1113 3493 plus
1172 3410 1533 3494 exigitur
1591 3411 1679 3473 ab
1740 3415 1873 3474 eo?
1950 3415 2012 3475 et
2077 3410 2271 3475 illud:
2340 3429 2647 3488 serlum,

356 3519 488 3600 qui
551 3537 696 3581 non
757 3518 1147 3599 cognouit
1204 3518 1720 3581 uoluntatem
1782 3517 2081 3581 domini
2141 3518 2265 3581 sui
2324 3521 2399 3581 et
2446 3517 2650 3580 facit

533 3778 563 3829 3
601 3777 731 3831 Leu.
773 3778 822 3832 9.
863 3780 931 3830 24
1017 3779 1046 3830 7
1086 3777 1213 3830 Len.
1256 3778 1306 3832 9.
1348 3779 1417 3830 <24
1505 3779 1568 3830 13
1609 3777 1664 3830 cf
1714 3779 1843 3831 Len.
1889 3778 1970 3838 10,
2014 3778 2059 3830 1.
2098 3779 2130 3830 2
2211 3778 2273 3829 18
2313 3777 2442 3830 Leu.
2488 3778 2569 3844 10,
2612 3780 2642 3830 3

351 3868 418 3920 Ξῖ)
459 3867 616 3919 Pron.
661 3868 741 3921 11.
783 3867 881 3930 31;
925 3869 948 3921 Ι
988 3867 1131 3919 Petr.
1171 3868 1222 3928 4,
1269 3867 1331 3918 15<
1443 3869 1509 3919 ‘26
1550 3867 1680 3920 Luc.
1724 3867 1805 3928 12,
1844 3866 1932 3931 48,
1969 3867 2036 3918 47

425 4007 449 4059 1
493 4005 792 4058 deseruisse
838 4006 888 4058 T
958 4007 989 4058 3
1029 4022 1184 4058 amen
1231 4005 1274 4057 C
1354 4006 1386 4056 4
1429 4005 1545 4073 alii}
1586 4006 1660 4058 ibi
1707 4005 1754 4057 C
1834 4007 1864 4057 5
1906 4010 1988 4057 est
2025 4021 2126 4058 om.
2168 4005 2212 4058 S
2320 4008 2499 4058 exeste
2544 4006 2654 4059 CN

349 4100 468 4148 ecte
506 4094 717 4150 PSVT
822 4099 876 4148 et
916 4111 1017 4148 om.
1058 4094 1400 4148 PSNrTod
1508 4095 1756 4147 ecstastis
1802 4093 1892 4147 OS
1926 4095 2123 4146 extasis
2162 4093 2327 4146 PVT
2362 4097 2555 4147 ectasis
2586 4096 2649 4148 N

348 4183 381 4235 6
421 4184 546 4251 quia
586 4183 737 4236 ΡΥ·
771 4199 875 4252 qua
913 4182 957 4236 S
1073 4200 1344 4236 excessum
1383 4181 1446 4235 N
1519 4183 1584 4234 13
1624 4186 1677 4234 et
1716 4184 1912 4236 mortui
1952 4182 2069 4235 de
2156 4184 2219 4235 14
2258 4183 2464 4235 uatillis
2492 4182 2649 4237 PSV

349 4272 557 4324 unt-illis
607 4272 654 4324 T
831 4272 944 4340 igni
984 4271 1029 4325 S
1213 4273 1272 4324 17
1324 4270 1619 4339 custodito]
1669 4272 1969 4324 constituto
2019 4271 2066 4323 T
2242 4271 2543 4324 accedenda
2583 4274 2642 4324 A*

347 4360 414 4412 a?
456 4361 521 4413 ab
563 4377 624 4413 eo
666 4361 899 4429 exigitur
936 4360 981 4413 S
1087 4363 1154 4413 28
1195 4360 1510 4429 cognouerit
1550 4359 1595 4412 S
