3076 4976
890 500 1419 554 Adnotationum
1458 501 1523 553 in
1564 500 1678 554 Iob
1719 501 1888 554 liber
1926 501 1967 554 1.
2447 503 2573 567 537

372 695 547 760 XIII.
620 696 713 760 Et
760 714 1066 779 arguam
1116 696 1189 759 in
1239 701 1654 779 conspectu
1714 696 1904 773 eius,
1964 696 2027 759 si
2082 695 2446 760 uoluerit:
2505 697 2578 758 ut

283 805 509 885 arguat
556 821 623 866 se
666 802 907 885 ipsum;
960 803 1128 885 quod
1168 807 1269 867 est
1306 804 1749 869 confessionis,
1799 806 1873 867 et
1919 806 2309 867 curatores
2357 802 2576 865 malo·

280 927 442 971 rum
517 928 767 973 omnes
843 929 1008 974 uos:
1093 909 1293 974 bonos
1369 911 1533 973 enim
1603 929 1725 974 non
1800 909 2071 992 potestis
2147 908 2577 973 consolatione

284 1032 525 1078 curare.
576 1015 838 1080 audite
886 1035 1062 1099 ergo
1112 1016 1716 1098 obiurgationem
1769 1016 1920 1079 oris
1968 1015 2138 1079 mei:
2196 1014 2260 1077 in
2308 1033 2448 1078 uos.
2506 1017 2580 1077 et

216 1142 241 1178 s,
285 1124 458 1185 ante
507 1127 1000 1205 conspectum
1050 1123 1214 1187 eius
1260 1123 1627 1205 profertis
1678 1122 1957 1186 dolum:
2016 1141 2163 1185 cum
2209 1120 2410 1185 uultis
2457 1138 2576 1184 uos

280 1227 486 1292 uideri
541 1229 770 1304 iustos,
831 1229 999 1311 quod
1056 1247 1175 1292 non
1241 1230 1416 1292 estis.
1498 1247 1582 1292 an
1642 1227 2100 1292 subtrahitis
2167 1246 2301 1290 uos
2366 1227 2575 1308 ipsos

282 1332 582 1398 iudices
629 1333 847 1398 fieri?
896 1333 1206 1416 numquid
1252 1335 1524 1417 potestis
1575 1333 1977 1397 dissimulare
2016 1336 2080 1398 et
2115 1352 2236 1397 non
2275 1332 2574 1408 iudicare,

286 1440 438 1522 quia
487 1440 563 1505 de
612 1440 797 1505 uobis
847 1460 1070 1504 uerum
1117 1440 1302 1505 dico?
1369 1441 1435 1505 si
1484 1440 1673 1505 enim
1724 1441 1966 1504 omnia
2013 1441 2382 1504 facientes
2432 1438 2577 1502 adi·

282 1547 592 1611 ciemini
641 1548 729 1625 ei,
780 1547 844 1612 id
892 1552 1017 1611 est:
1069 1547 1318 1612 etiamsi
1361 1548 1573 1612 omnia
1611 1552 1947 1631 praecepta
1982 1548 2255 1624 faciam,
2295 1547 2579 1611 inueniet

188 1653 344 1717 min
396 1654 580 1718 uobis
630 1654 797 1735 quod
846 1658 1099 1738 arguat3
1158 1674 1340 1718 nemo
1401 1653 1571 1719 enim
1625 1655 1837 1719 iustus
1892 1655 1955 1718 in
2014 1657 2360 1736 conspectu
2417 1654 2575 1718 eius.

284 1760 558 1843 quodsi
618 1764 690 1824 et
748 1762 1049 1825 occulte
1115 1781 1480 1843 personas
1547 1762 1802 1826 mirati
1870 1761 2210 1825 fueritis:
2279 1780 2449 1835 suae,
2507 1779 2575 1824 se

281 1868 458 1951 ipsos
526 1867 927 1931 iustificando
994 1886 1116 1932 non
1186 1869 1395 1932 solum
1454 1869 1530 1933 ad
1589 1869 1897 1944 homineS,
1957 1868 2068 1932 sed
2125 1868 2313 1932 etiam
2373 1867 2450 1931 ad
2509 1887 2575 1931 se

279 1974 479 2056 ipsos,
532 1992 806 2055 corpus
857 1978 1107 2038 autem
1151 1975 1468 2039 luteum:
1518 1979 1593 2040 ut
1637 1974 2001 2058 fragilitatis
2051 1975 2277 2038 saltem
2326 1977 2577 2038 uestrae

282 2079 791 2145 consideratione
832 2079 1135 2144 timeatis,
1186 2081 1750 2162 adprehendens
1800 2101 2000 2145 meas
2049 2100 2305 2145 carnes
2345 2079 2578 2144 denti·

185 2210 240 2249 15
281 2186 422 2250 bus
472 2187 685 2250 meis:
746 2206 868 2251 non
918 2187 1074 2250 mihi
1121 2206 1397 2269 parcam,
1443 2191 1519 2252 ut
1565 2208 1685 2252 non
1735 2189 1942 2251 solum
1993 2207 2112 2252 uos
2159 2207 2419 2270 arguam
2465 2185 2578 2250 sed

282 2294 476 2358 etiam
526 2313 646 2357 me.
725 2297 799 2357 et
844 2293 1160 2357 animam
1210 2314 1445 2358 meam
1491 2313 1757 2377 ponam
1812 2295 1885 2358 in
1942 2315 2186 2358 manu:
2243 2294 2575 2375 inspicien-

281 2400 449 2475 dam,
497 2406 566 2463 ut
616 2399 776 2463 nihil
824 2399 1043 2478 celem,
1093 2399 1229 2464 siue
1290 2405 1363 2465 ut
1419 2404 1777 2482 computem
1836 2406 2099 2484 peccata
2152 2419 2313 2465 mea.
2388 2399 2577 2463 licet

282 2506 588 2571 occidat
634 2526 743 2570 me
789 2507 928 2571 ille
978 2508 1103 2590 qui
1151 2511 1419 2590 potens
1471 2512 1605 2584 est,
1654 2508 1789 2591 qui'
1829 2513 1902 2573 et
1949 2508 2229 2591 coepit:
2279 2507 2573 2590 quamuis

280 2613 536 2678 occidat
581 2617 843 2697 peccata
888 2634 1051 2678 mea.
1128 2618 1370 2678 tamen
1418 2616 1686 2697 loquar
1732 2619 1806 2679 et
1853 2634 2092 2678 coram
2145 2634 2225 2678 eo
2275 2632 2575 2697 arguam

175 2746 234 2786 το
276 2739 421 2783 me:
481 2738 602 2783 non
650 2739 749 2783 me
796 2719 1154 2783 iustificabo
1213 2720 1611 2784 abscondens
1664 2724 1924 2802 peccata
1977 2740 2137 2784 mea.
2214 2739 2383 2783 ecce
2440 2738 2573 2802 ego

276 2826 804 2910 adpropinquo
866 2826 1154 2891 iudicio
1211 2847 1401 2892 meo:
1462 2831 1535 2891 ut
1590 2827 1866 2891 iudicem
1914 2827 1990 2891 de
2038 2847 2159 2902 me,
2209 2826 2390 2909 quasi
2436 2827 2578 2909 ipsa

277 2933 367 2999 sit
432 2933 706 2997 hominis
774 2933 1021 2997 iustitia
1089 2934 1152 2997 in
1219 2934 1616 2999 confessione
1683 2934 1804 2998 sibi
1872 2953 1990 2999 non
2049 2953 2320 3017 parcere.
2397 2937 2574 2997 tunc

275 3060 316 3105 a
381 3039 575 3103 facie
639 3043 771 3104 tua
832 3059 969 3104 non
1019 3041 1466 3105 abscondar:
1520 3041 2055 3123 quemadmodum
2105 3040 2579 3105 absconduntur

271 3150 668 3230 peccatores.
745 3166 1046 3211 manum
1105 3149 1316 3211 aufer
1372 3166 1408 3211 a
1462 3167 1604 3212 me:
1665 3151 1739 3212 ut
1791 3147 1949 3211 nihil
1996 3148 2057 3211 in
2105 3166 2206 3210 me
2259 3147 2344 3211 sit
2391 3145 2576 3209 casti-

177 3280 238 3320 25
285 3253 564 3338 gaudum
617 3256 682 3316 et
729 3253 816 3317 sit
860 3254 922 3317 in
970 3273 1071 3317 me
1120 3254 1368 3318 caritas.
1447 3257 1520 3317 et
1567 3254 1791 3318 timor
1843 3257 2020 3317 tuus
2078 3273 2214 3317 non
2273 3272 2381 3317 me
2438 3256 2575 3316 ter-

276 3365 461 3423 reat.
549 3364 733 3441 quot
798 3363 973 3424 sunt-
1037 3361 1494 3443 iniquitates
1564 3364 1806 3425 meae?
1882 3359 2027 3423 hinc
2091 3362 2308 3442 potest
2372 3359 2576 3423 uideri

462 3605 487 3657 1
529 3602 625 3656 Iob
668 3604 750 3665 13,
791 3603 823 3657 3
960 3606 992 3657 2
1031 3604 1127 3657 Iob
1171 3604 1252 3665 13,
1292 3607 1325 3657 4
1460 3605 1495 3656 4
1530 3603 1630 3657 101)
1673 3605 1754 3663 13,
1795 3603 1826 3656 6
1971 3602 2068 3656 101)
2112 3604 2194 3666 13,
2236 3603 2265 3654 7
2403 3604 2436 3655 6
2474 3602 2573 3656 101)

277 3693 368 3756 13,
406 3693 440 3746 8
550 3693 583 3745 8
618 3692 717 3746 Iob
761 3694 841 3757 13,
878 3693 912 3746 9
1027 3694 1086 3745 ll
1131 3692 1228 3746 Iob
1271 3694 1353 3755 13,
1395 3693 1463 3747 10
1584 3693 1648 3745 13
1686 3693 1784 3746 101)
1827 3693 1909 3755 13,
1953 3692 2016 3745 12
2141 3694 2205 3745 14
2243 3691 2338 3744 101)
2383 3694 2463 3755 13,
2507 3693 2574 3744 14

274 3783 348 3836 16
387 3781 483 3835 101)
527 3782 609 3845 13,
654 3783 717 3835 14
902 3783 966 3835 17
1005 3782 1101 3835 Ιο1)
1145 3783 1226 3837 13.
1270 3783 1335 3835 15
1519 3783 1584 3835 19
1624 3781 1721 3835 101)
1765 3781 1846 3846 13,
1889 3782 1953 3834 15
2135 3781 2204 3834 20
2243 3780 2339 3833 101)
2384 3782 2463 3843 13,
2509 3782 2573 3834 18

272 3872 347 3926 22
392 3871 483 3925 101)
528 3871 609 3934 13,
649 3871 719 3924 20
824 3871 894 3924 24
933 3870 1029 3925 101)
1072 3872 1154 3931 13,
1195 3873 1256 3924 21
1373 3872 1442 3925 25
1479 3872 1576 3925 Iob
1621 3871 1702 3933 13,
1742 3872 1806 3925 21
1921 3872 1988 3924 26
2026 3869 2124 3923 101)
2169 3870 2249 3935 13,
2290 3871 2357 3923 23

349 4047 382 4100 3
424 4045 565 4099 enim
603 4061 706 4101 om.
750 4045 801 4099 G
918 4046 952 4098 4
992 4045 1444 4115 obiurgationem]
1485 4046 1908 4099 coniurationem
1952 4044 2002 4099 G
2123 4046 2153 4097 7
2193 4049 2250 4099 et
2285 4062 2391 4099 non
2430 4045 2572 4099 indi-

274 4133 420 4203 care]
462 4137 517 4187 et
555 4149 663 4186 non
699 4149 946 4203 peccare:
986 4133 1224 4187 iudicate
1264 4134 1393 4203 quia
1427 4134 1611 4207 eqq4b
1695 4134 1727 4187 8
1766 4133 1978 4186 facietis
2025 4133 2251 4186 TPde
2325 4135 2383 4186 11
2428 4133 2575 4201 quod

274 4223 383 4278 etsi
423 4222 455 4276 b
542 4222 606 4275 13
646 4221 827 4274 saltim
863 4222 919 4274 P
1001 4223 1068 4275 14
1106 4238 1289 4275 carnes
1326 4239 1472 4276 meas
1511 4221 1698 4276 SHier
1792 4222 1856 4276 18
1895 4221 1986 4290 qui
2026 4222 2103 4289 et]
2141 4221 2269 4289 quia.
2306 4225 2363 4275 et
2387 4221 2576 4275 SHier

276 4313 347 4366 19
387 4314 569 4364 tamen
606 4310 1091 4385 loquar—arguam
1128 4328 1213 4363 me
1244 4316 1374 4379 post
1410 4315 1634 4380 peccata
1677 4327 1799 4363 mea
1843 4310 1905 4363 in
1951 4326 2115 4363 uersu
2161 4310 2231 4363 20
2274 4316 2576 4378 sequuntur

271 4402 340 4456 in
382 4398 599 4454 GTPC
701 4399 771 4453 20
810 4401 934 4469 ego]
977 4400 1116 4452 enirn
1166 4400 1352 4453 TPcb
1461 4400 1531 4452 26
1571 4398 1717 4467 quod
1759 4399 1808 4453 G
1953 4399 2041 4452 hic
2084 4399 2133 4454 G
