3076 4976
258 1170 286 1207 5

230 1702 290 1739 10

231 2234 291 2273 15

222 3302 288 3342 25

755 520 1233 587 Quaestionum
1272 519 1385 573 lib.
1423 519 1450 572 Ι
1491 517 1776 587 (Quaest.
1819 517 1892 572 de
1933 517 2216 583 Genesi).
2590 523 2627 583 5

424 718 541 782 III.
608 718 776 781 Item
843 715 1165 799 quaeritur
1228 714 1761 797 quemadmodum
1826 713 2148 795 potuerint
2213 713 2418 796 angeli
2485 732 2630 777 cum

327 824 593 888 filiabus
649 823 981 888 hominum
1040 822 1476 895 concumbere,
1535 821 1702 885 unde
1761 821 2052 904 gigantes
2112 820 2242 883 nati
2301 838 2439 883 esse
2495 839 2631 902 per·

332 931 675 1005 hibentur;
744 928 1038 1012 quamuis
1104 928 1390 993 nonnulli
1454 931 1520 992 et
1583 927 1765 991 latini
1814 929 1879 989 et
1924 926 2134 1008 graeci
2199 926 2450 990 codices
2505 944 2627 989 11011

333 1038 605 1121 angelos
670 1036 943 1101 habeant
1008 1035 1119 1099 sed
1183 1035 1347 1098 filios
1415 1034 1536 1098 dei.
1603 1052 1762 1116 quos
1822 1032 2077 1116 quidam
2136 1033 2214 1096 ad
2261 1032 2632 1098 soluendam

328 1144 530 1208 istam
608 1144 1045 1226 quaestionem
1118 1142 1326 1207 iustos
1403 1141 1691 1206 homines
1766 1142 1966 1206 fuisse
2042 1141 2457 1215 crediderunt,
2523 1138 2632 1221 qni

331 1252 687 1333 potuerunt
724 1249 916 1313 etiam
956 1249 1324 1331 angelorum
1362 1247 1615 1312 nomine
1652 1248 2019 1329 nuncupari.
2070 1268 2214 1311 nam
2254 1248 2329 1311 de
2378 1246 2631 1310 homine

331 1356 619 1419 Iohanne
667 1355 980 1437 scriptum
1020 1358 1154 1419 est:
1205 1373 1388 1418 ecee
1434 1354 1675 1417 mitto
1725 1355 2098 1437 angelum
2145 1374 2397 1418 meum
2449 1356 2631 1417 ante

334 1462 633 1526 faciem
704 1465 940 1538 tuam,
991 1461 1123 1543 qui
1191 1461 1722 1543 praeparabit
1783 1461 1996 1525 uiam
2061 1466 2301 1525 tuam.
2351 1460 2463 1525 sed
2511 1461 2631 1524 hoc

333 1573 582 1646 mouet,
622 1568 937 1650 quomodo
977 1569 1079 1632 1191
1122 1587 1191 1631 ex
1231 1568 1559 1632 hominum
1607 1568 1948 1633 concubitu
1998 1569 2129 1632 nati
2176 1568 2304 1632 sint
2340 1568 2632 1652 gigantes

335 1676 450 1738 uel
500 1675 750 1739 feminis
800 1675 1063 1739 miscere
1115 1694 1181 1739 se
1229 1674 1573 1756 potuerint,
1624 1675 1678 1739 si
1726 1694 1848 1740 non
1911 1676 2197 1739 homines
2265 1675 2376 1739 sed
2424 1673 2632 1758 angeli

334 1783 619 1847 fuerunt.
691 1782 803 1846 sed
870 1782 944 1846 de
1010 1781 1401 1865 gigantibuS,
1449 1782 1513 1844 id
1565 1786 1662 1845 est
1726 1781 1992 1846 nimium
2053 1782 2396 1866 grandibus
2445 1784 2633 1864 atque

335 1887 635 1965 fortibu3‚
685 1890 837 1970 puto
894 1908 1016 1952 non
1074 1907 1213 1952 esse
1270 1888 1645 1965 mirandum,
1696 1888 1866 1970 quod
1924 1907 1996 1952 911
2050 1888 2412 1953 hominibus
2459 1889 2636 1953 nasci

333 1997 710 2076 potuerunt,
743 1995 891 2077 quia
919 1998 983 2059 et
1009 1999 1158 2076 post
1189 1995 1504 2058 diluuium
1537 1995 1792 2077 quidam
1822 1996 1982 2059 tales
2013 1995 2211 2060 fuisse
2239 1995 2636 2079 reperiuntur

336 2105 415 2164 et
459 2102 765 2183 quaedam
816 2121 1071 2184 corpora
1118 2102 1442 2166 hominum
1483 2103 1546 2166 in
1587 2102 2019 2167 incredibilem
2057 2103 2318 2168 modum
2357 2103 2637 2187 ingentia

335 2207 580 2271 nostris
655 2228 905 2291 quoque
979 2208 1373 2291 temporibus
1450 2209 1795 2273 extiterunt
1866 2229 1986 2274 non
2063 2211 2270 2274 solum
2354 2210 2635 2273 uirorum

337 2333 568 2378 uerum
620 2315 812 2379 etiam
855 2315 1251 2382 feminarum.
1301 2315 1467 2379 unde
1523 2316 1885 2380 credibilius
1945 2320 2041 2380 est
2095 2317 2382 2380 homines
2429 2316 2634 2380 iustos

337 2421 698 2504 appellatos
764 2420 870 2486 uel
935 2422 1195 2506 angelos
1259 2423 1367 2486 uel
1432 2422 1598 2487 filios
1666 2423 1766 2486 dei
1842 2422 2355 2507 concupiscentia
2420 2423 2634 2506 lapsos

334 2539 644 2611 peccasse
711 2548 853 2593 cum
918 2529 1171 2594 feminis
1239 2549 1427 2612 quam
1494 2531 1754 2612 angelos
1831 2550 2076 2595 carnem
2144 2550 2263 2595 non
2330 2530 2635 2594 habentes

332 2654 548 2716 usque
612 2635 689 2699 ad
751 2635 913 2699 illud
976 2639 1309 2718 peccatum
1377 2637 1755 2700 descendere
1816 2638 2142 2718 potuisse3
2210 2637 2503 2719 quamuis
2559 2636 2635 2700 de

336 2741 729 2823 quibusdam
778 2741 1210 2818 daemonibuS,
1262 2743 1371 2824 qui
1418 2742 1547 2806 sint
1591 2743 1839 2824 inprobi
1887 2743 2283 2820 mulieribus,
2332 2761 2368 2806 a
2412 2742 2634 2806 multis

334 2854 476 2912 tam
542 2851 748 2911 multa
812 2848 1123 2926 dicantur,
1191 2852 1267 2913 ut
1327 2868 1447 2914 non
1515 2849 1700 2914 facile
1751 2849 1834 2913 sit
1884 2850 1958 2912 de
2011 2851 2125 2913 hac
2171 2869 2237 2913 re
2287 2848 2636 2913 definienda

334 2955 681 3019 sententia.

438 3062 579 3125 IIII.
650 3062 743 3125 De
809 3080 953 3126 arca
1012 3062 1146 3126 Noe
1213 3062 1427 3143 quaeri
1494 3063 1676 3152 solet,
1743 3065 1960 3126 utrum
2036 3065 2210 3126 tanta
2288 3062 2635 3144 capacitate

335 3171 581 3250 quanta
637 3168 1020 3233 describitur
1074 3168 1371 3232 animalia
1428 3170 1639 3233 omnia
1694 3189 1852 3251 quae
1908 3171 1970 3232 in
2030 3189 2165 3232 eam
2214 3169 2501 3253 ingressa
2549 3167 2638 3230 di-

336 3278 578 3339 cuntur
615 3278 681 3339 et
719 3294 894 3340 escas
934 3295 1149 3340 eorum
1189 3276 1347 3339 ferre
1385 3276 1681 3358 potuerit.
1723 3296 1911 3359 quarn
1952 3277 2389 3359 quaestionem
2421 3275 2634 3340 cubito

334 3383 735 3466 geometrico
803 3381 1002 3446 soluit
1063 3380 1368 3465 Origenes
1428 3382 1725 3447 adserens
1781 3403 1902 3447 non
1965 3384 2198 3447 frustra
2258 3383 2636 3464 scripturam

334 3487 600 3566 dixisse,
670 3488 839 3569 quod
904 3488 1227 3572 Moyses
1295 3489 1504 3553 omni
1573 3489 1985 3571 sapientia
2047 3490 2637 3574 Aegyptiorum

332 3594 539 3658 fuerit
586 3593 983 3672 eruditus,
1035 3595 1142 3675 qui
1190 3595 1640 3678 geometricam
1681 3595 2047 3661 dilexerunt.
2098 3596 2386 3662 cubitum
2424 3599 2636 3660 autem

528 3838 552 3890 1
595 3837 661 3890 cf.
701 3837 836 3891 Gen.
875 3838 927 3901 6,
967 3839 999 3890 4
1124 3840 1154 3890 7
1192 3838 1389 3893 Matth.
1435 3838 1516 3902 10,
1560 3840 1654 3902 11;
1703 3838 1830 3891 Mal.
1870 3839 1920 3896 3.
1956 3839 1981 3891 1
2128 3841 2191 3893 17
2233 3838 2298 3893 cf.
2339 3839 2473 3893 Gen.
2513 3841 2565 3905 6,
2604 3843 2637 3894 2

330 3928 413 3983 23
452 3926 521 3979 cf.
560 3924 695 3980 Gen.
724 3928 774 3990 6,
806 3928 871 3981 15
981 3927 1049 3979 26
1089 3926 1246 3982 Hom.
1285 3927 1317 3979 2
1359 3927 1412 3979 in
1452 3926 1587 3982 Gen.
1699 3929 1765 3981 27
1806 3929 1874 3981 cf.
1914 3931 2052 3982 Acta
2091 3929 2141 3990 7,
2181 3928 2248 3981 22

415 4078 446 4129 7
482 4075 748 4130 iohannes
773 4075 837 4130 N
976 4093 1076 4145 ego
1115 4077 1274 4130 mitto
1305 4076 1379 4130 bd
1478 4078 1509 4130 8
1549 4080 1861 4147 preparauit
1889 4078 2113 4133 0PS¹T
2204 4081 2237 4132 9
2277 4081 2405 4132 sunt
2433 4079 2549 4132 ΡΝ
2554 4079 2640 4133 Td

331 4167 411 4221 10
448 4166 660 4220 misceri
701 4165 872 4234 S'Euq
988 4183 1045 4219 se
1083 4182 1183 4220 om.
1232 4165 1517 4236 ONTEmJ
1636 4172 1930 4238 potuerunt
1975 4168 2201 4222 012de
2308 4169 2541 4222 hominis
2578 4168 2645 4222 N

333 4256 410 4310 13
448 4257 733 4325 potuerint
769 4255 829 4307 N
967 4256 1033 4308 14
1070 4256 1147 4324 in]
1186 4255 1254 4309 ad
1294 4257 1324 4309 b
1465 4258 1531 4310 15
1572 4274 1789 4327 quoque
1829 4273 1930 4310 om.
1978 4257 2025 4310 0
2153 4259 2215 4311 18
2256 4257 2435 4327 quam]
2478 4265 2539 4309 cu
2577 4256 2644 4310 N

331 4347 410 4399 19
448 4343 604 4398 illum
639 4343 707 4397 N
791 4344 860 4396 20
899 4347 1027 4397 sunt
1072 4345 1153 4398 Tb
1245 4346 1315 4398 24
1354 4363 1417 4398 ea
1454 4346 1568 4399 PT
1653 4348 1720 4399 26
1759 4347 2025 4415 scriptura
2060 4346 2128 4400 N
2212 4347 2280 4400 28
2319 4346 2567 4400 dilexerit
2596 4345 2642 4398 S

327 4433 631 4487 dilexerint
666 4432 735 4486 N
872 4438 1051 4487 autem
1090 4450 1192 4488 om.
1239 4434 1289 4487 T
