3076 4976
1300 519 1738 571 PraefatiO.
2485 518 2668 583 VIIII

373 719 533 784 Gen.
585 722 691 794 35,
744 720 829 782 26
878 718 1047 802 (pag.
1100 720 1205 794 58,
1259 718 1366 801 10)
1415 718 1705 782 offertur:
1773 715 1877 797 „lei
1921 720 2068 779 sunt
2112 714 2234 794 filii
2277 711 2523 775 Israhel
2564 712 2677 791 qui

363 828 506 890 nati
562 830 708 889 sunt
765 826 821 887 ci
881 826 945 888 in.
1004 824 1543 905 filosopotaoetee’a“;
1607 823 1777 887 idem
1832 822 2013 887 locus
2075 841 2219 906 pag.
2281 822 2384 895 59,
2447 822 2526 883 16
2583 819 2674 882 ita

362 936 646 1015 prostat:
706 932 773 995 1ιὶ
828 936 974 993 sunt
1028 930 1146 1011 filii
1194 930 1377 993 Iacob
1436 930 1544 1014 qui
1582 930 1751 1012 faeti
1803 933 1950 993 sunt
1999 931 2054 992 cz?
2101 931 2166 992 in·
2219 927 2676 1008 Blesopotamia

368 1038 619 1120 Syriae.
669 1039 825 1102 haec
876 1041 1157 1102 locorum
1208 1038 1485 1101 uarietas
1536 1037 1831 1118 explicari
1878 1057 1998 1102 non
2051 1039 2265 1119 potest
2309 1035 2430 1099 nisi
2471 1033 2676 1115 suspi-

365 1165 587 1210 camur
630 1145 981 1229 Augustini
1030 1144 1345 1208 notarium
1394 1144 1743 1227 scripturas
1794 1164 1826 1207 e
1876 1144 2090 1207 codice
2139 1141 2673 1224 transscripsisse.

365 1252 476 1333 qui
527 1251 847 1315 uariantes
897 1251 1205 1315 lectiones
1266 1270 1422 1333 quas
1483 1250 1756 1314 dicimus
1812 1270 1960 1331 prae
2019 1269 2088 1313 se
2145 1249 2406 1313 ferebat.
2481 1247 2672 1310 talem

366 1358 653 1423 codicem
723 1378 790 1421 se
859 1358 936 1421 ad
1003 1356 1293 1421 Psalmos
1362 1357 1765 1440 explicandos
1836 1356 2206 1420 adhibuisse
2270 1355 2675 1437 Augustinus

369 1467 511 1548 ipse
552 1468 860 1534 testatur:
914 1464 1135 1527 scribit
1183 1465 1349 1528 enim
1400 1464 1478 1527 ad
1524 1484 1621 1546 ps.
1675 1466 1799 1528 105
1839 1469 1886 1529 t.
1929 1465 2010 1527 37
2052 1483 2195 1547 pag.
2241 1465 2438 1527 1410:
2488 1462 2682 1523 codrus·

366 1592 550 1653 quem
600 1571 883 1633 intuebar
928 1572 1018 1633 sic
1063 1570 1321 1634 habebat
1369 1575 1423 1633 ct
1467 1570 1645 1634 stella
1669 1572 1893 1652 ²fuerat
1927 1574 2319 1650 praenotata.
2381 1569 2485 1633 cui
2536 1588 2673 1632 seu-

364 1678 607 1741 tentiae
659 1697 730 1742 ea
779 1697 937 1758 quae
984 1678 1046 1741 in
1097 1678 1302 1740 fronte
1350 1677 1540 1758 posui
1589 1697 1709 1741 non
1761 1678 2012 1741 obstare
2071 1678 2132 1740 in
2191 1675 2672 1759 quaestionibus

361 1784 440 1847 de
485 1784 642 1850 Gen.
683 1784 934 1848 LXXX.
984 1784 1297 1847 LXXXII.
1346 1783 1491 1848 XCI
1540 1784 1680 1847 aliis
1732 1803 1892 1867 quae
1941 1784 2015 1847 de
2064 1783 2390 1847 codicibus
2437 1801 2673 1846 memo-

358 1895 582 1954 rantur
644 1891 902 1963 docent;
974 1891 1051 1955 cf.
1119 1890 1311 1953 etiam
1377 1896 1620 1972 quaest.
1688 1890 1763 1954 de
1824 1890 1977 1954 Gen.
2049 1889 2228 1953 CLV.
2299 1888 2670 1953 CLXVIIII.

360 2016 524 2079 quae
585 1996 639 2059 si
694 1996 786 2059 ita
845 1999 1014 2069 sunt,
1074 1995 1261 2059 facile
1318 1996 1719 2079 intellegitur
1776 1997 1882 2079 qui
1939 1996 2223 2059 accidere
2271 1996 2551 2077 potuerit
2599 1998 2672 2059 ut

357 2103 529 2167 idem
578 2104 761 2167 locus
802 2102 1058 2184 saepius
1098 2102 1159 2165 in
1204 2100 1425 2165 eadem
1467 2102 1883 2185 explicatione
1926 2122 2069 2167 cum
2113 2102 2327 2184 aliqua
2365 2103 2673 2166 uarietate

360 2213 689 2292 repet-atur
736 2209 919 2273 uelut
965 2229 1111 2293 pag.
1166 2210 1311 2281 109,
1362 2211 1435 2281 4;
1487 2211 1638 2287 359,
1692 2211 1807 2283 18;
1859 2211 2009 2283 384,
2064 2212 2092 2273 1
2150 2210 2230 2274 al.

454 2316 747 2381 Ceterum
798 2318 871 2379 ut
916 2316 1261 2399 Augustini
1313 2316 1511 2380 oratio
1564 2337 1633 2380 ex
1683 2317 2009 2381 codicibus
2059 2315 2303 2399 graecis
2354 2315 2673 2379 emendari

356 2427 600 2506 potest,
648 2423 740 2486 ita
802 2423 1044 2506 graecis
1103 2422 1318 2486 uerbis
1377 2424 1595 2487 latinis
1651 2424 1899 2488 medela
1966 2424 2241 2487 affertur.
2318 2423 2470 2486 Leu.
2522 2426 2582 2499 5,
2632 2424 2672 2485 4

354 2536 419 2594 et
461 2531 629 2612 apud
655 2529 1068 2594 Tischendorf
1100 2536 1162 2594 et
1194 2530 1361 2611 apud
1383 2531 1667 2614 Lagarde
1696 2532 1962 2615 legitur:
2002 2526 2039 2615 ἡ
2075 2531 2239 2616 ψυχὴ
2271 2527 2310 2616 ἡ
2342 2529 2570 2617 ἄνομος
2597 2527 2668 2616 ἦ·

350 2635 553 2700 miror
614 2636 963 2701 secundum
1012 2636 1363 2719 Augustini
1422 2637 1618 2700 uerba
1680 2657 1823 2721 pag.
1877 2638 2026 2712 234,
2083 2639 2160 2700 12
2222 2640 2440 2700 anima
2487 2658 2674 2716 quae-

358 2764 622 2823 cumquc
676 2744 990 2806 iurauerit
1044 2763 1166 2808 non
1224 2745 1633 2808 restitutum:
1681 2741 1718 2830 ἡ
1771 2746 1933 2830 ψυχὴ
1995 2745 2032 2829 ἢ
2093 2743 2163 2806 ἂν
2223 2742 2445 2829 ὀμόσῃ.

445 2851 623 2913 Haec
654 2849 977 2931 praemisi,
1003 2853 1076 2912 ut
1102 2850 1451 2933 legentium
1486 2850 1728 2914 animos
1759 2851 1820 2914 in
1855 2869 2122 2932 quorum
2155 2870 2378 2914 manus
2411 2850 2669 2914 libellus

352 2956 751 3020 deuenturus
803 2961 903 3019 est
950 2956 1364 3019 aduerterem.
1443 2960 1658 3020 utrum
1720 2977 1937 3022 omnes
2008 2957 2185 3020 locos
2244 2957 2351 3037 qui
2421 2956 2672 3019 medela

354 3083 548 3147 egere
597 3063 755 3126 mihi
806 3062 1186 3126 uidebantur
1234 3063 1445 3126 dextre
1492 3064 1883 3128 restituerim
1932 3082 2128 3127 necne
2183 3083 2373 3145 penes
2429 3063 2671 3144 peritos

350 3170 586 3234 harum
634 3188 845 3233 rerum
896 3169 1361 3234 existimatores
1412 3170 1722 3234 iudicium
1773 3174 1904 3246 est;
1966 3189 2072 3234 eos
2139 3169 2306 3233 enim
2364 3169 2472 3249 qui
2530 3189 2669 3233 cen-

353 3296 579 3341 suram
624 3276 773 3339 libri
823 3276 1171 3340 scribentes
1230 3276 1389 3339 nihil
1437 3276 1611 3340 aliud
1659 3277 1783 3340 nisi
1829 3295 1950 3341 non
1996 3277 2244 3359 placere
2294 3276 2415 3340 sibi
2463 3277 2671 3360 magis

353 3383 741 3466 adroganter
788 3403 979 3465 quam
1026 3383 1340 3446 ueraciter
1386 3383 1606 3447 dicunt
1644 3384 1803 3447 nihil
1843 3403 2012 3449 curo,
2062 3384 2174 3448 sed
2215 3385 2368 3447 haec
2409 3382 2665 3464 quidem

349 3491 692 3555 hactenus.
762 3490 884 3553 iam
937 3490 1185 3553 codices
1237 3489 1589 3554 describere
1638 3510 2069 3573 properemus.

1492 3700 1541 3762 I.

534 3839 1151 3921 QVAESTIONVM
1199 3841 1291 3905 IN
1336 3842 2034 3908 HEPTATEVCHVM
2081 3843 2311 3907 LIBRI
2360 3843 2499 3907 VII.

450 3998 660 4064 Codex
690 3998 1075 4064 Corbez'ensis
1106 4021 1269 4065 nunc
1296 4000 1642 4064 Parisinus
1674 4005 1889 4067 12168
1913 4003 2435 4066 membranaceus
2465 4002 2667 4067 forma
2689 4010 2739 4076 C

351 4126 593 4191 magna
638 4107 747 4170 fol.
793 4107 917 4171 179
960 4108 1212 4172 saeculo
1256 4107 1687 4173 VIII—VIIII
1733 4110 1967 4174 litteris
2016 4110 2233 4174 nitidis
2280 4109 2661 4174 initialibus-

354 4233 483 4295 que
560 4214 1031 4294 pulcherrimus
1109 4218 1396 4279 exaratus
1471 4219 1723 4297 praeter
1797 4220 2099 4298 quattuor
2161 4217 2399 4299 priores
2465 4217 2663 4279 libros

351 4320 788 4385 Locutionum
821 4321 884 4384 in
909 4321 1421 4402 Heptateuchum
1455 4322 1560 4406 (cf.
1584 4323 1710 4388 uol.
1729 4323 2001 4386 XXVIII
2031 4343 2176 4406 pars
2201 4327 2237 4387 2
2260 4342 2402 4406 pag.
2421 4323 2660 4406 XVIII)

354 4428 807 4509 quaestionum
849 4426 912 4489 in
952 4427 1470 4510 Heptateuchum
1506 4429 1705 4494 libros
1747 4433 2047 4512 quattuor
2082 4430 2322 4512 priores
2362 4429 2661 4492 continet.
