3076 4976
475 504 601 567 556
1177 500 1231 553 S.
1288 499 1564 553 Aureli
1619 498 2058 569 Augustini

472 696 978 778 inculpabilis
1046 665 1554 759 subsannauit
1622 714 1781 760 eos:
1846 695 2076 776 inpios
2147 696 2307 759 esto
2375 694 2639 768 durus,
2705 694 2764 757 si

475 803 979 867 sustinueris:
1040 802 1307 883 patiam,
1355 803 1474 865 hoc
1525 806 1626 866 est
1673 801 1846 868 dura.
1897 802 2163 883 procul
2211 800 2449 866 facies
2499 800 2764 883 iniqui·

472 914 704 974 tatem
754 928 789 971 a
834 909 1330 973 tabernaculo
1380 913 1545 972 tuo:
1588 908 2133 972 conuersationem
2172 908 2278 973 uel
2316 907 2520 971 uitam
2556 911 2763 984 tuam;

474 1015 773 1099 quamuis
824 1016 978 1079 haec
1028 1015 1138 1078 isti
1190 1016 1525 1079 carnaliter
1573 1014 1804 1079 dicant.
1854 1017 1925 1079 et
1989 1034 2220 1097 pones
2287 1014 2481 1078 illud
2547 1032 2769 1096 super

472 1142 810 1207 aggerem
884 1123 953 1185 in
1029 1126 1335 1204 petram.
1415 1121 1720 1185 aduersus
1797 1121 1863 1184 id
1948 1120 2116 1202 quod
2201 1121 2390 1185 dixit:
2475 1121 2764 1184 flumen
2823 1140 2849 1179 ⁵

473 1229 880 1293 decurrens
928 1228 1433 1293 fundamenta
1481 1247 1763 1294 eorum.
1814 1229 1988 1310 quia
2033 1228 2483 1292 humiliauit
2530 1229 2767 1292 semet

471 1336 753 1419 ipsum:
795 1336 1003 1417 ipsum
1042 1335 1282 1399 lumen.
1322 1338 1394 1399 et
1441 1334 1680 1399 dices:
1733 1335 1977 1399 elatus
2028 1339 2144 1399 est
2188 1334 2258 1398 in
2300 1333 2763 1415 superbiam:

474 1443 784 1507 aduersus
834 1442 1167 1522 superbos.
1218 1460 1389 1504 erue
1440 1442 1945 1518 innocentem,
1995 1447 2070 1506 et
2118 1440 2542 1506 saluaberis
2607 1441 2764 1512 <in>

470 1548 847 1613 munditia
893 1567 1237 1612 manuum
1278 1551 1608 1613 tuarum:
1650 1549 1780 1613 noli
1820 1548 2080 1613 deficere
2120 1549 2184 1612 in
2221 1548 2405 1613 bonis
2445 1547 2765 1630 operibu8‚

471 1656 620 1738 quia
667 1659 845 1719 curat
891 1654 1047 1719 deus
1096 1655 1385 1720 humana.
2802 1677 2854 1716 ιο

566 1763 803 1826 ΧΧΙΙΙ.
872 1761 1079 1826 Verba
1124 1761 1258 1825 Iob.
1320 1764 1393 1825 et
1441 1762 1736 1844 quidem
1788 1764 1943 1827 scio
1992 1762 2166 1845 quia
2213 1763 2297 1826 de
2346 1781 2561 1826 manu
2608 1781 2768 1826 mea

473 1873 591 1934 est
646 1869 1103 1951 increpatio:
1164 1868 1239 1932 de
1286 1869 1566 1952 peccatis
1616 1870 1796 1935 meis,
1878 1878 1950 1933 et
1996 1889 2256 1933 manus
2305 1887 2462 1933 mea
2507 1869 2765 1952 grauis

469 1977 672 2040 facta
721 1980 837 2040 est
884 1995 1110 2058 super
1158 1976 1519 2058 gemitum
1567 1995 1834 2040 meum:
1892 1976 2034 2041 ideo
2092 1996 2193 2041 me
2248 1976 2646 2058 percussisti,
2693 1979 2770 2040 ut

471 2081 739 2147 doleam.
816 2085 891 2146 et
944 2082 1204 2145 uenire
1262 2102 1500 2163 usque
1567 2082 1653 2146 ad
1720 2084 1997 2147 solium
2063 2083 2268 2148 eius?
2325 2087 2399 2147 ut
2454 2083 2577 2147 sim
2633 2087 2767 2147 tam

471 2193 748 2263 sanctus,
809 2192 882 2252 ut
935 2189 1298 2271 pei-ueniam
1359 2189 1437 2252 ad
1494 2208 1712 2253 eorum
1777 2209 2131 2266 numerum,
2199 2191 2310 2271 qui
2374 2189 2559 2253 sedes
2626 2190 2766 2252 eius
2806 2211 2857 2250 ιε

471 2298 641 2359 sunt.
698 2300 849 2359 tunc
898 2296 1065 2359 enim
1113 2315 1376 2377 possum
1423 2296 1631 2360 dicere
1679 2316 1830 2360 uera
1877 2299 1942 2361 et
1987 2297 2233 2362 audire:
2283 2295 2446 2361 unde
2494 2298 2559 2359 et
2606 2296 2765 2360 caeli

469 2400 764 2464 dicuntur
793 2402 1014 2466 sancti.
1056 2407 1132 2465 et
1172 2421 1621 2486 cognoscam
1662 2403 2145 2468 causationes
2185 2423 2367 2485 quas
2408 2404 2768 2485 loquetur

466 2508 676 2572 mihi:
737 2508 1123 2573 redditiones
1174 2528 1529 2585 causarum,
1582 2510 1814 2592 quibus
1873 2531 1941 2574 se
2000 2511 2211 2575 omnia.
2267 2513 2433 2575 iuste
2482 2509 2766 2575 iudicare

466 2614 879 2679 demonstrat.
942 2617 1016 2678 et
1062 2615 1385 2680 sentiam
1435 2636 1623 2698 quae
1672 2617 2077 2680 adnuntiat
2122 2617 2336 2681 mihi:
2385 2617 2512 2680 iam
2559 2618 2765 2700 proxi-

464 2740 608 2784 mus
657 2721 735 2784 ei.
814 2739 898 2782 an
947 2722 1019 2784 in
1068 2722 1309 2785 multa
1354 2723 1646 2787 uirtute
1696 2723 2250 2810 diiudicabitur
2305 2727 2636 2787 mecum?
2683 2726 2760 2788 ut
2800 2745 2853 2785 zo

463 2846 575 2909 per
604 2826 951 2909 potentiam
980 2827 1241 2892 resistat
1269 2829 1445 2893 mihi.
1496 2849 1987 2912 nequaquam.
2028 2834 2319 2895 tantum
2358 2831 2428 2895 in
2469 2835 2764 2895 terrore

466 2951 603 2997 non
664 2934 1028 2998 abutatur
1084 2954 1220 2998 me:
1289 2940 1546 3018 propter
1599 2939 1860 3018 peccata
1915 2957 2072 3014 mea,
2120 2956 2231 3019 pro
2282 2938 2514 3020 quibus
2562 2938 2762 3002 timeo

465 3039 674 3117 modo,
726 3059 869 3104 cum
921 3060 1063 3105 sum
1111 3041 1172 3104 in
1222 3045 1476 3118 terrore,
1527 3063 1649 3108 non
1695 3044 1993 3109 abutatur
2036 3064 2157 3109 me.
2216 3049 2545 3109 ceterum
2594 3064 2762 3109 cum

464 3145 552 3209 ad
620 3165 781 3210 eum
846 3166 1149 3212 uenero:
1217 3149 1279 3211 in
1345 3149 1457 3212 illa
1521 3150 1845 3226 libertate,
1922 3171 2046 3233 qua
2113 3171 2229 3235 ego
2302 3152 2765 3217 adnumerabor

465 3252 624 3316 solio
694 3253 851 3329 eius,
921 3256 1133 3318 omnia
1200 3256 1420 3321 amabo
1480 3260 1546 3320 et
1600 3277 1720 3321 nou
1780 3259 1936 3323 mihi
1991 3260 2247 3323 resistet
2313 3259 2520 3324 uirtus
2587 3260 2757 3332 eius:
2798 3276 2851 3316 2⁵

466 3359 760 3438 quamuis
828 3360 1017 3424 modo
1084 3363 1291 3443 possit
1354 3381 1454 3426 me
1522 3363 1722 3440 abuti,
1789 3369 2013 3446 utpote
2079 3370 2429 3448 peccatore.
2505 3366 2572 3430 id
2626 3368 2758 3430 est:

462 3463 657 3527 faciat
705 3465 780 3529 de
829 3486 929 3531 me
979 3468 1146 3549 quod
1193 3470 1357 3545 uult,
1408 3469 1596 3533 etiam
1650 3489 1793 3534 cum
1840 3491 2040 3554 poena
2088 3491 2246 3543 mea,
2305 3473 2474 3537 iuste
2521 3477 2758 3538 tamen.

640 3658 663 3709 1
706 3657 803 3710 Iob
845 3658 929 3718 22,
970 3659 1035 3711 21
1222 3659 1253 3711 2
1290 3658 1388 3711 Iob
1427 3661 1512 3721 22,
1554 3661 1622 3713 23
1801 3662 1836 3714 4
1874 3660 1971 3714 Iob
2011 3664 2096 3720 22.
2137 3664 2204 3715 ‘24
2351 3664 2383 3717 5
2422 3663 2518 3717 Iob
2559 3663 2646 3725 22.
2688 3664 2757 3717 16

458 3744 507 3797 6.
549 3746 578 3797 7
617 3744 712 3797 Iob
752 3746 837 3807 22,
879 3748 946 3799 29
1057 3748 1089 3800 8
1128 3747 1224 3800 Iob
1266 3749 1349 3809 22,
1390 3749 1458 3802 30
1573 3750 1631 3802 11
1674 3748 1771 3802 Iob
1812 3751 1897 3806 23.
1938 3752 1971 3803 2
2056 3752 2121 3805 12
2161 3750 2255 3804 lob
2296 3753 2383 3816 23,
2423 3754 2453 3805 2
2551 3753 2615 3805 14
2652 3752 2754 3804 Iob

390 3880 396 3888 .
458 3833 541 3893 23,
582 3832 613 3885 3
729 3835 791 3886 17
830 3832 926 3887 Iob
966 3835 1053 3898 23,
1093 3837 1125 3889 5
1239 3838 1303 3890 19
1342 3837 1439 3889 Iob
1481 3838 1566 3901 23,
1606 3840 1638 3892 5
1749 3838 1818 3892 20
1855 3839 1952 3891 Iob
1992 3840 2077 3902 23,
2116 3841 2150 3893 6
2259 3841 2344 3893 21.
2376 3840 2569 3894 2310b
2602 3840 2690 3897 23,
2719 3842 2756 3893 6

529 3955 554 4007 1
598 3953 955 4009 subsannabit
986 3957 1413 4012 GTPdeHier
1485 3961 1517 4014 3
1560 3977 1592 4013 a
1628 3977 1730 4014 om.
1761 3960 1808 4015 S
1875 3964 1909 4015 4
1947 3961 2049 4015 hoc
2084 3965 2130 4017 C
2233 3980 2438 4033 ponens
2464 3962 2758 4017 GTPde

455 4044 485 4096 7
527 4043 699 4111 ipsum
739 4044 838 4098 alt.
876 4061 976 4098 om.
1023 4045 1070 4099 0
1175 4050 1230 4100 et
1265 4063 1367 4102 om.
1414 4047 1462 4102 G
1566 4048 1748 4103 dicens
1780 4050 1825 4103 G
1930 4052 2034 4119 est]
2078 4068 2134 4103 es
2165 4052 2399 4107 GPGSb
2479 4053 2513 4106 8
2552 4054 2606 4105 in
2644 4069 2753 4111 om.

460 4131 746 4185 GTPde
880 4136 911 4185 9
950 4134 1219 4188 munditia
1256 4136 1299 4190 8
1450 4155 1666 4191 manum
1705 4137 1753 4193 S
1886 4141 1945 4193 11
1991 4145 2047 4193 et
2084 4140 2325 4209 quidem]
2363 4141 2612 4211 equidem
2655 4143 2761 4198 GS

459 4221 524 4273 12
562 4220 698 4290 mea]
741 4221 854 4274 eius
894 4222 1082 4276 SHier
1334 4228 1398 4280 13
1439 4227 1781 4295 percussistis
1817 4228 1873 4281 P
2108 4229 2171 4283 18
2211 4230 2429 4298 quibus]
2467 4231 2560 4299 qui
2599 4240 2664 4285 cu
2707 4233 2760 4286 0

452 4309 794 4377 amantum]
830 4314 1012 4365 tamen
1050 4313 1099 4365 T
1096 4313 1277 4367 Pobd
1385 4332 1561 4369 errore
1596 4315 1647 4369 G
1729 4318 1796 4370 22
1835 4334 1944 4370 non
1981 4334 2082 4371 om.
2122 4318 2273 4372 TPC
2343 4320 2410 4373 :23
2441 4323 2753 4374 ceterum—

455 4414 649 4451 uenero
690 4414 790 4454 om.
830 4398 1016 4454 SHier
1125 4404 1194 4455 24
1232 4420 1332 4472 ego
1373 4420 1474 4458 om.
1520 4404 1628 4458 GP
1734 4408 1802 4460 26
1840 4412 2180 4476 peccatorem
2223 4409 2274 4462 G
