3076 4976
510 463 589 525 16
1210 459 1261 510 S.
1324 456 1594 510 Aureli
1649 456 2092 525 Augustini

505 658 640 718 tero
690 652 1070 735 Hieronymo
1120 650 1475 732 expositum
1524 654 1642 727 est,
1692 669 1882 731 quare
1939 669 2060 714 non
2110 650 2195 714 sit
2241 667 2654 730 consequens,
2703 651 2805 713 ut.

510 780 655 825 cum
721 759 967 841 aliquot
1031 758 1164 822 dies
1232 756 1399 839 apud
1462 776 1678 841 regem
1732 757 2004 841 Aegypti
2065 756 2246 821 Sarra
2301 756 2542 830 fecerit,
2609 755 2809 819 etiam

510 867 646 930 eius
687 864 1026 929 concubitu
1065 864 1354 928 credatur
1392 882 1531 928 esse
1569 864 1835 946 polluta,
1885 864 2178 945 quoniam
2226 881 2363 926 mos
2405 865 2540 925 erat
2583 860 2809 945 regius

509 973 761 1037 uicibus
829 971 905 1035 ad
973 990 1039 1035 se
1107 970 1438 1035 admittere
1504 971 1804 1035 mulieres
1868 989 2015 1034 suas
2083 974 2148 1034 et
2203 969 2326 1033 nisi
2381 967 2678 1032 lomentis
2741 972 2814 1032 et

508 1078 849 1163 unguentis
899 1077 1007 1141 diu
1054 1077 1230 1159 prius
1279 1080 1572 1141 accurato
1623 1096 1881 1158 corpore
1928 1078 2102 1140 nulla
2139 1076 2413 1140 intrabat
2450 1075 2527 1139 ad
2564 1094 2808 1157 regem.
2888 1098 2919 1136 5

511 1205 668 1268 quae
735 1185 885 1249 dum
950 1186 1189 1259 fierent,
1256 1184 1549 1248 adflictus
1619 1188 1717 1248 est
1773 1184 2013 1247 Pharao
2081 1203 2271 1248 manu
2337 1183 2458 1257 dei,
2524 1186 2600 1246 ut
2661 1180 2808 1261 uiro

510 1293 869 1357 redhiberet
913 1292 1234 1368 intactam,
1285 1310 1473 1372 quam
1519 1291 1646 1373 ipsi
1687 1291 1802 1355 deo
1840 1284 2107 1356 maritus
2148 1290 2551 1354 commiserat
2586 1292 2810 1352 tacens

514 1399 683 1481 quod
720 1417 875 1463 uxor
912 1400 1099 1475 esset,
1133 1398 1244 1462 sed
1282 1418 1401 1461 non
1442 1398 1753 1464 mentiens
1793 1397 1960 1479 quod
1999 1417 2176 1462 soror
2212 1401 2400 1472 esset,
2443 1399 2517 1460 ut
2553 1400 2813 1460 caueret

514 1505 682 1588 quod
746 1508 1013 1588 poterat,
1080 1508 1388 1586 quantum
1449 1504 1640 1568 homo
1705 1506 1970 1585 poterat,
2030 1507 2093 1567 et
2157 1504 2273 1568 deo
2340 1501 2816 1567 commendaret

515 1612 683 1696 quod
741 1631 962 1676 cauere
1020 1631 1140 1675 non
1198 1613 1465 1694 poterat,
1524 1630 1622 1688 ne,
1682 1611 1737 1675 si
1794 1615 1859 1675 et
1913 1611 2026 1675 illa
2082 1630 2240 1692 quae
2289 1629 2510 1675 cauere
2558 1612 2816 1692 poterat
2865 1628 2924 1667 ιο

516 1721 631 1784 deo
679 1721 929 1784 tantum
977 1718 1342 1795 dimitteret,
1392 1737 1513 1782 non
1560 1718 1623 1781 in
1674 1718 1860 1782 deum
1901 1719 2148 1782 credere
2190 1717 2299 1781 sed
2338 1717 2526 1781 deum
2563 1720 2816 1781 tentare

513 1828 726 1911 potius
773 1827 1180 1891 inueniretur.

603 1934 867 1998 XXVII.
939 1931 1123 2010 Quod
1177 1935 1343 1996 terra
1401 1931 1819 1996 Sodomorum
1876 1936 1942 1996 et
1998 1931 2405 2010 Gomorrhae,
2471 1936 2815 2013 antequam

518 2040 851 2116 deleretur,
911 2042 1311 2120 comparatur
1364 2038 1654 2121 paradiso
1714 2038 1835 2115 dei,
1894 2057 1967 2103 eo
2026 2037 2193 2120 quod
2250 2042 2384 2103 erat
2426 2037 2693 2121 inrigua,
2745 2041 2819 2101 et

516 2150 717 2211 terrae
755 2146 1051 2230 Aegypti,
1102 2165 1290 2227 quam
1327 2145 1515 2210 Nilus
1555 2145 1807 2229 inrigat,
1849 2145 2025 2223 satis,
2065 2150 2139 2210 ut
2176 2146 2414 2228 opinor,
2455 2144 2820 2209 ostenditur
2863 2167 2924 2203 ιε

518 2253 833 2335 quomodo
880 2253 1164 2336 intellegi
1213 2253 1439 2317 debeat
1483 2254 1592 2317 ille
1638 2252 1989 2335 paradisus»,
2039 2272 2223 2334 quem
2271 2252 2586 2335 plantauit
2630 2251 2818 2327 deus,

517 2359 629 2424 ubi
686 2359 1021 2424 constituit
1072 2358 1294 2424 Adam.
1383 2360 1522 2440 quis
1582 2361 1747 2424 enim
1803 2360 1965 2424 alius
2023 2360 2428 2443 intellegatur
2480 2358 2818 2441 paradisus

524 2465 643 2544 dei,
702 2484 823 2530 non
879 2465 1089 2531 uideo,
1176 2469 1240 2530 et
1293 2466 1514 2549 utique
1576 2467 1630 2532 si
1688 2468 1939 2532 arbores
1995 2467 2352 2532 fructiferae
2406 2466 2469 2530 in
2518 2465 2816 2549 paradiso

518 2574 788 2638 uirtutes
849 2572 1040 2636 animi
1096 2573 1496 2655 accipiendae
1554 2579 1784 2651 essent,
1853 2574 2022 2638 sicut
2081 2574 2364 2637 nonnulli
2432 2573 2817 2650 existimant,
3069 2482 3075 2747 ὲ

519 2681 691 2744 nullo
744 2679 1050 2760 corporali
1097 2679 1161 2743 in
1208 2682 1374 2744 terra
1419 2681 1707 2763 paradiso
1754 2681 1925 2745 ueris
1971 2681 2290 2764 lignorum
2340 2679 2672 2764 generibus
2718 2680 2819 2743 in·
2856 2698 2921 2736 zo

522 2788 770 2862 stitutO,
818 2806 938 2850 non
988 2786 1300 2850 diceretur
1347 2786 1423 2851 de
1470 2787 1597 2851 ista
1641 2790 1837 2851 terra:
1902 2787 2123 2852 sicut
2177 2787 2612 2870 paradisus
2661 2786 2814 2850 dei.

608 2893 903 2957 XXVIII.
987 2894 1475 2977 Respiciens
1555 2895 1823 2959 oculis
1897 2896 2068 2958 tuis
2135 2895 2320 2960 uide
2387 2914 2423 2957 a
2486 2895 2665 2958 loco
2733 2893 2815 2957 in

522 3020 675 3082 quo
707 3019 912 3063 nunc
943 3004 1028 3063 tu
1059 3018 1140 3063 es
1172 2999 1263 3064 ad
1301 3000 1764 3082 aquilonem
1803 3007 1880 3066 et
1920 3003 2261 3066 africum
2302 3006 2378 3067 et
2416 3001 2818 3065 orientem

523 3109 601 3171 et
652 3126 889 3180 mare,
952 3105 1140 3188 quia
1195 3127 1495 3172 omnem
1563 3112 1860 3173 terram
1926 3127 2154 3191 quam
2220 3112 2306 3172 tu
2362 3108 2596 3172 uides
2653 3107 2820 3171 tibi

522 3212 720 3277 dabo
772 3232 933 3277 eam
975 3216 1052 3276 et
1089 3215 1377 3278 semini
1415 3218 1552 3279 tuo
1592 3215 1963 3296 usquein
2004 3216 2440 3279 saeculum.
2490 3215 2819 3297 quaeritur
2854 3228 2916 3270 25

520 3318 622 3382 hic
706 3319 1018 3400 quomodo
1100 3320 1509 3404 intellegatur
1588 3325 1836 3385 tantum
1919 3324 2119 3385 terrae
2201 3322 2587 3402 promissum
2673 3340 2817 3385 esse

520 3424 724 3489 Abrae
780 3430 846 3490 et
902 3426 1125 3491 semini
1184 3427 1341 3505 eiuS,
1399 3432 1706 3509 quantum
1762 3431 2009 3512 poterat
2064 3429 2265 3493 oculis
2332 3428 2818 3510 circumspicere

703 3617 726 3668 1
772 3619 981 3686 quaest.
1020 3616 1076 3669 in
1116 3616 1369 3671 Genesim
1406 3618 1640 3672 XXVIII
1677 3636 1801 3688 pag.
1841 3619 1948 3673 324
2120 3619 2153 3672 6
2193 3619 2258 3673 cf.
2302 3618 2433 3672 Gen.
2477 3619 2562 3682 12,
2605 3619 2821 3673 17—20

528 3704 591 3757 10
632 3703 697 3756 cf.
737 3720 780 3756 c.
821 3704 1047 3758 Secund.
1090 3722 1130 3757 c.
1174 3707 1241 3760 23
1279 3724 1330 3775 p.
1371 3708 1495 3772 941,
1538 3709 1603 3761 15
1630 3725 1746 3778 sqq.
1899 3709 1962 3762 13
1995 3707 2060 3761 cf.
2092 3706 2224 3762 Gen.
2256 3709 2338 3771 13,
2371 3708 2436 3761 10
2580 3709 2652 3762 22
2680 3706 2818 3762 Gen.

526 3792 610 3855 13,
652 3794 733 3847 14.
776 3793 841 3847 15

598 3918 622 3970 1
665 3918 964 3971 hieronimo
1010 3917 1210 3973 CPST
1241 3919 1499 3974 ieronimo
1549 3921 1601 3974 V
1630 3922 1919 3975 hieronimi
1958 3922 2021 3975 N
2230 3925 2262 3977 2
2315 3922 2537 3992 aliquod
2581 3922 2824 3977 CPNV¹

524 4004 731 4075 fecerit]
781 4006 948 4060 fuerit
984 4005 1031 4061 S
1207 4009 1238 4061 7
1290 4008 1563 4063 redideret
1605 4010 1652 4064 C
1692 4011 1964 4064 rehiberet
2009 4011 2076 4064 N
2113 4012 2366 4066 redderet
2417 4012 2469 4065 T
2511 4012 2826 4067 redhiberet

528 4097 587 4160 (s.
633 4094 668 4147 l.
704 4098 730 4149 ἱ
771 4094 1044 4162 redderet)
1095 4097 1146 4149 V
1248 4098 1281 4152 8
1320 4098 1436 4167 sed]
1481 4102 1536 4151 et
1574 4099 1605 4152 b
1715 4102 1748 4154 9
1785 4103 2026 4169 poterat]
2068 4118 2255 4154 cauere
2295 4103 2326 4155 b
2439 4101 2561 4171 deo]
2603 4101 2727 4156 ideo
2773 4101 2828 4155 T

528 4182 593 4235 10
631 4185 720 4252 ne]
762 4185 818 4236 ni
859 4185 893 4246 (i
931 4185 995 4237 in
1027 4186 1163 4254 ras.)
1189 4186 1256 4240 N
1357 4187 1503 4256 quod
1530 4188 1562 4241 b
1641 4189 1699 4241 11
1745 4187 2060 4242 demitteret
2091 4190 2138 4243 G
2209 4192 2274 4244 13
2306 4208 2585 4260 gomorrae
2623 4190 2828 4245 CPSV

526 4288 769 4340 gomorre
794 4271 915 4325 NT
947 4291 1345 4342 gomorreorum
1376 4276 1406 4328 b
1483 4276 1551 4329 14
1591 4278 1667 4345 ct]
1708 4280 1770 4330 ut
1800 4278 1831 4330 b
1908 4278 1974 4331 16
2005 4277 2201 4332 debeat
2237 4279 2488 4349 intellegi
2515 4280 2826 4334 PSNTVb

525 4360 591 4412 :37
630 4360 831 4414 habrae
869 4361 934 4414 N
1073 4364 1538 4433 circuminspicere
1587 4365 1639 4417 V
