3076 4976
463 446 590 508 586
1167 442 1219 495 S.
1278 441 1553 495 Aureli
1608 440 2046 509 Augustini

461 636 537 700 ab
605 656 676 700 eo
742 640 987 700 terrena
1053 637 1213 700 bona
1278 636 1731 711 desideremus,
1800 635 1949 716 quia
1999 634 2129 699 iam
2184 635 2408 700 bestiis
2465 634 2753 698 meliores

461 763 704 821 sumus,
769 749 1108 825 antequam
1166 743 1278 807 illa
1334 743 1740 825 accipiamus,
1796 742 1906 805 ibi
1962 742 2425 816 clamabunt;
2487 745 2558 805 et
2616 762 2753 805 non

460 849 741 914 audies,
792 849 899 912 ibi
949 849 1105 912 dixit
1158 849 1256 925 „in
1305 849 1739 925 multitudine,
1789 849 1850 911 in
1900 848 2258 913 adflictione
2297 848 2744 913 clamantium‘

461 959 525 1020 et
581 976 616 1019 a
671 956 927 1020 brachio
986 957 1369 1020 multorum:
1428 959 1538 1017 aut
1596 958 1764 1019 certe
1830 955 1993 1030 „ibiff
2056 960 2317 1038 propter
2370 956 2527 1030 hoc,
2588 956 2757 1019 sicut

461 1065 589 1125 est:
639 1062 746 1125 ibi
795 1061 1240 1126 ceciderunt
1286 1061 1411 1143 qui
1461 1065 1865 1143 operantur
1912 1061 2425 1144 iniquitatem.
2485 1064 2557 1125 et
2613 1081 2749 1125 non
2814 1083 2839 1119 ,ε

460 1169 726 1233 audies
778 1168 945 1249 quod
994 1169 1169 1244 dixit,
1220 1168 1294 1232 de
1344 1187 1414 1232 eo
1465 1168 1641 1232 dixit.
1691 1168 1777 1231 ab
1817 1167 2125 1232 iniuriis
2165 1168 2565 1233 malorum:
2608 1168 2756 1232 sub-

460 1275 841 1339 audiendum
917 1274 1382 1349 „clamabunt“.
1451 1293 1635 1337 uana
1699 1274 1891 1338 enim
1957 1293 2094 1338 non
2166 1274 2336 1338 uult
2402 1273 2751 1339 dominus

460 1382 749 1445 uidere:
828 1401 948 1446 non
1024 1381 1171 1444 uult
1234 1381 1573 1445 subuenire
1641 1401 1804 1444 uana
1868 1382 2230 1464 petentibus
2297 1385 2361 1445 et
2426 1401 2545 1446 non
2611 1380 2753 1445 ideo

460 1488 952 1552 uociferantibus
1018 1487 1078 1550 in
1147 1487 1505 1551 adflictione
1571 1491 1645 1551 ut
1708 1487 1873 1551 bona
1936 1488 2318 1564 sempiterna
2381 1488 2753 1570 percipiant,

459 1613 605 1658 cum
652 1598 984 1677 propterea
1031 1594 1305 1677 separati
1353 1594 1480 1657 sint
1529 1613 1566 1656 a
1613 1594 2130 1675 quadrupedibus
2169 1600 2369 1658 terrae
2410 1598 2473 1657 et·
2512 1594 2754 1676 sapien·
2791 1619 2839 1655 ιο

459 1702 652 1766 tiores
709 1702 861 1764 facti
919 1701 1290 1767 uolatilibus
1340 1701 1529 1775 caeli;
1582 1701 1693 1765 sed
1742 1702 2189 1778 uociferantur,
2238 1702 2387 1783 quia
2434 1720 2554 1764 non
2604 1705 2753 1766 sunt

460 1807 523 1871 in
572 1809 810 1871 saeculi
857 1807 1048 1871 huius
1108 1808 1441 1889 iniquitate
1499 1808 1738 1872 felices.
1798 1808 1963 1891 ipse
2021 1808 2213 1871 enim
2271 1808 2750 1890 omnipotens

459 1914 837 1997 perspicit
901 1933 1028 1979 eos
1096 1914 1221 1996 qui
1287 1915 1583 1978 faciunt
1669 1913 2051 1978 iustitiam
2125 1919 2197 1978 et
2265 1916 2561 1977 saluum
2641 1934 2750 1978 me

457 2020 721 2083 faciet:
773 2020 941 2084 sicut
986 2020 1121 2102 ipse
1170 2020 1348 2085 uidet
1394 2021 1722 2090 facientes,
1774 2022 1881 2102 qui
1920 2020 2126 2084 cordis
2165 2020 2387 2084 intima
2425 2021 2749 2104 perspicit,

461 2126 551 2191 sic
609 2147 683 2190 ea
738 2127 944 2190 salute
1004 2126 1215 2191 saluos
1273 2127 1446 2201 facit,
1506 2147 1696 2209 quam
1752 2128 1886 2209 ipse
1946 2127 2122 2190 uidet
2166 2127 2228 2190 in
2279 2128 2552 2202 occulto,
2606 2127 2750 2209 quia
2788 2151 2835 2189 15

458 2252 574 2297 nec
614 2234 837 2298 oculus
879 2233 1043 2296 uidit
1079 2252 1191 2297 nec
1232 2234 1400 2296 auris
1441 2234 1689 2297 audiuit
1729 2253 1841 2297 nec
1880 2234 1944 2297 in
1985 2254 2091 2297 cor
2130 2234 2403 2297 hominis
2444 2233 2748 2306 ascendit,

461 2358 647 2421 quae
712 2341 1202 2422 praeparauit
1267 2340 1449 2404 deus
1516 2339 2029 2422 diligentibus
2106 2359 2203 2403 se.
2279 2340 2418 2404 ideo
2498 2340 2749 2403 etiamsi

464 2446 869 2528 perturbetur
915 2465 1076 2511 uana
1124 2447 1296 2511 salus
1345 2446 1642 2519 hominis,
1692 2446 1801 2511 dat
1845 2456 2058 2511 tamen
2096 2448 2397 2511 auxilium
2442 2447 2517 2511 de
2556 2447 2748 2511 tribu-

461 2553 694 2616 latione
741 2558 938 2634 pater,
990 2554 1117 2634 qui
1163 2554 1376 2617 uidet
1431 2554 1502 2616 in
1564 2554 2033 2618 abscondito.
2093 2554 2433 2618 iudicare
2491 2554 2746 2635 itaque

461 2679 655 2735 eum,
724 2659 786 2723 si
853 2665 1067 2743 potes
1134 2661 1569 2724 collaudare
1638 2680 1829 2736 eum,
1899 2661 2131 2725 sicuti
2201 2668 2348 2735 θεῖς
2409 2661 2525 2725 hoc
2585 2661 2829 2725 enimam

462 2766 640 2829 uisus
683 2770 783 2829 est
818 2766 931 2830 Iob
971 2766 1200 2843 dicere,
1242 2786 1382 2830 cum
1427 2768 1546 2832 ait:
1588 2768 1872 2831 utinam
1926 2772 2129 2832 esset
2175 2768 2390 2832 nobis
2439 2768 2745 2831 arbiter!

461 2875 534 2936 et
580 2891 771 2936 nunc
823 2874 998 2954 quia
1038 2891 1175 2936 non
1219 2878 1335 2937 est
1374 2873 1704 2937 uisitans
1744 2874 1930 2938 iram
1970 2894 2176 2939 suam
2215 2894 2345 2938 nec
2385 2873 2747 2957 cognouit

461 2978 747 3041 delicta
821 2980 1340 3043 uehementer:
1418 2982 1722 3063 cognouit
1797 2982 1874 3043 ad
1942 2981 2314 3046 uindictam.
2384 2980 2549 3044 unde
2619 2984 2742 3044 est:

461 3084 808 3165 quoniam
857 3085 1343 3167 iniquitatem
1394 3106 1625 3149 meam
1675 3108 1808 3170 ego
1860 3107 2270 3171 cognosco:
2323 3088 2486 3150 etin
2528 3087 2742 3150 eodem

457 3191 630 3255 loco:
681 3198 939 3256 auerte
988 3193 1256 3256 faciem
1305 3197 1506 3256 tuam
1556 3212 1591 3256 a
1631 3194 1968 3276 peccatis
2007 3195 2214 3259 meis,
2256 3194 2561 3277 cognouit
2599 3213 2742 3276 ergo
2778 3218 2821 3257 25

459 3296 715 3372 delicta;
793 3317 935 3361 nam
1002 3297 1141 3361 ideo
1208 3299 1541 3379 patiuntur
1605 3299 1891 3361 homines
1959 3299 2430 3363 tribulationem
2500 3300 2561 3362 in
2632 3299 2743 3361 hoc

459 3406 734 3480 saecule,
812 3405 922 3468 sed
996 3426 1116 3469 non
1192 3406 1620 3482 uehementer,
1689 3406 1837 3487 quia
1900 3407 2182 3487 partibus
2250 3406 2569 3490 corrigens
2637 3406 2742 3468 das

636 3614 668 3664 2
705 3613 800 3665 Iob
842 3615 927 3671 35.
972 3614 1034 3667 12
1216 3617 1247 3667 5
1285 3614 1373 3667 Ps.
1415 3618 1499 3671 35.
1545 3614 1609 3668 13
1757 3617 1788 3666 6
1828 3615 1924 3669 Iob
1965 3618 2051 3675 35.
2097 3617 2160 3669 12
2343 3617 2372 3668 7
2413 3613 2509 3667 Iob
2551 3616 2637 3677 35,
2682 3616 2740 3667 13

463 3702 525 3753 12
563 3701 657 3753 Iob
699 3703 782 3761 35,
826 3703 890 3755 13
1008 3703 1070 3754 16
1112 3703 1177 3757 cf.
1215 3703 1243 3755 I
1282 3703 1400 3757 Cor.
1441 3706 1491 3766 2,
1531 3707 1565 3757 9
1698 3705 1761 3757 19
1802 3704 1867 3757 cf.
1908 3705 2105 3757 Matth.
2146 3706 2195 3765 6,
2234 3705 2269 3756 4
2413 3703 2511 3757 Iob
2552 3703 2639 3761 35,
2682 3705 2743 3756 1-1

457 3791 520 3842 21
563 3790 660 3843 Iob
701 3791 749 3851 9,
790 3791 857 3843 33
970 3791 1039 3843 22
1077 3791 1174 3843 Iob
1215 3793 1300 3855 352,
1344 3795 1407 3844 15
1517 3793 1590 3844 24
1624 3793 1713 3844 Ps,
1755 3794 1840 3852 50,
1880 3795 1912 3845 ἴ)
2024 3794 2092 3845 25
2130 3792 2217 3845 Ps.
2257 3793 2342 3855 50,
2387 3794 2448 3844 11

528 3914 559 3966 3
599 3912 787 3966 audiet
821 3913 964 3965 Hier
1070 3916 1104 3966 4
1141 3920 1360 3983 propter
1397 3914 1499 3967 hoc
1537 3931 1638 3968 om.
1679 3915 1732 3967 P
1839 3915 1870 3966 6
1911 3913 2039 3983 quid
2084 3914 2130 3967 G
2325 3914 2390 3967 de
2429 3916 2515 3983 eo]
2559 3914 2658 3967 deo
2694 3915 2745 3967 P

455 4001 487 4051 8
526 4001 708 4054 uidere
750 4006 812 4067 (s.
853 4003 886 4055 l.
926 4020 992 4055 m.
1035 4008 1062 4055 1
1099 4003 1305 4065 audire)
1346 4004 1400 4056 P
1494 4005 1556 4057 12
1598 4005 1755 4056 huius
1793 4004 1993 4056 saeculi
2039 4003 2157 4056 de
2246 4004 2312 4056 13
2352 4004 2673 4057 iniustitiam
2704 4001 2744 4055 S

459 4092 525 4144 14
561 4091 727 4143 faciat
772 4092 848 4144 Cb
995 4094 1252 4162 prospicit
1298 4095 1341 4146 C
1449 4096 1512 4146 17
1555 4094 1788 4162 etiamsi]
1832 4098 2013 4146 autem
2052 4093 2096 4146 si
2140 4093 2187 4147 C
2296 4094 2360 4145 19
2399 4093 2735 4159 abscondito]

457 4179 665 4232 occulto
696 4180 798 4232 ΤΡ
867 4180 935 4232 20
976 4185 1162 4233 contra
1200 4198 1319 4233 eum
1342 4199 1431 4249 pr.
1456 4180 1641 4233 SHier
1713 4182 1780 4234 22
1822 4182 2079 4248 cognouit
2116 4197 2216 4234 om.
2240 4180 2287 4233 S
2355 4182 2423 4234 23
2464 4180 2675 4234 delecta
2702 4179 2743 4233 S

456 4270 526 4320 24
563 4269 639 4335 et]
683 4285 708 4320 e
749 4269 801 4320 P
973 4272 1037 4323 25
1077 4270 1217 4337 1000]
1256 4271 1463 4337 psalmo
1503 4270 1557 4322 P
1718 4272 1784 4324 26
1824 4268 2201 4322 tribulationes
2241 4269 2318 4322 bd
2475 4270 2543 4322 27
2585 4270 2673 4338 qui
2710 4285 2737 4320 a

455 4357 696 4425 patribus
742 4357 787 4410 C
929 4358 1022 4410 dat
1062 4358 1135 4410 bd
