<?xml version="1.0" encoding="UTF-8"?>
<!DOCTYPE html PUBLIC "-//W3C//DTD XHTML 1.0 Transitional//EN"
    "http://www.w3.org/TR/xhtml1/DTD/xhtml1-transitional.dtd">
<html xmlns="http://www.w3.org/1999/xhtml" xml:lang="en" lang="en">
 <head>
  <title>
</title>
<meta http-equiv="Content-Type" content="text/html;charset=utf-8" />
  <meta name='ocr-system' content='tesseract 3.04.00' />
  <meta name='ocr-capabilities' content='ocr_page ocr_carea ocr_par ocr_line ocrx_word'/>
</head>
<body>
  <div class='ocr_page' id='page_1' title='image "./corpusscriptoru31wissgoog_0499.png"; bbox 0 0 3076 4976; ppageno 0'>
   <div class='ocr_carea' id='block_1_1' title="bbox 226 1708 281 1745">
    <p class='ocr_par' dir='ltr' id='par_1_1' title="bbox 226 1708 281 1745">
     <span class='ocr_line' id='line_1_1' title="bbox 226 1708 281 1745; baseline 0.018 -1"><span class='ocrx_word' id='word_1_1' title='bbox 226 1708 281 1745; x_wconf 81' lang='lat'>10</span> 
     </span>
    </p>
   </div>
   <div class='ocr_carea' id='block_1_2' title="bbox 222 2242 278 2280">
    <p class='ocr_par' dir='ltr' id='par_1_2' title="bbox 222 2242 278 2280">
     <span class='ocr_line' id='line_1_2' title="bbox 222 2242 278 2280; baseline 0 0"><span class='ocrx_word' id='word_1_2' title='bbox 222 2242 278 2280; x_wconf 77' lang='lat'>15</span> 
     </span>
    </p>
   </div>
   <div class='ocr_carea' id='block_1_3' title="bbox 208 2776 277 2814">
    <p class='ocr_par' dir='ltr' id='par_1_3' title="bbox 208 2776 277 2814">
     <span class='ocr_line' id='line_1_3' title="bbox 208 2776 277 2814; baseline 0.029 -2"><span class='ocrx_word' id='word_1_3' title='bbox 208 2776 277 2814; x_wconf 70' lang='lat'>20</span> 
     </span>
    </p>
   </div>
   <div class='ocr_carea' id='block_1_4' title="bbox 626 528 2614 598">
    <p class='ocr_par' dir='ltr' id='par_1_4' title="bbox 626 528 2614 598">
     <span class='ocr_line' id='line_1_4' title="bbox 626 528 2614 598; baseline 0.003 -17"><span class='ocrx_word' id='word_1_4' title='bbox 626 528 1105 593; x_wconf 81' lang='lat' dir='ltr'><strong>Quaestionum</strong></span> <span class='ocrx_word' id='word_1_5' title='bbox 1142 528 1256 582; x_wconf 90' lang='lat' dir='ltr'>lib.</span> <span class='ocrx_word' id='word_1_6' title='bbox 1297 529 1401 583; x_wconf 80' lang='lat' dir='ltr'>VII</span> <span class='ocrx_word' id='word_1_7' title='bbox 1442 528 1734 595; x_wconf 83' lang='lat' dir='ltr'>(Quaest.</span> <span class='ocrx_word' id='word_1_8' title='bbox 1774 529 1849 583; x_wconf 90' lang='lat' dir='ltr'>de</span> <span class='ocrx_word' id='word_1_9' title='bbox 1888 530 2280 596; x_wconf 87' lang='lat' dir='ltr'>Iudicibus).</span> <span class='ocrx_word' id='word_1_10' title='bbox 2487 535 2614 598; x_wconf 83' lang='lat'>465</span> 
     </span>
    </p>
   </div>
   <div class='ocr_carea' id='block_1_5' title="bbox 314 722 2620 3792">
    <p class='ocr_par' dir='ltr' id='par_1_5' title="bbox 319 722 2620 1446">
     <span class='ocr_line' id='line_1_5' title="bbox 320 722 2617 805; baseline 0.001 -17"><span class='ocrx_word' id='word_1_11' title='bbox 320 723 611 788; x_wconf 85' lang='lat' dir='ltr'>uitulos?</span> <span class='ocrx_word' id='word_1_12' title='bbox 670 742 744 786; x_wconf 91' lang='lat' dir='ltr'>an</span> <span class='ocrx_word' id='word_1_13' title='bbox 804 741 1066 805; x_wconf 79' lang='lat' dir='ltr'>graecae</span> <span class='ocrx_word' id='word_1_14' title='bbox 1124 722 1465 788; x_wconf 87' lang='lat' dir='ltr'>locutionis</span> <span class='ocrx_word' id='word_1_15' title='bbox 1526 724 1921 789; x_wconf 89' lang='lat' dir='ltr'>consuetudo</span> <span class='ocrx_word' id='word_1_16' title='bbox 1982 727 2081 789; x_wconf 89' lang='lat' dir='ltr'>est</span> <span class='ocrx_word' id='word_1_17' title='bbox 2136 726 2325 789; x_wconf 89' lang='lat' dir='ltr'>etiam</span> <span class='ocrx_word' id='word_1_18' title='bbox 2377 726 2617 792; x_wconf 85' lang='lat' dir='ltr'>uitulos</span> 
     </span>
     <span class='ocr_line' id='line_1_6' title="bbox 321 829 2616 916; baseline 0.001 -23"><span class='ocrx_word' id='word_1_19' title='bbox 321 849 429 893; x_wconf 89' lang='lat' dir='ltr'>eos</span> <span class='ocrx_word' id='word_1_20' title='bbox 498 830 832 911; x_wconf 83' lang='lat' dir='ltr'>appellare,</span> <span class='ocrx_word' id='word_1_21' title='bbox 901 829 1009 911; x_wconf 91' lang='lat' dir='ltr'>qui</span> <span class='ocrx_word' id='word_1_22' title='bbox 1076 829 1341 913; x_wconf 81' lang='lat' dir='ltr'>grandes</span> <span class='ocrx_word' id='word_1_23' title='bbox 1409 831 1607 897; x_wconf 82' lang='lat' dir='ltr'>sunt?</span> <span class='ocrx_word' id='word_1_24' title='bbox 1672 850 1816 894; x_wconf 89' lang='lat' dir='ltr'>nam</span> <span class='ocrx_word' id='word_1_25' title='bbox 1880 831 1970 895; x_wconf 88' lang='lat' dir='ltr'>ita</span> <span class='ocrx_word' id='word_1_26' title='bbox 2033 831 2209 913; x_wconf 88' lang='lat' dir='ltr'>loqui</span> <span class='ocrx_word' id='word_1_27' title='bbox 2278 833 2474 916; x_wconf 91' lang='lat' dir='ltr'>uulgo</span> <span class='ocrx_word' id='word_1_28' title='bbox 2554 833 2616 896; x_wconf 92' lang='lat' dir='ltr'>in</span> 
     </span>
     <span class='ocr_line' id='line_1_7' title="bbox 319 936 2620 1023; baseline 0.002 -23"><span class='ocrx_word' id='word_1_29' title='bbox 319 938 610 1021; x_wconf 79' lang='lat' dir='ltr'>Aegypto</span> <span class='ocrx_word' id='word_1_30' title='bbox 649 936 1078 1018; x_wconf 81' lang='lat' dir='ltr'>perhibentur,</span> <span class='ocrx_word' id='word_1_31' title='bbox 1122 937 1292 999; x_wconf 85' lang='lat' dir='ltr'>sicut</span> <span class='ocrx_word' id='word_1_32' title='bbox 1330 936 1496 1018; x_wconf 90' lang='lat' dir='ltr'>apud</span> <span class='ocrx_word' id='word_1_33' title='bbox 1535 956 1653 1001; x_wconf 91' lang='lat' dir='ltr'>nos</span> <span class='ocrx_word' id='word_1_34' title='bbox 1701 937 1860 1020; x_wconf 91' lang='lat' dir='ltr'>pulli</span> <span class='ocrx_word' id='word_1_35' title='bbox 1908 938 2304 1020; x_wconf 86' lang='lat' dir='ltr'>appellantur</span> <span class='ocrx_word' id='word_1_36' title='bbox 2352 939 2620 1023; x_wconf 83' lang='lat' dir='ltr'>gallinae</span> 
     </span>
     <span class='ocr_line' id='line_1_8' title="bbox 321 1043 2617 1127; baseline 0.002 -21"><span class='ocrx_word' id='word_1_37' title='bbox 321 1043 668 1108; x_wconf 86' lang='lat' dir='ltr'>cuiuslibet</span> <span class='ocrx_word' id='word_1_38' title='bbox 723 1043 968 1110; x_wconf 76' lang='lat' dir='ltr'>aetatiS.</span> <span class='ocrx_word' id='word_1_39' title='bbox 1028 1063 1148 1108; x_wconf 91' lang='lat' dir='ltr'>non</span> <span class='ocrx_word' id='word_1_40' title='bbox 1207 1046 1418 1108; x_wconf 90' lang='lat' dir='ltr'>autem</span> <span class='ocrx_word' id='word_1_41' title='bbox 1476 1045 1668 1109; x_wconf 89' lang='lat' dir='ltr'>habet</span> <span class='ocrx_word' id='word_1_42' title='bbox 1720 1045 2156 1127; x_wconf 80' lang='lat' dir='ltr'>inteipretatio</span> <span class='ocrx_word' id='word_1_43' title='bbox 2214 1066 2284 1109; x_wconf 86' lang='lat' dir='ltr'>ex</span> <span class='ocrx_word' id='word_1_44' title='bbox 2349 1047 2617 1111; x_wconf 87' lang='lat' dir='ltr'>hebraeo</span> 
     </span>
     <span class='ocr_line' id='line_1_9' title="bbox 328 1151 2615 1236; baseline 0.002 -23"><span class='ocrx_word' id='word_1_45' title='bbox 328 1153 661 1232; x_wconf 82' lang='lat' dir='ltr'>„praeter</span> <span class='ocrx_word' id='word_1_46' title='bbox 706 1151 999 1214; x_wconf 84' lang='lat' dir='ltr'>uitulos</span> <span class='ocrx_word' id='word_1_47' title='bbox 1048 1151 1326 1227; x_wconf 79' lang='lat' dir='ltr'>boum‚“</span> <span class='ocrx_word' id='word_1_48' title='bbox 1382 1151 1553 1216; x_wconf 85' lang='lat' dir='ltr'>sicut</span> <span class='ocrx_word' id='word_1_49' title='bbox 1597 1151 1723 1215; x_wconf 87' lang='lat' dir='ltr'>ista</span> <span class='ocrx_word' id='word_1_50' title='bbox 1761 1171 1921 1234; x_wconf 88' lang='lat' dir='ltr'>quae</span> <span class='ocrx_word' id='word_1_51' title='bbox 1961 1153 2308 1216; x_wconf 88' lang='lat' dir='ltr'>secundum</span> <span class='ocrx_word' id='word_1_52' title='bbox 2353 1152 2615 1236; x_wconf 87' lang='lat' dir='ltr'>Septua-</span> 
     </span>
     <span class='ocr_line' id='line_1_10' title="bbox 319 1257 2614 1341; baseline 0.002 -22"><span class='ocrx_word' id='word_1_53' title='bbox 319 1258 496 1341; x_wconf 84' lang='lat' dir='ltr'>ginta</span> <span class='ocrx_word' id='word_1_54' title='bbox 561 1261 692 1331; x_wconf 64' lang='grc' dir='ltr'>θεῖς</span> <span class='ocrx_word' id='word_1_55' title='bbox 761 1257 930 1322; x_wconf 87' lang='lat' dir='ltr'>sicut</span> <span class='ocrx_word' id='word_1_56' title='bbox 992 1257 1183 1322; x_wconf 90' lang='lat' dir='ltr'>habet</span> <span class='ocrx_word' id='word_1_57' title='bbox 1245 1258 1360 1323; x_wconf 90' lang='lat' dir='ltr'>illa</span> <span class='ocrx_word' id='word_1_58' title='bbox 1426 1279 1495 1323; x_wconf 88' lang='lat' dir='ltr'>ex</span> <span class='ocrx_word' id='word_1_59' title='bbox 1563 1258 1866 1323; x_wconf 86' lang='lat' dir='ltr'>hebraeo:</span> <span class='ocrx_word' id='word_1_60' title='bbox 1945 1278 2240 1323; x_wconf 88' lang='lat' dir='ltr'>uomere</span> <span class='ocrx_word' id='word_1_61' title='bbox 2318 1261 2614 1324; x_wconf 84' lang='lat' dir='ltr'>occisos</span> 
     </span>
     <span class='ocr_line' id='line_1_11' title="bbox 320 1365 1821 1446; baseline 0.001 -19"><span class='ocrx_word' id='word_1_62' title='bbox 320 1367 715 1428; x_wconf 81' lang='lat' dir='ltr'>sexcentos</span> <span class='ocrx_word' id='word_1_63' title='bbox 765 1365 1001 1440; x_wconf 88' lang='lat' dir='ltr'>uiros,</span> <span class='ocrx_word' id='word_1_64' title='bbox 1054 1365 1223 1446; x_wconf 92' lang='lat' dir='ltr'>quod</span> <span class='ocrx_word' id='word_1_65' title='bbox 1268 1365 1396 1428; x_wconf 88' lang='lat' dir='ltr'>ista</span> <span class='ocrx_word' id='word_1_66' title='bbox 1441 1385 1564 1429; x_wconf 92' lang='lat' dir='ltr'>non</span> <span class='ocrx_word' id='word_1_67' title='bbox 1612 1365 1821 1430; x_wconf 90' lang='lat' dir='ltr'>habet.</span> 
     </span>
    </p>

    <p class='ocr_par' dir='ltr' id='par_1_6' title="bbox 315 1468 2618 2510">
     <span class='ocr_line' id='line_1_12' title="bbox 406 1468 2612 1554; baseline 0.002 -21"><span class='ocrx_word' id='word_1_68' title='bbox 406 1469 639 1533; x_wconf 88' lang='lat' dir='ltr'>XXVI.</span> <span class='ocrx_word' id='word_1_69' title='bbox 698 1468 866 1548; x_wconf 87' lang='lat' dir='ltr'>Quid</span> <span class='ocrx_word' id='word_1_70' title='bbox 923 1473 1022 1535; x_wconf 87' lang='lat' dir='ltr'>est</span> <span class='ocrx_word' id='word_1_71' title='bbox 1078 1471 1249 1552; x_wconf 87' lang='lat' dir='ltr'>quod</span> <span class='ocrx_word' id='word_1_72' title='bbox 1304 1471 1690 1554; x_wconf 88' lang='lat' dir='ltr'>respondens</span> <span class='ocrx_word' id='word_1_73' title='bbox 1747 1473 1942 1536; x_wconf 84' lang='lat' dir='ltr'>Barac</span> <span class='ocrx_word' id='word_1_74' title='bbox 2000 1472 2329 1537; x_wconf 87' lang='lat' dir='ltr'>Debborae</span> <span class='ocrx_word' id='word_1_75' title='bbox 2377 1474 2500 1538; x_wconf 86' lang='lat' dir='ltr'>ait:</span> <span class='ocrx_word' id='word_1_76' title='bbox 2552 1474 2612 1538; x_wconf 90' lang='lat' dir='ltr'>si</span> 
     </span>
     <span class='ocr_line' id='line_1_13' title="bbox 319 1576 2614 1662; baseline 0.002 -23"><span class='ocrx_word' id='word_1_77' title='bbox 319 1576 501 1651; x_wconf 78' lang='lat' dir='ltr'>ibis,</span> <span class='ocrx_word' id='word_1_78' title='bbox 550 1576 703 1651; x_wconf 79' lang='lat' dir='ltr'>ibe,</span> <span class='ocrx_word' id='word_1_79' title='bbox 756 1579 829 1640; x_wconf 91' lang='lat' dir='ltr'>et</span> <span class='ocrx_word' id='word_1_80' title='bbox 894 1577 956 1640; x_wconf 91' lang='lat' dir='ltr'>si</span> <span class='ocrx_word' id='word_1_81' title='bbox 1026 1597 1163 1642; x_wconf 90' lang='lat' dir='ltr'>non</span> <span class='ocrx_word' id='word_1_82' title='bbox 1230 1578 1412 1643; x_wconf 87' lang='lat' dir='ltr'>ieris</span> <span class='ocrx_word' id='word_1_83' title='bbox 1479 1598 1793 1656; x_wconf 86' lang='lat' dir='ltr'>mecum,</span> <span class='ocrx_word' id='word_1_84' title='bbox 1855 1598 1991 1643; x_wconf 92' lang='lat' dir='ltr'>non</span> <span class='ocrx_word' id='word_1_85' title='bbox 2050 1579 2203 1653; x_wconf 79' lang='lat' dir='ltr'>ibe,</span> <span class='ocrx_word' id='word_1_86' title='bbox 2269 1581 2614 1662; x_wconf 91' lang='lat' dir='ltr'>quoniam</span> 
     </span>
     <span class='ocr_line' id='line_1_14' title="bbox 320 1683 2615 1770; baseline 0.002 -24"><span class='ocrx_word' id='word_1_87' title='bbox 320 1683 576 1747; x_wconf 87' lang='lat' dir='ltr'>nescio</span> <span class='ocrx_word' id='word_1_88' title='bbox 672 1684 860 1747; x_wconf 88' lang='lat' dir='ltr'>diem</span> <span class='ocrx_word' id='word_1_89' title='bbox 955 1684 1024 1747; x_wconf 92' lang='lat' dir='ltr'>in</span> <span class='ocrx_word' id='word_1_90' title='bbox 1120 1703 1260 1766; x_wconf 90' lang='lat' dir='ltr'>qua</span> <span class='ocrx_word' id='word_1_91' title='bbox 1352 1688 1752 1767; x_wconf 76' lang='lat' dir='ltr'>prosperat</span> <span class='ocrx_word' id='word_1_92' title='bbox 1834 1687 2183 1770; x_wconf 88' lang='lat' dir='ltr'>angelum</span> <span class='ocrx_word' id='word_1_93' title='bbox 2268 1686 2615 1752; x_wconf 91' lang='lat' dir='ltr'>dominus</span> 
     </span>
     <span class='ocr_line' id='line_1_15' title="bbox 320 1789 2610 1873; baseline 0.002 -22"><span class='ocrx_word' id='word_1_94' title='bbox 320 1808 636 1865; x_wconf 87' lang='lat' dir='ltr'>mecum,</span> <span class='ocrx_word' id='word_1_95' title='bbox 696 1789 877 1870; x_wconf 85' lang='lat' dir='ltr'>quasi</span> <span class='ocrx_word' id='word_1_96' title='bbox 935 1808 971 1852; x_wconf 88' lang='lat' dir='ltr'>a</span> <span class='ocrx_word' id='word_1_97' title='bbox 1025 1790 1425 1872; x_wconf 84' lang='lat' dir='ltr'>prophetissa</span> <span class='ocrx_word' id='word_1_98' title='bbox 1475 1790 1641 1853; x_wconf 90' lang='lat' dir='ltr'>diem</span> <span class='ocrx_word' id='word_1_99' title='bbox 1693 1790 1909 1855; x_wconf 85' lang='lat' dir='ltr'>audire</span> <span class='ocrx_word' id='word_1_100' title='bbox 1958 1811 2079 1854; x_wconf 93' lang='lat' dir='ltr'>non</span> <span class='ocrx_word' id='word_1_101' title='bbox 2127 1792 2451 1873; x_wconf 81' lang='lat' dir='ltr'>potuerit?</span> <span class='ocrx_word' id='word_1_102' title='bbox 2500 1811 2610 1856; x_wconf 83' lang='lat' dir='ltr'>nec</span> 
     </span>
     <span class='ocr_line' id='line_1_16' title="bbox 317 1894 2613 1979; baseline 0.002 -22"><span class='ocrx_word' id='word_1_103' title='bbox 317 1894 429 1958; x_wconf 91' lang='lat' dir='ltr'>illa</span> <span class='ocrx_word' id='word_1_104' title='bbox 503 1894 669 1958; x_wconf 89' lang='lat' dir='ltr'>diem</span> <span class='ocrx_word' id='word_1_105' title='bbox 745 1894 1089 1976; x_wconf 82' lang='lat' dir='ltr'>respondit,</span> <span class='ocrx_word' id='word_1_106' title='bbox 1166 1894 1276 1958; x_wconf 91' lang='lat' dir='ltr'>sed</span> <span class='ocrx_word' id='word_1_107' title='bbox 1351 1896 1625 1976; x_wconf 84' lang='lat' dir='ltr'>perrexit</span> <span class='ocrx_word' id='word_1_108' title='bbox 1697 1915 1843 1960; x_wconf 89' lang='lat' dir='ltr'>cum</span> <span class='ocrx_word' id='word_1_109' title='bbox 1916 1897 2048 1960; x_wconf 92' lang='lat' dir='ltr'>illo.</span> <span class='ocrx_word' id='word_1_110' title='bbox 2126 1900 2188 1960; x_wconf 87' lang='lat' dir='ltr'>et</span> <span class='ocrx_word' id='word_1_111' title='bbox 2264 1897 2416 1979; x_wconf 92' lang='lat' dir='ltr'>quid</span> <span class='ocrx_word' id='word_1_112' title='bbox 2482 1907 2613 1963; x_wconf 84' lang='lat' dir='ltr'>est:</span> 
     </span>
     <span class='ocr_line' id='line_1_17' title="bbox 318 2000 2615 2084; baseline 0.001 -19"><span class='ocrx_word' id='word_1_113' title='bbox 318 2004 718 2083; x_wconf 79' lang='lat' dir='ltr'>prosperat</span> <span class='ocrx_word' id='word_1_114' title='bbox 792 2002 1141 2084; x_wconf 88' lang='lat' dir='ltr'>angelum</span> <span class='ocrx_word' id='word_1_115' title='bbox 1215 2000 1558 2065; x_wconf 90' lang='lat' dir='ltr'>dominus</span> <span class='ocrx_word' id='word_1_116' title='bbox 1633 2006 1970 2066; x_wconf 81' lang='lat' dir='ltr'>mecum?</span> <span class='ocrx_word' id='word_1_117' title='bbox 2047 2022 2122 2067; x_wconf 91' lang='lat' dir='ltr'>an</span> <span class='ocrx_word' id='word_1_118' title='bbox 2191 2004 2291 2067; x_wconf 87' lang='lat' dir='ltr'>hic</span> <span class='ocrx_word' id='word_1_119' title='bbox 2359 2003 2615 2069; x_wconf 89' lang='lat' dir='ltr'>demon-</span> 
     </span>
     <span class='ocr_line' id='line_1_18' title="bbox 319 2108 2618 2193; baseline 0.003 -23"><span class='ocrx_word' id='word_1_120' title='bbox 319 2112 587 2171; x_wconf 84' lang='lat' dir='ltr'>stratum</span> <span class='ocrx_word' id='word_1_121' title='bbox 657 2111 774 2184; x_wconf 80' lang='lat' dir='ltr'>est,</span> <span class='ocrx_word' id='word_1_122' title='bbox 842 2108 988 2189; x_wconf 86' lang='lat' dir='ltr'>quia</span> <span class='ocrx_word' id='word_1_123' title='bbox 1055 2110 1118 2171; x_wconf 87' lang='lat' dir='ltr'>et</span> <span class='ocrx_word' id='word_1_124' title='bbox 1182 2108 1553 2190; x_wconf 87' lang='lat' dir='ltr'>angelorum</span> <span class='ocrx_word' id='word_1_125' title='bbox 1620 2114 1799 2173; x_wconf 87' lang='lat' dir='ltr'>actus</span> <span class='ocrx_word' id='word_1_126' title='bbox 1866 2114 2336 2193; x_wconf 79' lang='lat' dir='ltr'>prosperantur,</span> <span class='ocrx_word' id='word_1_127' title='bbox 2394 2111 2459 2174; x_wconf 90' lang='lat' dir='ltr'>id</span> <span class='ocrx_word' id='word_1_128' title='bbox 2517 2115 2618 2176; x_wconf 89' lang='lat' dir='ltr'>est</span> 
     </span>
     <span class='ocr_line' id='line_1_19' title="bbox 318 2214 2615 2291; baseline 0.003 -15"><span class='ocrx_word' id='word_1_129' title='bbox 318 2214 702 2277; x_wconf 86' lang='lat' dir='ltr'>adiuuantur</span> <span class='ocrx_word' id='word_1_130' title='bbox 758 2233 792 2277; x_wconf 90' lang='lat' dir='ltr'>a</span> <span class='ocrx_word' id='word_1_131' title='bbox 851 2214 1123 2291; x_wconf 87' lang='lat' dir='ltr'>domino,</span> <span class='ocrx_word' id='word_1_132' title='bbox 1181 2219 1256 2278; x_wconf 91' lang='lat' dir='ltr'>ut</span> <span class='ocrx_word' id='word_1_133' title='bbox 1314 2215 1587 2279; x_wconf 84' lang='lat' dir='ltr'>feliciter</span> <span class='ocrx_word' id='word_1_134' title='bbox 1643 2216 1914 2279; x_wconf 78' lang='lat' dir='ltr'>cedant?</span> <span class='ocrx_word' id='word_1_135' title='bbox 1972 2237 2045 2280; x_wconf 89' lang='lat' dir='ltr'>an</span> <span class='ocrx_word' id='word_1_136' title='bbox 2105 2217 2447 2281; x_wconf 88' lang='lat' dir='ltr'>locutionis</span> <span class='ocrx_word' id='word_1_137' title='bbox 2516 2222 2615 2282; x_wconf 88' lang='lat' dir='ltr'>est</span> 
     </span>
     <span class='ocr_line' id='line_1_20' title="bbox 328 2321 2612 2405; baseline 0.002 -22"><span class='ocrx_word' id='word_1_138' title='bbox 328 2325 761 2403; x_wconf 82' lang='lat' dir='ltr'>„prosperat</span> <span class='ocrx_word' id='word_1_139' title='bbox 807 2322 1152 2403; x_wconf 88' lang='lat' dir='ltr'>angelum</span> <span class='ocrx_word' id='word_1_140' title='bbox 1194 2328 1548 2398; x_wconf 83' lang='lat' dir='ltr'>mecum‚“</span> <span class='ocrx_word' id='word_1_141' title='bbox 1595 2321 1659 2384; x_wconf 92' lang='lat' dir='ltr'>id</span> <span class='ocrx_word' id='word_1_142' title='bbox 1700 2325 1800 2386; x_wconf 89' lang='lat' dir='ltr'>est</span> <span class='ocrx_word' id='word_1_143' title='bbox 1836 2322 1989 2386; x_wconf 85' lang='lat' dir='ltr'>facit</span> <span class='ocrx_word' id='word_1_144' title='bbox 2027 2342 2276 2387; x_wconf 87' lang='lat' dir='ltr'>mecum</span> <span class='ocrx_word' id='word_1_145' title='bbox 2315 2342 2612 2405; x_wconf 82' lang='lat' dir='ltr'>prospera</span> 
     </span>
     <span class='ocr_line' id='line_1_21' title="bbox 315 2427 813 2510; baseline 0 -20"><span class='ocrx_word' id='word_1_146' title='bbox 315 2446 428 2509; x_wconf 87' lang='lat' dir='ltr'>per</span> <span class='ocrx_word' id='word_1_147' title='bbox 472 2427 813 2510; x_wconf 81' lang='lat' dir='ltr'>angelum?</span> 
     </span>
    </p>

    <p class='ocr_par' dir='ltr' id='par_1_7' title="bbox 315 2534 2617 3025">
     <span class='ocr_line' id='line_1_22' title="bbox 405 2534 2612 2615; baseline 0.001 -18"><span class='ocrx_word' id='word_1_148' title='bbox 405 2534 668 2598; x_wconf 90' lang='lat' dir='ltr'>XXVII.</span> <span class='ocrx_word' id='word_1_149' title='bbox 743 2535 834 2598; x_wconf 88' lang='lat' dir='ltr'>Et</span> <span class='ocrx_word' id='word_1_150' title='bbox 908 2535 1297 2615; x_wconf 86' lang='lat' dir='ltr'>pauefecit</span> <span class='ocrx_word' id='word_1_151' title='bbox 1372 2535 1718 2600; x_wconf 89' lang='lat' dir='ltr'>dominus</span> <span class='ocrx_word' id='word_1_152' title='bbox 1797 2534 2124 2600; x_wconf 83' lang='lat' dir='ltr'>Sisaram</span> <span class='ocrx_word' id='word_1_153' title='bbox 2203 2541 2274 2601; x_wconf 90' lang='lat' dir='ltr'>et</span> <span class='ocrx_word' id='word_1_154' title='bbox 2358 2556 2612 2602; x_wconf 89' lang='lat' dir='ltr'>omnes</span> 
     </span>
     <span class='ocr_line' id='line_1_23' title="bbox 318 2641 2615 2727; baseline 0 -21"><span class='ocrx_word' id='word_1_155' title='bbox 318 2661 581 2706; x_wconf 85' lang='lat' dir='ltr'>currus</span> <span class='ocrx_word' id='word_1_156' title='bbox 635 2641 813 2705; x_wconf 80' lang='lat' dir='ltr'>eius,</span> <span class='ocrx_word' id='word_1_157' title='bbox 864 2660 1010 2706; x_wconf 84' lang='lat' dir='ltr'>eece</span> <span class='ocrx_word' id='word_1_158' title='bbox 1050 2642 1580 2723; x_wconf 86' lang='lat' dir='ltr'>quemadmodum</span> <span class='ocrx_word' id='word_1_159' title='bbox 1623 2642 2023 2708; x_wconf 88' lang='lat' dir='ltr'>commendat</span> <span class='ocrx_word' id='word_1_160' title='bbox 2070 2645 2382 2726; x_wconf 84' lang='lat' dir='ltr'>scriptura</span> <span class='ocrx_word' id='word_1_161' title='bbox 2430 2663 2615 2727; x_wconf 89' lang='lat' dir='ltr'>agere</span> 
     </span>
     <span class='ocr_line' id='line_1_24' title="bbox 316 2748 2615 2832; baseline 0.003 -21"><span class='ocrx_word' id='word_1_162' title='bbox 316 2749 504 2812; x_wconf 89' lang='lat' dir='ltr'>deum</span> <span class='ocrx_word' id='word_1_163' title='bbox 572 2748 631 2811; x_wconf 90' lang='lat' dir='ltr'>in</span> <span class='ocrx_word' id='word_1_164' title='bbox 701 2748 1017 2822; x_wconf 76' lang='lat' dir='ltr'>cordibuS,</span> <span class='ocrx_word' id='word_1_165' title='bbox 1085 2751 1157 2812; x_wconf 90' lang='lat' dir='ltr'>ut</span> <span class='ocrx_word' id='word_1_166' title='bbox 1223 2748 1331 2813; x_wconf 89' lang='lat' dir='ltr'>det</span> <span class='ocrx_word' id='word_1_167' title='bbox 1396 2751 1633 2813; x_wconf 81' lang='lat' dir='ltr'>exitum</span> <span class='ocrx_word' id='word_1_168' title='bbox 1707 2750 1916 2820; x_wconf 84' lang='lat' dir='ltr'>rebus,</span> <span class='ocrx_word' id='word_1_169' title='bbox 1995 2770 2184 2832; x_wconf 91' lang='lat' dir='ltr'>quem</span> <span class='ocrx_word' id='word_1_170' title='bbox 2261 2751 2615 2818; x_wconf 88' lang='lat' dir='ltr'>constituit.</span> 
     </span>
     <span class='ocr_line' id='line_1_25' title="bbox 316 2855 2617 2939; baseline 0.001 -21"><span class='ocrx_word' id='word_1_171' title='bbox 316 2855 539 2937; x_wconf 87' lang='lat' dir='ltr'>utique</span> <span class='ocrx_word' id='word_1_172' title='bbox 614 2855 779 2918; x_wconf 88' lang='lat' dir='ltr'>enim</span> <span class='ocrx_word' id='word_1_173' title='bbox 852 2856 1174 2936; x_wconf 86' lang='lat' dir='ltr'>pauefecit</span> <span class='ocrx_word' id='word_1_174' title='bbox 1245 2856 1350 2919; x_wconf 89' lang='lat' dir='ltr'>uel</span> <span class='ocrx_word' id='word_1_175' title='bbox 1417 2856 1845 2939; x_wconf 86' lang='lat' dir='ltr'>obstupefecit</span> <span class='ocrx_word' id='word_1_176' title='bbox 1912 2856 2210 2934; x_wconf 86' lang='lat' dir='ltr'>Sisaram‚</span> <span class='ocrx_word' id='word_1_177' title='bbox 2276 2860 2351 2921; x_wconf 90' lang='lat' dir='ltr'>ut</span> <span class='ocrx_word' id='word_1_178' title='bbox 2414 2856 2617 2921; x_wconf 86' lang='lat' dir='ltr'>trade-</span> 
     </span>
     <span class='ocr_line' id='line_1_26' title="bbox 315 2965 625 3025; baseline 0.006 -2"><span class='ocrx_word' id='word_1_179' title='bbox 315 2965 414 3024; x_wconf 86' lang='lat' dir='ltr'>ret</span> <span class='ocrx_word' id='word_1_180' title='bbox 460 2981 625 3025; x_wconf 90' lang='lat' dir='ltr'>eum.</span> 
     </span>
    </p>

    <p class='ocr_par' dir='ltr' id='par_1_8' title="bbox 314 3066 2618 3792">
     <span class='ocr_line' id='line_1_27' title="bbox 406 3066 2615 3150; baseline 0.001 -21"><span class='ocrx_word' id='word_1_181' title='bbox 406 3066 701 3130; x_wconf 89' lang='lat' dir='ltr'>XXVIII.</span> <span class='ocrx_word' id='word_1_182' title='bbox 776 3067 901 3131; x_wconf 88' lang='lat' dir='ltr'>Vbi</span> <span class='ocrx_word' id='word_1_183' title='bbox 977 3068 1147 3131; x_wconf 87' lang='lat' dir='ltr'>Iahel</span> <span class='ocrx_word' id='word_1_184' title='bbox 1227 3068 1474 3144; x_wconf 83' lang='lat' dir='ltr'>mulier,</span> <span class='ocrx_word' id='word_1_185' title='bbox 1554 3088 1713 3150; x_wconf 89' lang='lat' dir='ltr'>quae</span> <span class='ocrx_word' id='word_1_186' title='bbox 1785 3070 2021 3134; x_wconf 84' lang='lat' dir='ltr'>occidit</span> <span class='ocrx_word' id='word_1_187' title='bbox 2096 3069 2393 3146; x_wconf 73' lang='lat' dir='ltr'>sisaram,</span> <span class='ocrx_word' id='word_1_188' title='bbox 2471 3088 2615 3133; x_wconf 89' lang='lat' dir='ltr'>cum</span> 
     </span>
     <span class='ocr_line' id='line_1_28' title="bbox 315 3173 2618 3258; baseline 0.001 -21"><span class='ocrx_word' id='word_1_189' title='bbox 315 3175 531 3237; x_wconf 83' lang='lat' dir='ltr'>locuta</span> <span class='ocrx_word' id='word_1_190' title='bbox 597 3177 769 3237; x_wconf 86' lang='lat' dir='ltr'>esset</span> <span class='ocrx_word' id='word_1_191' title='bbox 837 3173 917 3237; x_wconf 92' lang='lat' dir='ltr'>ad</span> <span class='ocrx_word' id='word_1_192' title='bbox 971 3174 1171 3238; x_wconf 89' lang='lat' dir='ltr'>Barac</span> <span class='ocrx_word' id='word_1_193' title='bbox 1229 3175 1336 3256; x_wconf 91' lang='lat' dir='ltr'>qui</span> <span class='ocrx_word' id='word_1_194' title='bbox 1395 3195 1540 3239; x_wconf 89' lang='lat' dir='ltr'>eum</span> <span class='ocrx_word' id='word_1_195' title='bbox 1601 3178 1958 3258; x_wconf 86' lang='lat' dir='ltr'>quaerebat,</span> <span class='ocrx_word' id='word_1_196' title='bbox 2019 3176 2326 3258; x_wconf 89' lang='lat' dir='ltr'>scriptum</span> <span class='ocrx_word' id='word_1_197' title='bbox 2385 3180 2485 3240; x_wconf 88' lang='lat' dir='ltr'>est</span> <span class='ocrx_word' id='word_1_198' title='bbox 2540 3175 2618 3239; x_wconf 94' lang='lat' dir='ltr'>de</span> 
     </span>
     <span class='ocr_line' id='line_1_29' title="bbox 315 3281 2618 3362; baseline 0 -18"><span class='ocrx_word' id='word_1_199' title='bbox 315 3281 456 3361; x_wconf 90' lang='lat' dir='ltr'>ipso</span> <span class='ocrx_word' id='word_1_200' title='bbox 524 3281 742 3354; x_wconf 79' lang='lat' dir='ltr'>Barac,</span> <span class='ocrx_word' id='word_1_201' title='bbox 809 3281 958 3362; x_wconf 88' lang='lat' dir='ltr'>quia</span> <span class='ocrx_word' id='word_1_202' title='bbox 1022 3281 1347 3345; x_wconf 88' lang='lat' dir='ltr'>intrauit</span> <span class='ocrx_word' id='word_1_203' title='bbox 1411 3282 1497 3346; x_wconf 89' lang='lat' dir='ltr'>ad</span> <span class='ocrx_word' id='word_1_204' title='bbox 1565 3302 1753 3348; x_wconf 86' lang='lat' dir='ltr'>eam:</span> <span class='ocrx_word' id='word_1_205' title='bbox 1821 3282 2448 3346; x_wconf 86' lang='lat' dir='ltr'>animaduertendum</span> <span class='ocrx_word' id='word_1_206' title='bbox 2520 3286 2618 3345; x_wconf 89' lang='lat' dir='ltr'>est</span> 
     </span>
     <span class='ocr_line' id='line_1_30' title="bbox 314 3387 2614 3471; baseline 0 -21"><span class='ocrx_word' id='word_1_207' title='bbox 314 3406 437 3451; x_wconf 91' lang='lat' dir='ltr'>non</span> <span class='ocrx_word' id='word_1_208' title='bbox 495 3406 633 3451; x_wconf 90' lang='lat' dir='ltr'>esse</span> <span class='ocrx_word' id='word_1_209' title='bbox 692 3406 1106 3468; x_wconf 82' lang='lat' dir='ltr'>consequens,</span> <span class='ocrx_word' id='word_1_210' title='bbox 1163 3391 1256 3465; x_wconf 80' lang='lat' dir='ltr'>ut,</span> <span class='ocrx_word' id='word_1_211' title='bbox 1315 3409 1461 3452; x_wconf 87' lang='lat' dir='ltr'>cum</span> <span class='ocrx_word' id='word_1_212' title='bbox 1522 3390 1837 3471; x_wconf 86' lang='lat' dir='ltr'>scriptura</span> <span class='ocrx_word' id='word_1_213' title='bbox 1893 3390 2050 3453; x_wconf 86' lang='lat' dir='ltr'>dicit</span> <span class='ocrx_word' id='word_1_214' title='bbox 2107 3389 2182 3453; x_wconf 91' lang='lat' dir='ltr'>de</span> <span class='ocrx_word' id='word_1_215' title='bbox 2241 3389 2378 3453; x_wconf 90' lang='lat' dir='ltr'>uiro</span> <span class='ocrx_word' id='word_1_216' title='bbox 2448 3387 2614 3470; x_wconf 91' lang='lat' dir='ltr'>quod</span> 
     </span>
     <span class='ocr_line' id='line_1_31' title="bbox 314 3493 2613 3576; baseline -0 -19"><span class='ocrx_word' id='word_1_217' title='bbox 314 3494 581 3558; x_wconf 86' lang='lat' dir='ltr'>intrauit</span> <span class='ocrx_word' id='word_1_218' title='bbox 627 3493 704 3557; x_wconf 90' lang='lat' dir='ltr'>ad</span> <span class='ocrx_word' id='word_1_219' title='bbox 753 3494 1028 3576; x_wconf 88' lang='lat' dir='ltr'>aliquam</span> <span class='ocrx_word' id='word_1_220' title='bbox 1077 3495 1395 3570; x_wconf 75' lang='lat' dir='ltr'>feminam,</span> <span class='ocrx_word' id='word_1_221' title='bbox 1443 3496 1569 3559; x_wconf 87' lang='lat' dir='ltr'>iam</span> <span class='ocrx_word' id='word_1_222' title='bbox 1612 3496 1802 3559; x_wconf 90' lang='lat' dir='ltr'>etiam</span> <span class='ocrx_word' id='word_1_223' title='bbox 1844 3495 2266 3560; x_wconf 84' lang='lat' dir='ltr'>concubuisse</span> <span class='ocrx_word' id='word_1_224' title='bbox 2308 3493 2613 3559; x_wconf 85' lang='lat' dir='ltr'>credatur.</span> 
     </span>
     <span class='ocr_line' id='line_1_32' title="bbox 316 3600 2618 3685; baseline 0 -21"><span class='ocrx_word' id='word_1_225' title='bbox 316 3600 572 3664; x_wconf 87' lang='lat' dir='ltr'>assidue</span> <span class='ocrx_word' id='word_1_226' title='bbox 630 3600 861 3683; x_wconf 90' lang='lat' dir='ltr'>quippe</span> <span class='ocrx_word' id='word_1_227' title='bbox 921 3600 1012 3665; x_wconf 90' lang='lat' dir='ltr'>sic</span> <span class='ocrx_word' id='word_1_228' title='bbox 1068 3601 1354 3682; x_wconf 87' lang='lat' dir='ltr'>loquitur</span> <span class='ocrx_word' id='word_1_229' title='bbox 1401 3603 1745 3685; x_wconf 88' lang='lat' dir='ltr'>scriptura:</span> <span class='ocrx_word' id='word_1_230' title='bbox 1796 3603 2124 3666; x_wconf 86' lang='lat' dir='ltr'>intrauit</span> <span class='ocrx_word' id='word_1_231' title='bbox 2170 3602 2254 3666; x_wconf 89' lang='lat' dir='ltr'>ad</span> <span class='ocrx_word' id='word_1_232' title='bbox 2305 3620 2493 3677; x_wconf 83' lang='lat' dir='ltr'>eam,</span> <span class='ocrx_word' id='word_1_233' title='bbox 2544 3604 2618 3664; x_wconf 91' lang='lat' dir='ltr'>ut</span> 
     </span>
     <span class='ocr_line' id='line_1_33' title="bbox 314 3706 2614 3792; baseline 0 -22"><span class='ocrx_word' id='word_1_234' title='bbox 314 3707 480 3771; x_wconf 90' lang='lat' dir='ltr'>nolit</span> <span class='ocrx_word' id='word_1_235' title='bbox 522 3706 810 3791; x_wconf 84' lang='lat' dir='ltr'>intellegi</span> <span class='ocrx_word' id='word_1_236' title='bbox 857 3707 982 3771; x_wconf 92' lang='lat' dir='ltr'>nisi</span> <span class='ocrx_word' id='word_1_237' title='bbox 1030 3708 1199 3790; x_wconf 91' lang='lat' dir='ltr'>quod</span> <span class='ocrx_word' id='word_1_238' title='bbox 1238 3708 1293 3772; x_wconf 91' lang='lat' dir='ltr'>ei</span> <span class='ocrx_word' id='word_1_239' title='bbox 1334 3708 1570 3773; x_wconf 83' lang='lat' dir='ltr'>mixtus</span> <span class='ocrx_word' id='word_1_240' title='bbox 1609 3709 1715 3773; x_wconf 88' lang='lat' dir='ltr'>sit.</span> <span class='ocrx_word' id='word_1_241' title='bbox 1757 3709 1859 3773; x_wconf 87' lang='lat' dir='ltr'>hic</span> <span class='ocrx_word' id='word_1_242' title='bbox 1899 3728 2047 3792; x_wconf 88' lang='lat' dir='ltr'>ergo</span> <span class='ocrx_word' id='word_1_243' title='bbox 2087 3708 2334 3790; x_wconf 89' lang='lat' dir='ltr'>proprie</span> <span class='ocrx_word' id='word_1_244' title='bbox 2374 3707 2614 3770; x_wconf 90' lang='lat' dir='ltr'>dictum</span> 
     </span>
    </p>
   </div>
   <div class='ocr_carea' id='block_1_6' title="bbox 312 3869 2611 4032">
    <p class='ocr_par' dir='ltr' id='par_1_9' title="bbox 312 3869 2611 4032">
     <span class='ocr_line' id='line_1_34' title="bbox 498 3869 2611 3952; baseline 0 -20"><span class='ocrx_word' id='word_1_245' title='bbox 498 3881 529 3932; x_wconf 87' lang='lat'>6</span> <span class='ocrx_word' id='word_1_246' title='bbox 569 3879 632 3934; x_wconf 80' lang='lat' dir='ltr'>ef.</span> <span class='ocrx_word' id='word_1_247' title='bbox 673 3880 892 3935; x_wconf 77' lang='lat' dir='ltr'>Hieron.</span> <span class='ocrx_word' id='word_1_248' title='bbox 931 3884 970 3935; x_wconf 81' lang='lat' dir='ltr'>t.</span> <span class='ocrx_word' id='word_1_249' title='bbox 1010 3881 1241 3935; x_wconf 83' lang='lat' dir='ltr'>xxvm</span> <span class='ocrx_word' id='word_1_250' title='bbox 1278 3900 1328 3952; x_wconf 84' lang='lat' dir='ltr'>p.</span> <span class='ocrx_word' id='word_1_251' title='bbox 1369 3869 1473 3938; x_wconf 81' lang='lat'><strong>51&#39;3</strong></span> <span class='ocrx_word' id='word_1_252' title='bbox 1655 3882 1689 3937; x_wconf 83' lang='lat'><em>8</em></span> <span class='ocrx_word' id='word_1_253' title='bbox 1728 3882 1842 3937; x_wconf 84' lang='lat' dir='ltr'>1ud.</span> <span class='ocrx_word' id='word_1_254' title='bbox 1883 3884 1933 3944; x_wconf 85' lang='lat'>4,</span> <span class='ocrx_word' id='word_1_255' title='bbox 1973 3883 2005 3936; x_wconf 80' lang='lat' dir='ltr'>s</span> <span class='ocrx_word' id='word_1_256' title='bbox 2191 3881 2256 3934; x_wconf 81' lang='lat'>18</span> <span class='ocrx_word' id='word_1_257' title='bbox 2295 3880 2412 3934; x_wconf 77' lang='lat' dir='ltr'>Iud.</span> <span class='ocrx_word' id='word_1_258' title='bbox 2452 3881 2503 3940; x_wconf 83' lang='lat'>4,</span> <span class='ocrx_word' id='word_1_259' title='bbox 2547 3881 2611 3933; x_wconf 85' lang='lat'>15</span> 
     </span>
     <span class='ocr_line' id='line_1_35' title="bbox 312 3968 742 4032; baseline -0.005 -8"><span class='ocrx_word' id='word_1_260' title='bbox 312 3970 390 4024; x_wconf 84' lang='lat'>25</span> <span class='ocrx_word' id='word_1_261' title='bbox 426 3968 542 4023; x_wconf 78' lang='lat' dir='ltr'>rud.</span> <span class='ocrx_word' id='word_1_262' title='bbox 581 3971 633 4032; x_wconf 87' lang='lat'>4,</span> <span class='ocrx_word' id='word_1_263' title='bbox 672 3971 742 4022; x_wconf 85' lang='lat'>22</span> 
     </span>
    </p>
   </div>
   <div class='ocr_carea' id='block_1_7' title="bbox 310 4090 2616 4252">
    <p class='ocr_par' dir='ltr' id='par_1_10' title="bbox 310 4090 2616 4252">
     <span class='ocr_line' id='line_1_36' title="bbox 390 4090 2616 4162; baseline -0.001 -17"><span class='ocrx_word' id='word_1_264' title='bbox 390 4093 423 4145; x_wconf 97' lang='grc'>2</span> <span class='ocrx_word' id='word_1_265' title='bbox 464 4092 665 4162; x_wconf 83' lang='lat' dir='ltr'>grande</span> <span class='ocrx_word' id='word_1_266' title='bbox 707 4091 771 4146; x_wconf 73' lang='lat'>8¹</span> <span class='ocrx_word' id='word_1_267' title='bbox 908 4093 941 4146; x_wconf 82' lang='lat'>6</span> <span class='ocrx_word' id='word_1_268' title='bbox 978 4093 1143 4146; x_wconf 87' lang='lat' dir='ltr'>habet</span> <span class='ocrx_word' id='word_1_269' title='bbox 1183 4095 1259 4162; x_wconf 82' lang='lat' dir='ltr'>(et</span> <span class='ocrx_word' id='word_1_270' title='bbox 1299 4094 1429 4148; x_wconf 78' lang='lat' dir='ltr'>add.</span> <span class='ocrx_word' id='word_1_271' title='bbox 1468 4112 1536 4148; x_wconf 86' lang='lat' dir='ltr'>m.</span> <span class='ocrx_word' id='word_1_272' title='bbox 1579 4098 1632 4161; x_wconf 77' lang='lat'>2)</span> <span class='ocrx_word' id='word_1_273' title='bbox 1675 4094 1720 4148; x_wconf 79' lang='lat' dir='ltr'><em>S</em></span> <span class='ocrx_word' id='word_1_274' title='bbox 1888 4094 2090 4147; x_wconf 82' lang='lat' dir='ltr'>occisos</span> <span class='ocrx_word' id='word_1_275' title='bbox 2131 4110 2186 4146; x_wconf 85' lang='lat' dir='ltr'>se</span> <span class='ocrx_word' id='word_1_276' title='bbox 2224 4091 2311 4157; x_wconf 83' lang='lat' dir='ltr'>N;</span> <span class='ocrx_word' id='word_1_277' title='bbox 2348 4090 2616 4161; x_wconf 85' lang='lat' dir='ltr'>percussit</span> 
     </span>
     <span class='ocr_line' id='line_1_37' title="bbox 310 4178 2609 4252; baseline -0.001 -17"><span class='ocrx_word' id='word_1_278' title='bbox 310 4182 386 4235; x_wconf 87' lang='lat' dir='ltr'>de</span> <span class='ocrx_word' id='word_1_279' title='bbox 423 4180 698 4235; x_wconf 83' lang='lat' dir='ltr'>Philistirn</span> <span class='ocrx_word' id='word_1_280' title='bbox 736 4186 1014 4235; x_wconf 84' lang='lat' dir='ltr'>sexcentos</span> <span class='ocrx_word' id='word_1_281' title='bbox 1054 4182 1198 4235; x_wconf 87' lang='lat' dir='ltr'>uiros</span> <span class='ocrx_word' id='word_1_282' title='bbox 1235 4200 1450 4236; x_wconf 88' lang='lat' dir='ltr'>uomere</span> <span class='ocrx_word' id='word_1_283' title='bbox 1491 4183 1648 4252; x_wconf 79' lang='lat' dir='ltr'>apud</span> <span class='ocrx_word' id='word_1_284' title='bbox 1683 4182 1913 4236; x_wconf 80' lang='lat' dir='ltr'>Hieron.</span> <span class='ocrx_word' id='word_1_285' title='bbox 2095 4183 2130 4236; x_wconf 86' lang='lat'>8</span> <span class='ocrx_word' id='word_1_286' title='bbox 2180 4181 2437 4235; x_wconf 87' lang='lat' dir='ltr'>deborrae</span> <span class='ocrx_word' id='word_1_287' title='bbox 2479 4178 2609 4232; x_wconf 85' lang='lat' dir='ltr'>add.</span> 
     </span>
    </p>
   </div>
   <div class='ocr_carea' id='block_1_8' title="bbox 308 4266 2622 4502">
    <p class='ocr_par' dir='ltr' id='par_1_11' title="bbox 308 4266 2622 4502">
     <span class='ocr_line' id='line_1_38' title="bbox 308 4266 2619 4341; baseline -0.003 -16"><span class='ocrx_word' id='word_1_288' title='bbox 308 4288 386 4325; x_wconf 82' lang='lat' dir='ltr'>m.</span> <span class='ocrx_word' id='word_1_289' title='bbox 428 4273 469 4323; x_wconf 78' lang='lat'><strong><em>2</em></strong></span> <span class='ocrx_word' id='word_1_290' title='bbox 504 4269 550 4324; x_wconf 79' lang='lat' dir='ltr'><strong><em>S</em></strong></span> <span class='ocrx_word' id='word_1_291' title='bbox 702 4272 734 4323; x_wconf 89' lang='lat'>9</span> <span class='ocrx_word' id='word_1_292' title='bbox 772 4269 863 4322; x_wconf 91' lang='lat' dir='ltr'>ibo</span> <span class='ocrx_word' id='word_1_293' title='bbox 901 4287 1005 4325; x_wconf 87' lang='lat' dir='ltr'>om.</span> <span class='ocrx_word' id='word_1_294' title='bbox 1045 4271 1090 4325; x_wconf 80' lang='lat' dir='ltr'><strong><em>S</em></strong></span> <span class='ocrx_word' id='word_1_295' title='bbox 1276 4272 1379 4325; x_wconf 88' lang='lat' dir='ltr'>eris</span> <span class='ocrx_word' id='word_1_296' title='bbox 1416 4271 1481 4324; x_wconf 90' lang='lat' dir='ltr'><strong><em>N</em></strong></span> <span class='ocrx_word' id='word_1_297' title='bbox 1622 4273 1688 4325; x_wconf 91' lang='grc'>12</span> <span class='ocrx_word' id='word_1_298' title='bbox 1729 4272 1870 4341; x_wconf 88' lang='lat' dir='ltr'>quod</span> <span class='ocrx_word' id='word_1_299' title='bbox 1910 4270 1975 4323; x_wconf 89' lang='lat' dir='ltr'><strong><em>N</em></strong></span> <span class='ocrx_word' id='word_1_300' title='bbox 2116 4271 2180 4324; x_wconf 87' lang='grc'>18</span> <span class='ocrx_word' id='word_1_301' title='bbox 2230 4269 2478 4322; x_wconf 82' lang='lat' dir='ltr'>sisarram</span> <span class='ocrx_word' id='word_1_302' title='bbox 2517 4266 2619 4320; x_wconf 68' lang='grc' dir='ltr'>ΡΞ</span> 
     </span>
     <span class='ocr_line' id='line_1_39' title="bbox 311 4355 2622 4430; baseline -0.002 -17"><span class='ocrx_word' id='word_1_303' title='bbox 311 4375 557 4430; x_wconf 73' lang='lat' dir='ltr'>sysaram</span> <span class='ocrx_word' id='word_1_304' title='bbox 603 4358 654 4412; x_wconf 88' lang='lat' dir='ltr'><em>T</em></span> <span class='ocrx_word' id='word_1_305' title='bbox 722 4359 788 4411; x_wconf 86' lang='lat'>19</span> <span class='ocrx_word' id='word_1_306' title='bbox 830 4375 1010 4412; x_wconf 85' lang='lat' dir='ltr'>curros</span> <span class='ocrx_word' id='word_1_307' title='bbox 1049 4359 1166 4414; x_wconf 84' lang='lat' dir='ltr'>PS¹</span> <span class='ocrx_word' id='word_1_308' title='bbox 1239 4361 1303 4412; x_wconf 87' lang='lat'>21</span> <span class='ocrx_word' id='word_1_309' title='bbox 1348 4361 1490 4413; x_wconf 88' lang='lat' dir='ltr'>enim</span> <span class='ocrx_word' id='word_1_310' title='bbox 1529 4376 1631 4413; x_wconf 80' lang='lat' dir='ltr'>om.</span> <span class='ocrx_word' id='word_1_311' title='bbox 1672 4359 1734 4414; x_wconf 74' lang='lat'>8¹</span> <span class='ocrx_word' id='word_1_312' title='bbox 1846 4360 2096 4413; x_wconf 86' lang='lat' dir='ltr'>sisarram</span> <span class='ocrx_word' id='word_1_313' title='bbox 2137 4358 2236 4413; x_wconf 75' lang='grc' dir='ltr'>ΡΒ</span> <span class='ocrx_word' id='word_1_314' title='bbox 2313 4357 2382 4411; x_wconf 84' lang='grc'>23</span> <span class='ocrx_word' id='word_1_315' title='bbox 2425 4356 2530 4410; x_wconf 85' lang='lat' dir='ltr'>aiel</span> <span class='ocrx_word' id='word_1_316' title='bbox 2558 4355 2622 4408; x_wconf 79' lang='lat' dir='ltr'><strong><em>N</em></strong></span> 
     </span>
     <span class='ocr_line' id='line_1_40' title="bbox 312 4446 1644 4502; baseline 0 -2"><span class='ocrx_word' id='word_1_317' title='bbox 312 4449 390 4501; x_wconf 76' lang='lat'>24</span> <span class='ocrx_word' id='word_1_318' title='bbox 427 4446 619 4500; x_wconf 82' lang='lat' dir='ltr'>baraac</span> <span class='ocrx_word' id='word_1_319' title='bbox 656 4446 858 4501; x_wconf 84' lang='lat' dir='ltr'><strong><em>PS¹V¹</em></strong></span> <span class='ocrx_word' id='word_1_320' title='bbox 968 4449 1037 4502; x_wconf 87' lang='grc'>26</span> <span class='ocrx_word' id='word_1_321' title='bbox 1077 4447 1268 4501; x_wconf 85' lang='lat' dir='ltr'>dicetis</span> <span class='ocrx_word' id='word_1_322' title='bbox 1306 4449 1361 4501; x_wconf 92' lang='lat' dir='ltr'><strong><em>P</em></strong></span> <span class='ocrx_word' id='word_1_323' title='bbox 1395 4447 1545 4502; x_wconf 86' lang='lat' dir='ltr'>dicat</span> <span class='ocrx_word' id='word_1_324' title='bbox 1591 4449 1644 4500; x_wconf 88' lang='lat' dir='ltr'><strong><em>V</em></strong></span> 
     </span>
    </p>
   </div>
   <div class='ocr_carea' id='block_1_9' title="bbox 428 4552 2473 4621">
    <p class='ocr_par' dir='ltr' id='par_1_12' title="bbox 428 4552 2473 4621">
     <span class='ocr_line' id='line_1_41' title="bbox 428 4552 2473 4621; baseline -0.002 -11"><span class='ocrx_word' id='word_1_325' title='bbox 428 4571 625 4612; x_wconf 78' lang='lat' dir='ltr'>XXVIII</span> <span class='ocrx_word' id='word_1_326' title='bbox 656 4572 774 4621; x_wconf 67' lang='lat' dir='ltr'>Aug.</span> <span class='ocrx_word' id='word_1_327' title='bbox 806 4575 913 4611; x_wconf 73' lang='lat' dir='ltr'>tect.</span> <span class='ocrx_word' id='word_1_328' title='bbox 944 4572 1015 4612; x_wconf 85' lang='lat'>111</span> <span class='ocrx_word' id='word_1_329' title='bbox 1044 4583 1149 4621; x_wconf 69' lang='lat' dir='ltr'>part</span> <span class='ocrx_word' id='word_1_330' title='bbox 1180 4573 1204 4611; x_wconf 73' lang='lat'><strong>3</strong></span> <span class='ocrx_word' id='word_1_331' title='bbox 2404 4552 2473 4606; x_wconf 89' lang='grc'>30</span> 
     </span>
    </p>
   </div>
  </div>
 </body>
</html>
