3076 4976
210 1644 264 1682 1⁰

208 2173 262 2213 15

200 3242 257 3280 25

916 467 1444 520 Adnotationum
1482 467 1549 519 in
1587 466 1702 520 Iob
1743 466 1921 518 liber
1958 466 2000 519 Ι.
2472 468 2597 531 621

307 664 368 727 in
425 663 636 726 lucem
691 661 1006 725 libertatis
1067 661 1275 725 exiens
1332 661 1641 725 facilitate
1699 661 1848 725 boni
1895 660 2100 742 operis
2148 661 2211 723 in
2259 660 2598 724 latitudine

309 770 588 833 caritatis
631 768 890 834 exultat.
933 774 1008 832 et
1046 767 1424 850 procedit
1458 768 1533 831 in
1574 768 1976 851 proelium
2028 787 2197 831 cum
2246 767 2598 832 uirtute:

307 876 611 939 aduersus
667 875 1048 939 tentationes
1108 874 1591 938 aduersitatum.
1660 893 2264 956 occurrensque
2330 874 2603 938 iaculo

307 981 788 1045 contemnit:
849 980 997 1063 quia
1053 981 1506 1063 circumposita
1567 984 1717 1044 sunt
1764 980 1821 1043 ei
1870 1000 2062 1058 arma,
2111 980 2173 1043 in
2224 981 2457 1062 quibus
2507 983 2605 1044 est

302 1089 463 1152 illud
520 1092 776 1152 scutum
832 1087 999 1165 fidei,
1056 1087 1118 1150 in
1178 1107 1302 1170 quo
1363 1087 1567 1170 ignita
1621 1087 1863 1150 inimici
1920 1087 2127 1152 iacula
2176 1087 2602 1170 extinguntur.

304 1214 443 1259 nec
493 1214 572 1259 se
622 1195 928 1258 auertit
975 1214 1010 1258 a
1058 1194 1309 1258 ferro:
1363 1195 1468 1258 uel
1515 1213 1552 1257 a
1599 1199 1800 1258 morte
1840 1194 2083 1258 uisibili
2123 1194 2228 1258 uel
2268 1195 2414 1277 quia
2454 1196 2603 1257 sunt

304 1305 366 1365 et
413 1301 553 1365 duri
601 1301 678 1365 ad
724 1322 848 1365 non
897 1301 1418 1365 consentiendum
1471 1301 1731 1365 ueritati
1780 1305 1843 1365 et
1890 1300 2059 1365 acuti
2109 1301 2187 1364 ad
2223 1319 2603 1383 persequen-

305 1408 452 1471 dum
523 1428 558 1470 a
624 1408 856 1489 quibus
926 1427 993 1471 se
1061 1427 1181 1471 non
1249 1407 1498 1483 auertit,
1560 1408 1706 1490 quia
1763 1408 1957 1471 etiam
2012 1407 2186 1491 ipsos
2244 1411 2318 1470 ut
2374 1407 2602 1490 diligat

301 1514 574 1578 iubetur.
626 1533 869 1596 super
906 1514 1172 1596 ipsum
1221 1514 1428 1577 enim
1478 1514 1779 1598 gaudet
1826 1533 2058 1578 arcus
2110 1517 2188 1577 et
2234 1513 2597 1597 gladius:

301 1639 412 1701 per
476 1620 935 1685 confessionem
1001 1620 1233 1703 quippe
1301 1621 1437 1684 eius
1504 1620 1821 1684 adseritur
1888 1624 1951 1684 et
2016 1619 2418 1684 comminatio
2479 1620 2599 1696 dei,

302 1749 461 1810 quae
507 1729 864 1792 inuisibiles
913 1746 1148 1811 poenas
1197 1729 1383 1811 longe
1429 1728 1854 1809 praenuntiat,
1897 1732 1961 1791 et
1996 1727 2361 1791 testificatio
2403 1728 2598 1804 uerbi,

301 1855 424 1917 qua
473 1854 690 1899 omnes
735 1838 1064 1916 tamquam
1114 1835 1402 1898 cominus
1453 1854 1693 1898 errores
1744 1834 2038 1899 debellat.
2080 1833 2257 1896 aliud
2295 1836 2393 1897 est
2431 1833 2597 1897 enim

300 1940 545 2018 minari,
603 1940 771 2021 quod
827 1941 1015 2024 longe
1071 1941 1288 2004 futura
1346 1943 1494 2004 sunt
1553 1940 1867 2022 supplicia
1932 1943 2361 2022 peccatorum,
2431 1939 2598 2022 quod

300 2051 401 2111 est
453 2050 780 2128 tamquam
836 2065 982 2110 arcu
1041 2046 1169 2110 tela
1224 2046 1569 2121 intendere,
1630 2047 1803 2110 aliud
1867 2050 2196 2128 tamquam
2261 2065 2453 2109 manu
2520 2045 2597 2108 ad

301 2174 557 2218 manum
597 2153 805 2237 gladio
845 2153 1021 2217 uerbi
1059 2157 1422 2234 praesentes
1464 2152 1777 2217 debellare
1819 2153 2221 2235 cupiditates.
2270 2154 2599 2216 lanceae

299 2261 737 2341 hastaeque
786 2262 1163 2323 tremore:
1214 2259 1367 2340 quid
1416 2262 1514 2322 est
1564 2258 1732 2340 quod
1777 2261 2031 2324 lanceae
2079 2260 2424 2339 hastaeque
2472 2263 2594 2322 tre-

298 2387 472 2430 more
532 2385 721 2448 super
774 2367 988 2447 ipsum
1046 2365 1285 2448 gaudet
1330 2385 1516 2430 arcus
1569 2368 1631 2428 et
1679 2366 1978 2448 gladius?
2027 2386 2102 2429 an
2154 2366 2303 2447 quia
2349 2369 2413 2429 et
2458 2366 2594 2448 ipse

298 2474 422 2538 nisi
477 2475 726 2549 tremat,
784 2473 904 2537 hoc
954 2477 1053 2536 est
1100 2472 1329 2537 timeat
1376 2473 1660 2538 futuram
1708 2476 1995 2549 mortem,
2048 2492 2234 2555 quam
2283 2473 2600 2538 iaculatur

300 2581 517 2645 diuina
560 2580 830 2656 iustitia,
879 2599 1001 2644 non
1048 2583 1264 2662 potest
1309 2583 1707 2663 praesentem
1757 2583 2175 2658 contemnere,
2227 2599 2416 2662 quam
2461 2600 2597 2663 per-

302 2690 557 2752 secutor
609 2687 908 2762 minatur,
969 2690 1044 2751 ut
1089 2687 1470 2770 intrepidam
1517 2687 1752 2751 habeat
1800 2686 2262 2750 confessionem
2312 2690 2377 2750 et
2421 2705 2596 2770 prae-

297 2793 466 2857 dicet
510 2812 656 2857 cum
702 2792 935 2856 fiducia
983 2793 1340 2870 ueritatem,
1390 2793 1492 2857 cui
1541 2813 1660 2857 non
1700 2793 1950 2874 possint
1987 2792 2228 2857 inimici
2266 2793 2591 2868 resistere;

298 2902 486 2980 atque
551 2898 642 2988 ita
715 2918 942 2981 „super
1007 2918 1152 2962 eum
1222 2899 1561 2983 gaudeat“‚
1629 2899 1749 2963 hoc
1815 2902 1915 2963 est
1965 2919 2077 2981 per
2131 2900 2343 2980 ipsum
2397 2899 2595 2963 libere

297 3006 626 3069 adseratur
700 3005 984 3069 doctrina
1061 3004 1180 3082 dei,
1256 3025 1367 3087 per
1442 3026 1632 3087 quam
1705 3006 1985 3070 minatur
2051 3006 2242 3088 inpiis
2306 3006 2594 3070 futurum

294 3112 625 3176 interitum
702 3116 767 3175 et
838 3111 1139 3176 interficit
1214 3118 1613 3195 praesentem
1690 3113 2139 3194 iniquitatem?
2221 3113 2344 3176 nisi
2428 3112 2592 3176 enim

300 3218 603 3302 gaudium
653 3218 789 3300 spei
828 3223 1080 3282 nostrae
1120 3237 1264 3282 cum
1305 3221 1575 3283 tremore
1616 3220 2038 3283 damnationis
2079 3221 2267 3295 esset,
2307 3218 2370 3281 in
2411 3218 2592 3282 nobis

296 3326 639 3408 neglegens
697 3329 871 3389 esset
925 3325 1066 3407 ipsa
1112 3326 1422 3389 securitas
1472 3330 1536 3389 et
1585 3326 1858 3408 superba
1904 3326 2338 3409 praesumptio
2389 3337 2593 3407 neque

292 3432 356 3494 in
423 3430 667 3514 psalmo
734 3431 917 3496 nobis
986 3431 1329 3497 diceretur:
1400 3432 1769 3496 exultate
1838 3433 1907 3496 ei
1982 3451 2155 3496 cum
2217 3436 2586 3497 tremore.

294 3540 374 3601 et
418 3537 848 3601 iracundia
896 3539 1199 3602 euertit
1244 3542 1572 3602 terram:
1617 3538 1784 3621 apud
1823 3543 2026 3602 semet
2061 3539 2274 3619 ipsum
2311 3538 2588 3602 ira-scens

293 3644 374 3708 ad
448 3646 819 3709 euertendas
903 3645 966 3709 in
1051 3664 1118 3709 se
1203 3649 1481 3709 terrenas
1569 3645 2113 3727 concupiscentias
2190 3648 2250 3709 et
2321 3644 2588 3708 timores

472 3834 504 3886 2
542 3833 639 3887 Iob
678 3834 764 3897 39,
803 3834 867 3886 21
981 3835 1014 3887 3
1052 3834 1150 3888 Iob
1191 3834 1275 3895 39,
1315 3836 1384 3887 22
1494 3837 1528 3889 4
1569 3834 1634 3889 cf.
1674 3835 1870 3905 Ephes.
1911 3837 1961 3899 6,
2003 3838 2068 3889 16
2180 3837 2211 3889 6
2250 3835 2347 3889 Iob
2389 3835 2474 3897 39,
2518 3834 2584 3886 22

290 3924 325 3975 9
363 3921 459 3974 Iob
500 3921 585 3985 39,
623 3922 691 3974 23
805 3923 869 3976 15
907 3922 1005 3976 Iob
1045 3924 1131 3989 39,
1171 3925 1238 3977 23
1349 3926 1416 3977 27
1455 3925 1544 3978 Ps.
1587 3927 1636 3989 2,
1680 3926 1738 3978 11
1855 3926 1922 3978 28
1961 3924 2058 3978 Iob
2099 3926 2184 3985 39.
2225 3926 2295 3979 24

363 4018 792 4079 Βίειιῒαῒίοῐιεηι
821 4028 906 4101 Ρψ
984 4045 1264 4102 occurrens
1294 4030 1324 4083 b
1399 4031 1433 4083 4
1471 4034 1598 4082 sunt
1633 4046 1736 4085 om.
1772 4029 1819 4083 (J
1886 4031 1918 4082 6
1957 4048 1989 4083 a
2024 4046 2126 4085 om.
2173 4031 2219 4083 0
2324 4049 2356 4084 a
2391 4032 2584 4102 morte]

291 4131 471 4167 amore
528 4115 629 4167 ΤΡ
808 4116 898 4184 qui
940 4116 978 4169 d
1155 4118 1186 4170 8
1236 4119 1384 4187 ipsos
1435 4120 1600 4171 etiarn
1639 4119 1711 4172 bd
1891 4118 2180 4187 diligamus
2219 4120 2273 4172 P
2316 4120 2501 4189 diligit
2543 4121 2591 4174 G

289 4205 324 4255 9
363 4204 530 4273 enim]
571 4207 751 4257 autem
791 4204 935 4258 Hier
1045 4205 1109 4259 12
1149 4223 1456 4259 communes
1500 4206 1548 4259 G
1655 4208 1719 4261 13
1759 4211 1888 4260 sunt
1923 4207 2105 4260 sutura
2142 4207 2195 4259 P
2304 4209 2368 4261 15
2408 4209 2582 4278 uerbi]

288 4291 385 4344 ubi
430 4292 477 4344 G
617 4291 910 4361 debellare]
953 4292 1146 4347 debere
1186 4295 1217 4347 b
1358 4297 1422 4348 16
1463 4299 1685 4363 asteque
1731 4296 1777 4348 Ο
1808 4296 2071 4364 hosteque
2111 4296 2142 4350 b
2281 4296 2345 4349 17
2384 4297 2490 4350 nisi
2530 4302 2585 4351 et

288 4381 406 4449 ipse
452 4380 572 4434 de
679 4382 747 4435 20
786 4380 1050 4451 praedicit
1097 4382 1171 4435 Cb
1281 4383 1351 4435 22
1390 4383 1470 4436 ita
1506 4400 1608 4437 om.
1655 4383 1703 4437 0
1841 4401 1959 4437 eam
1998 4385 2029 4436 b
