3076 4976
724 457 1200 524 Quaestionum
1236 454 1349 507 lib.
1387 453 1443 506 11
1481 450 1771 523 (Quaest.
1815 448 1889 502 de
1928 445 2188 512 Exodo).
2475 447 2593 510 181

311 659 743 731 aeternum,
792 654 938 737 quia
975 653 1091 717 filii
1126 652 1367 716 Israhel
1406 649 1783 730 acceperunt
1821 642 2286 710 obseruandum
2325 640 2602 722 signum,

311 783 431 847 quo
506 764 755 845 requies
830 761 1226 845 significatur
1293 761 1549 822 aeterna
1620 754 1789 819 ueris
1855 750 2240 825 IsrahelitiS,
2315 749 2436 813 hoc
2503 750 2602 811 est

309 871 457 935 filiis
514 869 955 955 promissionis
1004 872 1068 932 et
1112 866 1348 931 uisuris
1398 865 1585 928 deum
1633 861 1793 927 facie
1841 861 1919 924 ad
1964 857 2192 923 faciem
2240 855 2433 921 sicuti
2481 856 2599 918 est.

397 978 578 1044 CXL.
627 979 724 1043 Et
769 977 999 1041 dedit
1041 974 1305 1058 Moysi
1354 971 1638 1037 statim
1686 973 1772 1034 ut
1819 965 2188 1032 cessauit
2232 965 2460 1046 loqui
2510 965 2600 1029 ad

253 1109 277 1146 5
312 1105 482 1150 eum
522 1086 598 1150 in
638 1087 904 1149 monte
936 1082 1126 1149 Sina
1158 1082 1355 1146 duas
1385 1077 1717 1143 tabulas
1747 1073 2235 1149 testimonii,
2268 1073 2597 1137 tabulas

307 1192 675 1275 lapideas
736 1191 1095 1273 scriptas
1154 1188 1420 1272 digito
1479 1185 1628 1249 dei.
1705 1203 1848 1248 cum
1909 1185 2038 1245 tam
2096 1179 2300 1244 multa
2343 1180 2599 1245 locutus

309 1300 395 1363 sit
457 1299 636 1375 deus,
703 1299 863 1362 duae
927 1301 1137 1361 tamen
1203 1294 1458 1359 tabulae
1524 1292 1750 1355 dantur
1804 1288 2013 1372 Moysi
2075 1288 2380 1371 lapideae,
2439 1307 2598 1370 quae

309 1406 603 1471 dicuntur
646 1406 901 1469 tabulae
957 1401 1311 1468 testimonii
1367 1400 1621 1463 futurae
1675 1398 1738 1460 in
1797 1414 1955 1460 arca.
2034 1394 2331 1458 nimirum
2388 1393 2600 1458 omnia

308 1515 532 1589 cetera,
603 1530 762 1594 quae
825 1509 1151 1594 praecepit
1204 1508 1359 1573 deus
1418 1526 1488 1570 ex
1546 1505 1676 1569 illis
1735 1504 1951 1567 decem
2009 1501 2382 1584 praeceptiS,
2439 1520 2596 1583 quae

229 1644 275 1682 ιο
311 1619 556 1683 duabus
603 1618 843 1682 tabulis
893 1616 1248 1698 conscripta
1294 1617 1465 1689 sunt,
1511 1612 1781 1695 pendere
1828 1610 2305 1691 intelleguntur,
2355 1609 2409 1672 si
2459 1609 2595 1671 dili·

307 1729 522 1809 genter
579 1728 961 1807 quaerantur
1016 1727 1082 1788 et
1135 1723 1293 1787 bene
1348 1721 1823 1803 intellegantur,
1875 1717 2191 1800 quomodo
2248 1717 2401 1780 haec
2456 1716 2598 1800 ipsa

303 1852 521 1896 rursus
589 1832 806 1896 decem
870 1833 1208 1914 praecepta
1274 1848 1346 1892 ex
1413 1827 1662 1891 duobus
1727 1825 1878 1901 illis,
1945 1823 2192 1900 scilicet
2256 1822 2595 1887 dilectione

307 1939 403 2002 dei
453 1942 520 2004 et
556 1939 844 2022 proximi,
884 1938 946 2002 in
989 1937 1220 2019 quibus
1267 1937 1444 2000 tota
1489 1936 1615 1998 lex
1661 1932 1956 2016 pendet
2002 1934 2081 1995 et
2123 1930 2590 2012 prophetae.

393 2045 610 2111 CXLI.
693 2044 877 2124 Quod
942 2045 1124 2108 iubet
1183 2042 1391 2107 Aaron
1466 2042 1796 2105 inaures
1873 2039 2041 2103 demi
2113 2038 2190 2101 in
2242 2038 2591 2115 auribus

224 2175 268 2214 ιε
304 2171 635 2216 uxorum
693 2157 934 2235 atque
982 2151 1372 2225 filiarum,
1419 2149 1588 2213 unde
1635 2149 1767 2212 illis
1813 2148 2049 2212 faceret
2095 2147 2267 2223 deos,
2316 2168 2437 2211 non
2487 2147 2591 2211 ab-

305 2259 491 2324 surde
535 2260 933 2343 intellegitur
988 2258 1272 2323 difficilia
1324 2258 1681 2341 praecipere
1738 2257 2045 2331 uoluisse,
2101 2258 2175 2319 ut
2228 2255 2349 2319 hoc
2404 2254 2589 2319 modo

303 2384 411 2431 eos
468 2366 545 2429 ab
600 2366 714 2430 illa
767 2366 1116 2430 intentione
1173 2366 1532 2442 reuocaret3
1600 2364 1839 2428 factum
1895 2367 2108 2427 tamen
2164 2362 2324 2427 illud
2381 2362 2588 2445 ipsum

303 2470 580 2550 difficile,
647 2478 720 2537 ut
783 2475 952 2538 esset
1013 2492 1236 2537 aurum
1296 2472 1375 2537 ad
1428 2470 1789 2536 faciendum
1853 2469 2118 2547 idolum,
2172 2473 2428 2554 propter
2484 2492 2589 2536 eos

302 2579 645 2644 notandum
692 2581 937 2663 putaui,
979 2581 1088 2663 qui
1134 2580 1608 2656 contristantur,
1649 2579 1703 2642 si
1742 2579 1894 2660 quid
1932 2580 2059 2643 tale
2095 2583 2353 2662 propter
2386 2579 2589 2643 uitam

216 2708 266 2746 ιο
303 2690 615 2750 aeternam
664 2686 975 2752 diuinitus
1021 2686 1153 2752 fieri
1201 2688 1305 2750 uel
1353 2707 1552 2769 aequo
1600 2687 1809 2751 animo
1856 2686 2113 2750 tolerari
2158 2686 2470 2751 iubeatur.

389 2793 634 2859 CXLII.
717 2794 1030 2858 Dominus
1095 2794 1378 2859 indicans
1443 2794 1651 2877 Moysi
1718 2794 1867 2875 quid
1941 2795 2165 2859 fecerit
2229 2795 2305 2859 de
2379 2795 2585 2859 uitulo

300 2900 595 2982 populus,
652 2901 772 2965 hoc
830 2903 929 2964 est
983 2900 1059 2964 de
1115 2900 1286 2965 idolo
1347 2900 1514 2983 quod
1572 2920 1643 2964 ex
1700 2920 1849 2966 auro
1910 2921 2023 2965 suo
2081 2903 2376 2978 fecerant,
2434 2902 2590 2967 dicit

302 3023 408 3070 eos
466 3005 731 3071 dixisse:
788 3007 867 3070 hi
924 3006 1034 3070 dii
1093 3006 1246 3084 tui,
1295 3006 1644 3084 Israhel,
1696 3007 1830 3090 qui
1878 3006 2327 3073 eduxerunt
2374 3013 2449 3073 te
2498 3008 2587 3074 de

299 3114 516 3176 terra
559 3114 930 3197 Aegypti.
1010 3114 1180 3196 quod
1227 3133 1336 3178 eos
1386 3114 1618 3178 dixisse
1666 3134 1785 3179 non
1833 3115 2088 3198 legitur,
2147 3115 2256 3180 sed
2305 3117 2585 3181 animum

212 3240 261 3279 25
301 3237 516 3283 eorum
571 3219 739 3283 hunc
794 3221 994 3286 fuisse
1061 3221 1217 3285 deus
1284 3221 1583 3287 ostendit.
1659 3223 1883 3286 horum
1950 3223 2181 3306 quippe
2246 3224 2585 3287 uerborum

299 3326 599 3408 gerebant
643 3325 706 3389 in
757 3327 940 3391 eorde
989 3328 1390 3404 sententiam,
1441 3347 1602 3409 quae
1651 3328 1836 3393 deum
1884 3330 2081 3393 latere
2136 3348 2258 3393 non
2314 3333 2582 3411 poterat.

472 3568 506 3621 2
545 3568 611 3622 cf.
653 3567 771 3625 Gal.
809 3571 861 3632 4,
901 3570 970 3624 28
1098 3570 1130 3624 3
1170 3570 1236 3624 cf.
1278 3570 1303 3624 I
1342 3571 1457 3625 Iob.
1498 3572 1549 3632 3,
1590 3571 1622 3624 2
1749 3573 1784 3624 4
1821 3572 1913 3626 Ex.
1954 3575 2040 3634 31,
2085 3574 2149 3626 18
2284 3575 2346 3627 13
2384 3574 2579 3631 Matth.

296 3657 382 3718 22,
420 3658 492 3711 40
603 3658 669 3711 14
708 3658 773 3713 cf.
812 3659 908 3712 Ex.
947 3661 1035 3726 32,
1073 3663 1106 3713 2
1217 3662 1281 3714 21
1325 3660 1391 3715 cf.
1431 3661 1523 3714 Ex.
1565 3661 1650 3722 32,
1690 3661 1722 3714 8
1834 3663 1902 3716 23
1940 3662 2034 3715 Ex.
2075 3662 2160 3726 32,
2202 3663 2233 3715 9

370 3833 389 3885 1
437 3831 563 3886 filiis
603 3831 670 3884 N
770 3831 802 3885 3
840 3833 978 3887 facie
1022 3834 1070 3887 G
1207 3835 1275 3888 ad
1315 3835 1453 3889 facie
1489 3836 1536 3888 C
1638 3838 1674 3890 4
1710 3836 1779 3890 ad
1818 3854 1937 3890 eum
1979 3854 2080 3890 om.
2112 3837 2178 3891 N
2279 3841 2311 3892 5
2350 3840 2506 3893 sinan
2540 3841 2587 3896 Ο

294 3937 425 3989 syna
462 3920 564 3974 ST
704 3923 1008 3976 testimonii
1046 3922 1263 3977 tabulas
1302 3941 1405 3978 om.
1445 3925 1509 3978 N
1631 3928 1664 3978 6
1703 3926 1790 3979 dei
1828 3943 1930 3980 om.
1972 3927 2015 3977 C
2141 3929 2169 3980 7
2210 3930 2417 3997 tamen]
2459 3933 2579 3982 tan-

293 4013 406 4062 tum
446 4009 521 4063 bd
591 4010 624 4062 8
663 4010 866 4078 figurae
908 4011 990 4075 (in
1026 4028 1125 4080 my.
1165 4012 1398 4078 futurae)
1445 4013 1488 4062 V
1561 4014 1624 4067 12
1664 4013 1951 4066 dilectione
1990 4014 2201 4067 scilicet
2237 4015 2584 4070 PSNVde

299 4099 362 4150 13
398 4101 519 4151 tota
555 4114 623 4151 ex
658 4101 816 4152 tanta
865 4099 912 4151 V
1085 4101 1149 4154 14
1187 4102 1239 4154 in
1278 4103 1503 4170 scripsi:
1542 4103 1595 4166 in
1649 4102 1693 4154 V
1730 4104 1796 4156 ab
1835 4103 2125 4156 PSNde
2161 4119 2261 4156 om.
2308 4103 2380 4170 0,·
2417 4105 2487 4171 cf.
2518 4123 2578 4173 p.

300 4189 390 4252 56,
427 4190 501 4239 10
630 4188 696 4240 15
733 4187 1157 4242 non—difficilia
1193 4206 1296 4243 ona.
1324 4189 1387 4243 N
1513 4195 1579 4245 16
1618 4192 1855 4261 praecipi
1891 4193 1938 4244 G
2062 4192 2125 4244 17
2164 4193 2361 4262 ipsum]
2402 4192 2578 4261 ipsum

294 4277 472 4328 tamen
519 4275 562 4328 Ο
637 4274 703 4329 18
741 4274 951 4330 deficile
989 4279 1033 4328 (J
1105 4279 1174 4332 20
1211 4279 1501 4333 iubeantur
1528 4279 1685 4333 PST
1752 4280 1821 4331 22
1858 4280 2104 4332 fecerunt
2131 4280 2195 4332 N
2265 4283 2333 4335 23
2363 4281 2441 4334 hii
2469 4282 2585 4336 PT

295 4363 347 4415 di
383 4364 448 4416 N
586 4368 641 4417 te
680 4364 977 4419 eduxerunt
1022 4367 1200 4420 Cl'bd
1305 4369 1375 4421 26
1414 4385 1574 4438 quam
1612 4368 1679 4422 N
1815 4372 2070 4438 poterant
2115 4370 2163 4422 T
