3076 4976
419 457 546 519 438
1127 452 1176 503 S
1237 450 1508 503 Aureli
1567 450 2003 519 Augustini

417 647 562 711 tibi
621 646 963 711 dominus
1023 646 1204 710 deus
1262 649 1460 710 tuus.
1522 649 1586 709 et
1639 644 1743 709 hic
1799 644 2066 710 istarum
2121 647 2365 727 septem
2424 646 2709 727 gentium

421 759 650 817 terram
706 753 1080 836 promissam
1129 752 1190 815 in
1249 752 1683 825 hereditatem,
1744 771 1930 833 quam
1991 752 2323 816 debellatis
2381 771 2583 834 usque
2632 750 2710 814 ad

419 858 908 922 internecionem
967 857 1204 920 eisdem
1261 857 1559 941 gentibus
1615 857 1984 922 Israhelitae
2039 856 2458 939 possiderent,
2513 855 2708 919 mani-

421 966 659 1029 festum
709 968 825 1029 est.
877 968 1116 1029 ceteras
1167 963 1334 1027 enim
1382 983 1541 1045 quae
1598 965 2009 1048 longinquius
2059 967 2231 1027 extra
2275 963 2433 1027 istas
2492 966 2709 1047 gentes

421 1071 873 1145 inuenirentur.
924 1071 1131 1134 uoluit
1177 1069 1315 1133 fieri
1362 1071 1730 1135 tributarias
1782 1090 2018 1148 eorum,
2060 1071 2114 1134 si
2154 1090 2275 1133 non
2312 1070 2708 1139 resisterent:
2776 1096 2800 1135 ε

425 1178 478 1241 si
537 1182 746 1241 autem
806 1178 1193 1253 resisterent,
1254 1178 1442 1241 etiam
1501 1178 1676 1259 ipsas
1732 1177 2001 1242 interfici
2059 1180 2123 1240 et
2177 1177 2238 1240 in
2294 1175 2711 1258 perditionem

423 1286 555 1349 dari
622 1286 898 1367 exceptis
960 1285 1290 1368 pecoribus
1350 1289 1411 1350 et
1470 1304 1630 1367 quae
1685 1285 1747 1349 in
1807 1285 2103 1368 praedam
2159 1286 2423 1365 possent
2477 1282 2710 1346 uenire.

422 1393 573 1455 item
641 1392 762 1457 alio
828 1393 965 1457 loco
1015 1393 1076 1456 in
1144 1393 1641 1457 Deuteronomio
1711 1393 1802 1456 ita
1868 1392 2131 1475 legitur:
2200 1394 2273 1455 et
2338 1389 2483 1454 erit
2548 1408 2711 1453 cum

423 1498 805 1563 induxerit
869 1505 939 1564 te
1007 1501 1353 1565 dominus
1421 1501 1604 1565 deus
1669 1504 1848 1563 tuus
1896 1500 1965 1563 in
2033 1504 2308 1563 terram
2374 1498 2444 1562 in
2495 1515 2710 1578 quam

423 1605 664 1670 intras
712 1606 818 1670 ibi
867 1607 1295 1671 hereditare
1347 1627 1499 1672 eam
1543 1611 1613 1671 et
1652 1606 2066 1670 abstulerit
2105 1609 2368 1689 gentes
2409 1621 2711 1686 magnas
2752 1630 2806 1669 10

428 1716 498 1776 et
546 1713 827 1776 multas
876 1732 912 1776 a
960 1717 1373 1797 conspectu
1430 1720 1581 1792 tuo,
1642 1713 2034 1779 Cettaeum
2083 1716 2156 1775 et
2205 1710 2712 1795 Gergesaeum

429 1822 499 1883 et
571 1819 1109 1885 Amorrhaeum
1188 1824 1260 1886 et
1324 1822 1829 1887 Pherezaeum
1907 1824 1980 1885 et
2058 1819 2577 1885 Chananaeum
2644 1821 2713 1881 et

428 1926 754 1990 Buaeum
833 1930 903 1991 et
975 1929 1446 2007 Iebusaeum,
1534 1932 1825 2012 septem
1910 1932 2175 2012 gentes
2261 1944 2566 2008 magnas
2645 1930 2715 1990 et

432 2033 711 2097 multas
764 2037 835 2098 et
872 2035 1234 2100 fortiores
1284 2036 1527 2113 uobis
1582 2040 1653 2100 et
1690 2035 1942 2100 tradet
1981 2053 2104 2098 eos
2147 2032 2492 2096 (lominus
2532 2032 2712 2095 deus

429 2146 614 2203 tuus
691 2141 762 2204 in
837 2162 1098 2206 manus
1173 2147 1346 2208 tuas
1424 2148 1495 2207 et
1568 2141 1953 2225 percuties
2040 2159 2183 2215 eOS‚
2270 2137 2712 2204 exterminio
2754 2163 2803 2200 15

431 2248 971 2313 exterminabis
1031 2268 1176 2314 eos
1235 2270 1373 2315 non
1434 2250 1792 2332 dispones
1851 2248 1936 2312 ad
1995 2267 2120 2312 eos
2176 2250 2714 2311 testamentum

430 2372 667 2436 neque
708 2355 1145 2421 miserearis
1186 2376 1435 2421 eorum
1476 2375 1714 2438 neque
1753 2354 2258 2420 matrimoniis
2299 2352 2714 2436 iungamini

432 2479 592 2524 cum
645 2459 780 2537 eis;
850 2461 1094 2526 filiam
1161 2465 1361 2527 tuam
1411 2482 1552 2527 non
1603 2461 1816 2526 dabis
1881 2460 2050 2526 filio
2119 2461 2282 2525 eius
2334 2463 2405 2523 et
2471 2459 2714 2523 filiam

432 2567 593 2631 eius
644 2587 783 2631 non
834 2588 1081 2634 sumes
1130 2570 1301 2633 filio
1350 2574 1478 2633 tuo
1531 2574 1594 2633 et
1642 2574 1867 2634 cetera.

519 2674 786 2739 Proinde
835 2676 933 2739 his
983 2680 1170 2757 atque
1218 2676 1359 2739 aliis
1410 2676 1863 2756 scripturarum
1909 2675 2068 2739 locis
2119 2693 2304 2755 saepe
2363 2671 2720 2737 ostenditur
2757 2699 2810 2736 20

431 2782 653 2845 harum
731 2786 976 2865 septem
1033 2783 1319 2866 gentium
1385 2784 1583 2846 terras
1648 2782 1738 2846 ita
1805 2781 2128 2864 accepisse
2184 2782 2248 2845 in
2302 2780 2716 2845 hereditatem

432 2888 595 2952 filios
644 2889 907 2956 Israhel.
957 2892 1030 2952 ut
1075 2908 1195 2952 non
1247 2909 1390 2952 cum
1441 2889 1532 2953 eis
1575 2889 1682 2972 qui
1722 2890 1976 2953 easdem
2017 2892 2212 2952 terras
2250 2887 2568 2962 tenebant,
2609 2884 2719 2949 sed

431 3015 543 3077 pro
612 2996 703 3060 eis
769 2996 902 3060 illic
969 2996 1347 3061 habitarent.
1415 3016 1640 3061 uerum
1706 3000 1914 3060 tamen
1963 2996 2025 3059 in
2078 2994 2307 3060 Genesi
2373 3013 2493 3058 non
2560 2993 2720 3057 istae

432 3105 685 3165 tantum
758 3105 1002 3184 septem
1079 3105 1319 3184 genteS‚
1399 3102 1512 3166 sed
1587 3102 1880 3166 undecim
1953 3100 2415 3183 promittuntur
2496 3098 2719 3164 semini

433 3209 742 3272 Abrabae.
795 3209 883 3272 sic
935 3208 1100 3272 enirn
1148 3208 1414 3292 legitur:
1462 3209 1534 3272 in
1585 3208 1702 3272 die
1757 3209 1892 3272 illa
1940 3207 2326 3290 disposuit
2374 3205 2719 3270 dominus
2761 3223 2817 3264 25

438 3315 619 3380 deus
682 3319 1227 3380 testamentum
1294 3316 1381 3380 ad
1444 3315 1820 3379 Abraham
1887 3314 2176 3380 dicens:
2257 3313 2526 3378 semini
2590 3320 2718 3376 tuo

438 3422 623 3487 dabo
672 3425 945 3486 terram
994 3423 1180 3486 hanc
1232 3443 1266 3487 a
1313 3423 1630 3487 flumine
1670 3422 1995 3505 Aegypti
2035 3441 2273 3503 usque
2313 3420 2400 3483 ad
2438 3420 2718 3482 flumen

437 3548 805 3612 magnum,
854 3530 1135 3594 flumen
1184 3530 1646 3611 Euphraten:
1699 3528 2030 3593 Cenaeos
2080 3531 2152 3592 et
2192 3526 2610 3592 Cenezaeos
2652 3526 2723 3587 et

616 3720 647 3772 8
686 3719 850 3772 Deut.
893 3721 941 3781 7,
984 3719 1121 3772 1-3
1230 3720 1298 3772 25
1340 3717 1471 3771 Gen.
1516 3718 1600 3780 15,
1643 3716 1853 3771 18—20

509 3845 541 3897 2
580 3843 886 3898 hereditate
924 3843 1153 3898 PNVT
1311 3842 1379 3897 ad
1417 3859 1518 3898 om.
1560 3841 1658 3895 ΡΒ
1782 3844 1813 3896 3
1853 3843 2071 3897 eusdem
2110 3843 2167 3895 N
2296 3842 2330 3894 4
2366 3841 2585 3909 longius
2618 3838 2728 3892 PT

438 3936 470 3987 6
514 3934 561 3987 si
598 3936 778 3986 autern
816 3935 1132 3988 resisterent
1168 3949 1270 3986 om.
1310 3932 1357 3987 S
1506 3931 1738 3985 interfici
1777 3933 1848 4002 et]
1888 3933 2179 3985 interficias
2215 3931 2283 3984 N
2437 3929 2724 4000 pei-dictio·

439 4038 559 4075 nem
599 4021 645 4076 S
777 4023 810 4076 8
847 4023 935 4074 καὶ
970 4021 1114 4075 ’ἔσται
1154 4022 1206 4074 ἓν
1244 4024 1317 4091 τῷ
1358 4022 1642 4094 εὶςαγαγεὶν
1683 4041 1738 4075 σε
1777 4023 1949 4092 κύριον
1988 4022 2103 4076 cod.
2143 4020 2302 4074 Alex.
2453 4018 2519 4072 10
2555 4018 2725 4071 intras

438 4110 538 4179 ibi]
577 4111 854 4164 intrabitis
884 4111 1054 4165 PVT
1193 4112 1394 4165 multas
1426 4116 1481 4165 et
1509 4129 1735 4181 magnas
1762 4112 1826 4165 N
1829 4131 1847 4175 ;
1885 4109 2086 4182 μεγάλα
2112 4109 2199 4161 καὶ
2225 4107 2395 4160 πολλοὶ
2422 4106 2537 4162 cod.
2567 4106 2725 4159 Alex.

444 4200 507 4254 13
547 4198 748 4270 μεγάλα
775 4200 861 4252 ’καὶ
890 4199 1057 4253 πολλά
1085 4201 1200 4255 cod.
1230 4201 1387 4255 Alex.
1501 4203 1567 4255 14
1607 4200 1761 4253 nobis
1791 4198 1856 4253 S¹
1969 4201 2032 4253 15
2071 4197 2339 4268 percutiet
2376 4196 2426 4250 V
2537 4196 2600 4249 16
2640 4211 2727 4247 ex-

439 4289 753 4343 terminabit
790 4288 837 4344 S
1039 4293 1103 4345 21
1147 4290 1450 4344 hereditate
1485 4289 1553 4342 N
1746 4289 1815 4342 28
1853 4288 2048 4341 flumen
2089 4303 2206 4355 eccl).
2257 4286 2307 4338 V
2539 4300 2728 4338 ceneos

441 4377 657 4432 PSVN
688 4396 915 4434 coeneos
964 4380 1015 4433 T
1156 4396 1407 4432 cenezeos
1446 4376 1717 4432 PSVNT
