3076 4976
399 502 528 564 316
1105 498 1158 553 S.
1216 498 1485 552 Aureli
1546 496 1981 567 Augustini

401 694 509 758 alii
594 694 1092 771 „custodias“,
1168 694 1278 759 alii
1358 695 1790 771 „excubias“
1871 694 2271 778 interpretati
2345 698 2514 760 sunt.
2578 694 2688 760 sed

398 801 633 865 mirum
679 800 803 865 nisi
849 801 1109 884 uigiliae
1173 803 1404 867 melius
1472 801 1787 877 dicuntur,
1855 821 2013 884 quae
2081 804 2289 866 solent
2335 802 2397 865 in
2465 803 2688 867 castn's

400 912 721 972 ternarum
768 908 1062 973 horarum
1112 909 1618 973 obseruationem
1675 909 1926 975 habere.
1977 910 2141 974 uude
2208 910 2515 993 scriptum
2564 917 2688 977 est:

405 1018 676 1096 quarta
723 1018 973 1080 autem
1036 1014 1316 1099 uigilia
1376 1015 1630 1097 noctis
1695 1016 1908 1080 uenit
1953 1016 2040 1080 ad
2108 1036 2232 1081 eos
2300 1018 2689 1084 ambulans

404 1140 627 1204 super
672 1140 886 1199 mare,
955 1123 1074 1187 hoc
1122 1126 1221 1187 est
1265 1126 1414 1204 post
1479 1142 1709 1186 nonam
1777 1122 1995 1186 horam
2061 1123 2287 1201 noctis,
2354 1129 2500 1207 post
2565 1130 2690 1191 tres
2751 1144 2782 1184 5

403 1227 704 1293 uidelicet
746 1228 1022 1313 uigilias,
1081 1230 1146 1293 et
1190 1228 1411 1294 multis
1457 1229 1620 1293 locis
1668 1228 2122 1311 scripturarum
2177 1230 2379 1294 nostri
2435 1230 2691 1314 uigilias

403 1335 796 1416 interpretati
871 1339 1040 1414 sunt,
1117 1355 1273 1418 quas
1351 1335 1580 1400 Graeci
1654 1332 1932 1420 φυλακάς
2009 1339 2260 1400 uocant.
2333 1336 2446 1401 ubi
2520 1337 2695 1401 nulla

405 1441 715 1506 dubitatio
773 1445 874 1507 est
919 1442 1124 1524 spatia
1178 1442 1469 1506 nocturni
1523 1442 1827 1525 temporis
1886 1442 2251 1526 significari:
2314 1443 2482 1525 quod
2537 1448 2692 1526 puto

406 1551 470 1613 et
515 1548 618 1613 hic
666 1549 1125 1631 accipiendum.
1166 1549 1478 1632 quomodo
1521 1550 1687 1613 enim
1724 1549 1988 1613 Leuitae
2025 1548 2323 1613 iubentur
2360 1551 2695 1615 obseruare

405 1655 730 1720 custodias
775 1657 982 1720 Aaron
1032 1658 1097 1719 et
1144 1656 1466 1721 custodias
1515 1656 1790 1721 filiorum
1836 1655 2098 1729 Israhel,
2147 1655 2213 1719 id
2262 1658 2361 1720 est
2396 1657 2693 1742 φυλακάς,
2734 1676 2788 1714 ιο

405 1762 527 1826 nisi
575 1762 843 1826 fortasse
900 1762 1142 1826 dictum
1199 1767 1318 1840 est,
1367 1781 1443 1826 ne
1493 1765 1788 1845 putarent
1835 1762 1910 1826 ab
1962 1761 2372 1826 obseruandis
2428 1762 2694 1846 uigiliis,

409 1886 567 1950 quae
632 1869 882 1951 proprie
946 1870 1010 1933 in
1078 1869 1303 1933 castris
1371 1868 1694 1933 obseruari
1761 1870 1985 1944 solent,
2053 1871 2311 1951 propter
2373 1870 2695 1945 honorem,

408 1993 531 2055 quo
582 1975 944 2039 seruiebant
988 1976 1418 2054 tabernaculo,
1464 1976 1780 2040 immunes
1829 1994 1896 2040 se
1945 1994 2085 2039 esse
2143 1975 2389 2053 debere,
2442 1995 2584 2040 cum
2636 1979 2700 2040 et

405 2080 582 2163 ipsos
630 2085 947 2162 oporteret
990 2086 1246 2165 propter
1292 2101 1479 2164 opera
1531 2081 1924 2146 tabernaculi
1981 2100 2099 2145 non
2150 2080 2362 2146 minus
2410 2082 2700 2146 uicissim

409 2187 745 2251 obseruare
803 2188 1078 2272 uigilias,
1137 2208 1296 2270 quae
1354 2189 1843 2253 obseruarentur
1897 2188 1960 2251 in
2009 2187 2151 2252 aliis
2210 2188 2697 2270 circumquaque
2739 2207 2793 2246 ιε

411 2294 635 2358 castris
682 2293 955 2359 filiorum
1001 2295 1285 2360 Israhel?

504 2400 581 2464 V.
656 2400 1113 2485 Alienigena
1188 2402 1313 2483 qui
1386 2401 1740 2484 tetigerit
1813 2400 2194 2465 morietur.
2274 2400 2696 2483 quaerendum

414 2508 730 2589 quomodo
780 2509 1004 2573 dixerit
1050 2510 1113 2573 in
1159 2510 1477 2573 Leuitico:
1542 2509 1669 2591 qui
1715 2508 2073 2592 tetigerit
2126 2508 2700 2573 tabernaculum

415 2614 1055 2693 sanctificabitur,
1107 2633 1249 2678 curn
1287 2615 1388 2678 hic
1437 2614 1635 2679 dicat:
1685 2615 2117 2698 alienigena
2165 2615 2293 2697 qui
2339 2615 2701 2699 tetigerit

414 2719 796 2796 morietur,
848 2720 1065 2785 uolens
1113 2721 1403 2804 intellegi
1452 2741 1582 2798 eoS,
1632 2722 1739 2803 qui
1787 2741 1906 2786 non
1949 2725 2165 2786 essent
2202 2721 2277 2785 de
2317 2721 2486 2785 tribu
2523 2721 2698 2784 Leui.
2737 2741 2794 2780 «ω

415 2845 490 2889 an
519 2826 681 2890 forte
715 2825 817 2891 hic
864 2827 1290 2910 „tetigerit“
1338 2827 1416 2891 ad
1456 2827 1834 2909 obsequium
1875 2827 2101 2892 dixerit
2139 2828 2492 2904 seruitutiS,
2534 2826 2702 2909 quod

414 2951 450 2995 a
524 2932 677 2996 solis
750 2932 995 2998 Leuitis
1079 2933 1290 2998 deberi
1370 2935 1776 2999 tabernaculo
1858 2934 2222 3017 praecepit?
2306 2934 2450 2999 hinc
2536 2933 2702 2998 enim

414 3039 808 3121 loquebatur.

509 3145 614 3210 VI.
656 3146 823 3226 Quid
861 3150 959 3212 est
996 3148 1166 3229 quod
1203 3148 1463 3213 Leuitas
1501 3168 1613 3231 pro
1661 3148 2102 3232 primogenitis
2153 3147 2424 3212 filiorum
2463 3147 2705 3212 Israhel

417 3251 540 3315 sibi
588 3252 743 3317 deus
801 3253 1084 3336 deputat,
1142 3255 1232 3320 ita
1278 3259 1352 3319 ut
1407 3256 1753 3320 numeratis
1811 3254 2251 3338 primogenitis
2307 3254 2548 3336 populi,
2598 3254 2704 3336 qui
2742 3276 2797 3315 ει

416 3360 630 3441 plures
677 3360 922 3424 inuenti
971 3364 1122 3426 sunt
1169 3381 1360 3444 quam
1425 3365 1560 3426 erat
1624 3381 1925 3426 numerus
1990 3361 2378 3438 Leuitarum,
2446 3363 2703 3444 argento

416 3465 874 3530 redimerentur
920 3468 1196 3550 quinque
1236 3469 1411 3532 siclis
1448 3487 1562 3550 pro
1602 3488 1725 3533 uno
1767 3467 1975 3531 datis?
2017 3467 2181 3548 quod
2222 3486 2333 3550 pro
2372 3467 2705 3550 pecoribus

419 3591 540 3637 non
591 3577 690 3636 est
753 3573 1015 3651 factum,
1082 3593 1227 3638 cum
1294 3579 1359 3639 et
1401 3593 1629 3656 pecora
1694 3574 2058 3640 Leuitarum
2107 3593 2217 3656 pro
2268 3573 2704 3657 primogenitis

600 3816 633 3869 4
670 3815 867 3869 Matth.
912 3818 994 3878 14,
1036 3818 1103 3870 25
1243 3819 1306 3871 17
1345 3816 1503 3871 Num.
1547 3819 1598 3880 3,
1642 3818 1723 3874 10.
1763 3818 1833 3871 38
1974 3817 2037 3871 18
2076 3817 2206 3871 Leu.
2246 3817 2296 3880 6,
2339 3815 2407 3869 18
2534 3816 2602 3868 24
2640 3814 2707 3867 cf.

419 3904 582 3960 Num.
622 3905 672 3966 3,
716 3906 950 3970 12-143
989 3907 1200 3960 41—47

491 4065 523 4116 3
563 4064 945 4118 obseruatione
971 4063 1020 4118 S
1156 4064 1355 4119 habere
1386 4082 1487 4119 om.
1519 4065 1566 4120 S
1669 4068 1704 4119 4
1742 4066 1962 4136 uigilias
1989 4065 2057 4119 N
2194 4065 2510 4119 ad—noctis
2536 4081 2637 4119 om.
2669 4063 2717 4118 S

421 4155 454 4206 5
494 4169 657 4221 supra
699 4153 751 4205 T
876 4155 906 4206 7
947 4153 1188 4223 philacas
1233 4154 1436 4209 CPSN
1445 4155 1551 4208 VT
1672 4158 1705 4209 9
1745 4155 2033 4209 obserbare
2080 4155 2124 4208 C
2244 4156 2308 4209 10
2345 4154 2626 4224 philachas
2670 4152 2718 4206 C

422 4241 666 4310 philacas
706 4241 934 4295 PNVT
965 4242 1149 4296 filacas
1188 4242 1234 4297 S
1343 4244 1407 4298 13
1449 4260 1565 4297 esse
1604 4260 1705 4298 om.
1752 4244 1804 4296 Τ
1910 4245 1976 4297 14
2016 4244 2289 4297 uicissimo
2326 4243 2391 4296 N
2513 4244 2576 4295 15
2616 4241 2712 4293 ob·

422 4328 638 4383 sei-bare
683 4330 730 4384 G
833 4332 901 4384 22
939 4332 1093 4401 solis]
1131 4350 1190 4385 so
1232 4337 1374 4397 (cum
1412 4333 1598 4386 lenitis
1636 4333 1799 4399 coni.)
1830 4333 1875 4387 S
2012 4332 2101 4387 hic
2130 4331 2252 4388 SV¹
2362 4333 2431 4387 24
2466 4331 2637 4385 lenita
2671 4328 2719 4383 0

423 4419 489 4472 27
530 4435 624 4487 pro
655 4425 786 4487 post
824 4419 965 4489 quod
1004 4436 1107 4474 om.
1148 4418 1192 4471 S
