3076 4976
249 1653 293 1688 10

243 2182 292 2221 15

239 2716 294 2755 20

246 3251 292 3286 25

738 467 1212 532 Quaestionum
1250 464 1361 519 lib.
1402 463 1454 516 11
1493 463 1782 533 (Quaest.
1822 460 1897 514 de
1935 460 2195 528 Exodo).
2489 463 2614 526 187

328 665 482 729 dici:
548 664 616 729 si
674 664 951 727 inueni
1013 662 1367 746 gratiam
1413 661 1492 724 in
1542 662 1991 741 conspectu
2039 662 2217 733 tuo,
2270 658 2615 723 ostende

326 772 523 835 mihi
569 773 820 835 temet
863 770 1162 851 ipsum,
1209 768 1575 832 scienter
1619 767 1938 831 uideam
1985 769 2084 829 te.
2133 764 2365 848 quibus
2402 764 2617 828 uerbis

328 880 482 942 satis
548 876 830 942 ostendit
887 877 1166 959 MoyseS,
1231 874 1399 957 quod
1465 894 1587 939 non
1654 873 1742 938 ita
1807 873 2066 937 uidebat
2129 872 2318 936 deum
2384 871 2447 934 in
2506 870 2622 934 illa

325 990 499 1049 tanta
546 984 972 1049 familiaritate
1021 986 1419 1065 conspectuS,
1469 987 1545 1045 ut
1590 980 1991 1045 desiderabat
2034 979 2270 1055 uidere,
2319 977 2616 1060 quoniam

325 1092 469 1157 illae
519 1110 739 1156 omnes
787 1091 1068 1154 uisiones
1118 1089 1241 1164 dei,
1292 1108 1451 1171 quae
1498 1086 1863 1152 mortalium
1908 1086 2368 1167 praebebantur
2404 1103 2619 1168 aspec-

325 1200 495 1265 tibus
565 1203 628 1262 et
691 1217 763 1261 ex
826 1196 1056 1278 quibus
1118 1195 1313 1260 fiebat
1376 1214 1591 1273 sonus,
1658 1214 1781 1276 quo
1839 1194 2126 1257 mortalis
2182 1193 2618 1277 adtingeretur

327 1306 602 1379 auditne,
652 1304 744 1368 sic
792 1303 1246 1367 exhibebantur
1292 1303 1647 1383 adsumpta,
1688 1301 1858 1364 sicut
1895 1299 2051 1364 deus
2092 1299 2367 1374 uolebat,
2407 1299 2618 1381 specie

327 1433 449 1494 qua
492 1412 770 1488 uolebat,
817 1415 891 1474 ut
937 1430 1057 1474 non
1105 1410 1167 1473 in
1208 1410 1298 1473 eis
1347 1409 1486 1490 ipsa
1532 1408 1665 1472 ullo
1715 1426 1906 1472 sensu
1953 1408 2232 1490 corporis
2279 1406 2621 1473 sentiretur

327 1520 542 1585 diuina
589 1523 827 1595 natura,
878 1535 1039 1599 quae
1084 1515 1428 1580 inuisibilis
1476 1515 1713 1596 ubique
1762 1519 1898 1578 tota
1944 1518 2045 1578 est
2089 1518 2155 1577 et
2201 1515 2374 1578 nullo
2424 1515 2617 1578 conti-

327 1631 509 1692 netur
553 1626 715 1690 locO.
765 1628 827 1688 et
875 1625 1025 1707 quia
1068 1624 1143 1687 in
1187 1621 1495 1686 duobus
1535 1622 2038 1704 praeceptis,
2078 1620 2199 1686 hoc
2238 1626 2337 1686 est
2374 1621 2616 1687 dilecti-

329 1736 464 1798 onis
533 1733 632 1797 dei
699 1735 762 1795 et
824 1730 1110 1813 proximi,
1180 1733 1353 1794 tota
1416 1728 1541 1792 lex
1605 1727 1935 1811 pendet,
2001 1729 2142 1792 ideo
2219 1728 2477 1812 Moyses
2552 1729 2616 1792 in

327 1844 595 1921 utroque
651 1858 840 1902 suum
889 1837 1272 1901 desiderium
1322 1834 1827 1899 demonstrabat:
1874 1834 1937 1898 in
1986 1835 2323 1900 dilectione
2372 1836 2621 1900 scilicet

329 1947 447 2022 dei,
513 1946 626 2009 ubi
691 1945 814 2009 ait:
883 1943 950 2007 si
1014 1943 1292 2007 inueni
1359 1942 1707 2025 gratiam
1769 1942 1844 2005 in
1921 1945 2369 2024 conspectu
2444 1945 2616 2020 tuo,

330 2052 668 2117 ostende
727 2050 923 2115 mihi
981 2054 1239 2114 temet
1294 2049 1590 2131 ipsum,
1649 2048 2084 2113 manifeste
2140 2048 2458 2115 uideam
2506 2053 2615 2125 te,

328 2163 414 2223 ut
478 2158 624 2222 sim
701 2157 1130 2221 inueniens
1208 2156 1557 2240 gratiam
1631 2155 1707 2218 in
1787 2159 2229 2237 conspectu
2306 2162 2477 2233 tuo,
2554 2157 2617 2221 in

329 2265 670 2331 dilectione
746 2267 957 2328 autem
1029 2263 1315 2347 proximi,
1397 2262 1503 2326 ubi
1582 2262 1700 2326 ait:
1775 2267 1851 2326 et
1934 2267 2021 2327 ut
2102 2263 2351 2329 sciam
2435 2264 2620 2346 quia

327 2372 681 2455 populus
727 2374 919 2435 tuus
969 2375 1095 2434 est
1141 2390 1334 2456 gens
1383 2370 1598 2434 haec.

418 2479 602 2546 CLII.
664 2477 830 2559 Quid
885 2481 985 2542 est
1039 2477 1207 2561 quod
1274 2478 1429 2545 dicit
1492 2479 1648 2545 deus
1718 2479 1795 2545 ad
1859 2480 2155 2563 Moysen:
2244 2480 2619 2563 quoniam

330 2587 491 2651 scio
543 2588 618 2650 te
667 2605 850 2668 prae
901 2585 1320 2650 omnibus?
1368 2587 1679 2669 numquid
1728 2588 1881 2652 deus
1929 2589 2076 2668 plus
2127 2587 2338 2669 aliqua
2386 2587 2509 2652 scit
2557 2591 2621 2652 et

328 2692 540 2775 aliqua
613 2692 869 2755 minus?
948 2710 1024 2753 an
1099 2690 1447 2755 secundum
1531 2692 1700 2774 quod
1784 2693 2014 2757 dicitur
2095 2693 2474 2775 quibusdam
2559 2694 2619 2758 in

329 2798 694 2882 euangelio:
754 2816 898 2861 non
958 2797 1148 2861 noui
1205 2802 1396 2861 uos?
1446 2799 1796 2862 secundum
1843 2800 2004 2865 hanc
2051 2801 2217 2864 enim
2266 2801 2620 2880 scientiam,

330 2925 453 2988 qua
515 2904 672 2967 deus
731 2904 963 2967 dicitur
1017 2904 1177 2967 scire
1236 2923 1395 2985 quae
1441 2904 1535 2968 illi
1584 2907 1856 2988 placent,
1906 2908 2150 2971 nescire
2198 2927 2356 2989 quae
2406 2908 2623 2990 displi-

331 3015 490 3084 cent,
550 3030 672 3074 non
728 3010 876 3091 quia
930 3009 1181 3093 ignorat
1235 3029 1325 3086 ea,
1387 3011 1497 3074 sed
1555 3012 1704 3094 quia
1758 3033 1876 3076 non
1935 3013 2241 3096 adprobat
2303 3052 2388 3059 --
2455 3014 2625 3079 sicut

330 3139 428 3183 ars
503 3119 672 3181 recte
751 3116 983 3180 dicitur
1050 3117 1292 3180 nescire
1356 3117 1537 3194 uitia,
1607 3138 1748 3182 cum
1813 3120 2040 3201 probet
2101 3120 2262 3184 uitia
2325 3159 2408 3165 ——
2473 3140 2622 3202 prae

330 3224 622 3289 omnibus
672 3224 826 3288 deus
873 3224 1136 3306 Moysen
1184 3224 1443 3300 sciebat,
1494 3224 1644 3306 quia
1690 3224 1805 3288 deo
1846 3244 1994 3308 prae
2033 3226 2328 3291 omnibus
2364 3227 2623 3311 Moyses

328 3331 638 3412 placebat.

420 3436 637 3501 CLIII.
703 3437 1065 3502 Notandum
1132 3441 1330 3514 estne,
1397 3438 1566 3520 quod
1629 3439 1805 3520 prius
1872 3439 2007 3522 ipse
2062 3440 2316 3522 Moyses
2384 3440 2626 3505 dixerat

332 3542 481 3607 deo:
553 3542 843 3607 dixisti
910 3542 1138 3606 mihi:
1208 3541 1378 3608 scio
1446 3547 1521 3607 te
1587 3563 1772 3627 prae
1840 3543 2244 3624 omnibuS,
2303 3547 2472 3629 quod
2528 3548 2624 3611 illi

334 3647 510 3724 deus,
576 3653 993 3731 posteaquam
1056 3649 1176 3713 hoc
1243 3650 1379 3732 ipse
1447 3650 1562 3715 deo
1630 3650 1804 3724 dixit,
1870 3652 2108 3736 legitur
2171 3652 2422 3728 dixisse,
2481 3656 2622 3718 ante

514 3861 579 3914 10
619 3859 684 3913 cf.
724 3859 922 3915 Matth.
961 3860 1046 3923 22.
1087 3862 1157 3913 40
1343 3861 1407 3914 18
1445 3861 1538 3916 Ex.
1578 3860 1666 3923 33,
1708 3862 1789 3914 12.
1835 3862 1897 3914 17
2080 3862 2144 3914 21
2196 3861 2391 3915 Matth.
2431 3865 2515 3926 25,
2559 3864 2625 3916 12

333 3949 399 4003 28
438 3950 532 4002 Ex.
571 3950 655 4011 33,
700 3950 765 4002 12

403 4124 436 4176 2
473 4128 539 4177 ut
575 4123 810 4176 scienter
849 4127 932 4188 (ut
966 4139 1010 4176 s.
1051 4125 1110 4188 l.)
1164 4123 1210 4175 V
1352 4128 1415 4176 ut
1451 4124 1666 4177 uideam
1704 4124 1779 4178 bd
1886 4127 1917 4178 6
1957 4129 2014 4177 et
2050 4141 2149 4178 om.
2192 4123 2239 4178 S
2341 4123 2626 4192 adtingere

337 4212 555 4265 auditur
594 4213 638 4264 C
735 4212 766 4265 7
806 4213 1285 4281 specie—uolebat
1320 4230 1423 4267 om.
1459 4215 1502 4265 (J
1599 4215 1631 4266 8
1671 4230 1832 4283 quam
1868 4212 1934 4265 N
2072 4214 2125 4265 in
2165 4229 2268 4267 om.
2322 4212 2369 4263 V
2460 4214 2525 4266 14
2566 4217 2627 4265 ut

337 4300 548 4354 uideam
588 4305 675 4366 (ut
709 4317 752 4355 a.
793 4301 827 4355 l.
865 4319 934 4355 m.
973 4303 1032 4362 2)
1078 4300 1134 4364 V,
1164 4301 1238 4355 bd
1313 4302 1376 4355 17
1415 4318 1550 4370 gens
1589 4301 1721 4354 haec
1751 4306 1837 4354 est
1864 4301 1909 4353 C
1977 4302 2048 4354 24
2075 4300 2347 4370 improbat
2372 4300 2471 4355 PS
2486 4299 2628 4353 V²bd

337 4388 402 4442 27
441 4394 595 4453 estne
643 4389 692 4442 T
724 4393 809 4443 est
857 4390 904 4441 V
1010 4391 1079 4444 29
1117 4391 1233 4460 ipso
1282 4390 1325 4442 G
1468 4390 1570 4444 deo
1609 4407 1710 4444 om.
1749 4389 1875 4444 P¹S
1890 4389 1931 4441 V
