3076 4976
441 505 571 568 420
1148 502 1199 555 S.
1257 500 1536 555 Aureli
1592 501 2029 571 Augustini

439 696 788 773 transituri,
837 715 984 760 cum
1038 696 1442 761 inueniantur
1497 700 1646 780 post
1698 697 1902 761 multo
1958 697 2173 779 plures
2231 696 2365 761 dies
2426 695 2733 761 transisse

437 802 790 866 Iordanem.
867 822 1014 867 cum
1062 803 1227 866 enim
1274 802 1431 867 haec
1485 805 1723 886 populo
1782 802 2164 878 mandasset,
2223 802 2403 866 misit
2459 803 2731 885 explora·

438 914 606 974 tores
674 909 736 974 in
804 909 1068 986 Iericho,
1145 909 1443 991 quoniam
1508 909 1771 974 Iordane
1846 909 2187 974 transiecto
2252 910 2390 991 ipsa
2455 910 2732 991 proxima

440 1017 669 1081 ciuitas
720 1017 1116 1090 occurrebat;
1174 1015 1271 1080 illi
1328 1020 1538 1080 autern
1599 1016 1991 1080 diuerterunt
2045 1017 2124 1080 ad
2168 1016 2343 1081 Raab
2399 1016 2731 1081 mulierem

437 1122 834 1187 fornicariam
903 1125 967 1188 et
1032 1123 1109 1186 ab
1186 1123 1298 1187 illa
1373 1122 1680 1187 occultati
1755 1126 1943 1205 atque
2010 1141 2047 1186 a
2109 1142 2255 1206 rege
2331 1122 2602 1203 quaesiti
2668 1127 2732 1186 et
2790 1148 2817 1187 s

435 1228 695 1293 minime
752 1228 995 1294 inuenti
1053 1229 1274 1294 eadem
1332 1230 1692 1294 dimittente
1747 1229 1893 1293 illos
1948 1248 2062 1312 per
2104 1230 2442 1294 fenestram
2492 1234 2556 1294 et
2601 1249 2730 1295 mo-

433 1340 641 1415 nente,
690 1339 765 1401 ut
810 1336 1022 1401 triduo
1071 1338 1342 1400 laterent
1388 1336 1450 1398 in
1499 1335 1838 1413 montanis,
1888 1339 2190 1418 quattuor
2244 1335 2379 1400 dies
2435 1336 2732 1401 uidentur

433 1463 572 1509 esse
614 1443 998 1526 consumpti.
1049 1443 1191 1507 inde
1238 1446 1654 1525 posteaquam
1691 1442 2147 1508 nuntiauerunt
2183 1462 2343 1524 quae
2382 1442 2547 1507 circa
2583 1443 2729 1508 illos

432 1552 612 1633 gesta
667 1550 904 1614 fuerint
956 1548 1279 1633 promouit
1332 1549 1517 1613 Iesus
1575 1568 1720 1613 cum
1776 1550 2011 1633 populo
2071 1549 2368 1614 uniuerso
2428 1550 2503 1614 de
2566 1549 2726 1626 loco,

431 1656 543 1720 ubi
591 1659 725 1721 erat
772 1657 1075 1722 diluculo.
1137 1657 1246 1738 qui
1295 1675 1440 1720 cum
1489 1656 1774 1721 uenisset
1822 1657 1899 1720 ad
1944 1657 2299 1734 Iordanem,
2348 1656 2610 1721 diuertit
2663 1658 2729 1719 et
2767 1684 2818 1722 ιο

431 1761 693 1837 mansit;
752 1766 903 1827 tunc
950 1781 1171 1827 rursus
1217 1762 1493 1844 populus
1552 1762 1942 1839 admonetur,
1998 1766 2074 1827 ut
2124 1766 2273 1845 post
2325 1762 2608 1827 triduum
2656 1780 2724 1826 se

435 1871 763 1950 praeparet
825 1868 1092 1933 transire
1159 1869 1488 1933 Iordanem
1556 1887 1700 1933 arca
1765 1868 2002 1933 domini
2064 1869 2496 1951 praecedente.
2579 1868 2722 1932 hinc

433 1994 582 2059 ergo
638 1975 1035 2060 intellegitur
1095 1974 1433 2041 humanam
1501 1975 1704 2039 fuisse
1770 1974 2272 2057 dispositionem,
2330 1994 2519 2057 quam
2574 1975 2725 2039 fecit

428 2082 665 2164 populo
733 2082 1032 2160 nuntiari,
1088 2086 1163 2146 ut
1219 2082 1453 2147 cibaria
1507 2088 1953 2165 praepararent
2008 2087 2333 2167 tamquam
2388 2087 2538 2166 post
2590 2085 2721 2147 tres

428 2188 561 2253 dies
618 2194 1038 2255 memoratum
1102 2189 1371 2254 fluuium
1439 2190 1793 2267 transituri3
1860 2190 2070 2273 potuit
2134 2190 2300 2254 enim
2366 2190 2487 2255 hoc
2552 2191 2722 2255 sicut
2761 2220 2812 2260 ιτ»

425 2295 616 2361 homo
665 2313 916 2379 sperare
961 2295 1095 2361 fieri
1143 2315 1354 2379 posse,
1405 2296 1460 2360 si
1498 2296 1923 2378 exploratores
1963 2297 2252 2361 celeriter
2287 2297 2718 2363 reuertissent.

425 2402 658 2483 quibus
735 2402 1134 2468 tardantibus
1203 2404 1619 2490 intellegitur,
1688 2404 1982 2486 quamuis
2050 2405 2363 2490 scriptura
2425 2406 2716 2483 tacuerit,

425 2529 495 2575 ex
554 2511 767 2576 diuina
826 2511 1242 2594 dispositione
1302 2516 1509 2577 cetera
1564 2513 1822 2596 inpleta,
1881 2517 1955 2578 ut
2009 2513 2132 2578 iam
2190 2514 2498 2596 inciperet
2551 2516 2717 2597 apud

422 2618 733 2700 populum
782 2617 1121 2701 glorificari
1168 2619 1352 2683 Iesus
1401 2622 1464 2684 et
1511 2620 1781 2697 ostendi,
1831 2620 2001 2702 quod
2056 2640 2198 2685 cum
2253 2621 2365 2685 illo
2424 2621 2716 2686 dominus

428 2731 618 2799 esset,
669 2723 837 2788 sicut
884 2723 1091 2789 fuerat
1128 2744 1271 2789 cum
1312 2725 1557 2807 Moyse.
1607 2746 1750 2791 nam
1791 2730 1856 2791 et
1891 2726 2011 2792 hoc
2045 2727 2145 2791 illi
2180 2727 2413 2792 dicitur
2446 2727 2713 2792 fluuium
2752 2759 2806 2796 20

427 2830 795 2907 transituro,
838 2831 1007 2894 sicut
1046 2832 1354 2913 scripturn
1392 2836 1518 2897 est:
1570 2834 1642 2897 et
1689 2833 1883 2897 dixit
1929 2833 2270 2898 dominus
2319 2834 2397 2897 ad
2434 2835 2710 2901 Iesum:

425 2935 495 2998 in
547 2935 665 2999 die
714 2936 866 3000 isto
920 2936 1283 3019 incipiam
1332 2940 1664 3004 exaltare
1711 2944 1782 3004 te
1832 2959 2073 3005 coram
2122 2941 2467 3006 omnibus
2516 2941 2710 3006 filiis

422 3041 751 3120 Israhel,
821 3047 901 3107 ut
966 3044 1215 3108 sciant
1281 3045 1629 3127 quoniam
1697 3047 1901 3112 sicut
1966 3066 2159 3111 eram
2226 3067 2388 3112 cum
2454 3048 2709 3131 Moyse

422 3147 527 3212 sic
587 3166 707 3212 ero
766 3152 839 3213 et
894 3152 1161 3216 tecum.
1237 3171 1353 3217 nec
1399 3153 1768 3217 incredibile
1817 3152 2005 3219 debet
2049 3153 2254 3218 uideri
2302 3155 2493 3219 etiam
2541 3155 2707 3220 illos,

419 3273 565 3317 cum
613 3254 844 3335 quibus
895 3255 1049 3320 deus
1097 3257 1496 3339 loquebatur,
1546 3258 1786 3340 aliquid
1834 3278 1905 3323 ex
1959 3259 2237 3324 humana
2292 3260 2706 3343 dispositione
2746 3293 2799 3332 ²⁶

418 3380 602 3442 agere
651 3362 957 3439 uoluisse,
996 3362 1058 3427 in
1100 3382 1222 3444 qua
1261 3364 1382 3428 sibi
1423 3365 1613 3429 deum
1651 3370 1859 3430 tamen
1899 3365 2165 3431 fiderent
2202 3386 2341 3431 esse
2379 3371 2704 3444 rectorem,

421 3485 766 3548 eorumque
832 3488 903 3532 ex
977 3470 1153 3535 illius
1221 3491 1255 3535 a
1322 3490 1445 3554 quo
1520 3473 1901 3555 regebantur
1971 3473 2371 3556 prouidentia
2443 3474 2705 3540 consilia

414 3572 615 3636 fuisse
672 3578 935 3640 mutata.
1020 3597 1165 3641 narn
1222 3581 1287 3642 et
1340 3579 1598 3662 Moyses
1655 3579 1791 3661 ipse
1849 3580 2069 3662 utique
2134 3582 2460 3662 tamquam
2516 3581 2701 3645 homo

413 3681 750 3759 putauerat
798 3701 937 3746 esse
984 3683 1366 3760 faciendum,
1415 3689 1489 3749 ut
1526 3700 1752 3750 causas
1789 3686 2008 3769 populi
2048 3687 2140 3751 sic
2180 3687 2447 3765 audiret,
2488 3707 2701 3769 quem-

481 3863 514 3915 2
553 3862 620 3917 cf.
658 3864 764 3918 Ios.
804 3865 855 3929 2,
894 3867 1033 3920 3-6
1143 3867 1207 3920 21
1249 3866 1355 3921 Ios.
1394 3868 1445 3930 3,
1486 3869 1517 3921 7
1632 3869 1700 3923 28
1740 3869 1804 3926 cf.
1843 3870 1939 3924 Ex.
1985 3871 2066 3938 18,
2108 3871 2318 3925 13—26

485 3988 506 4040 1
552 3989 781 4042 transire
820 3988 885 4041 N
1005 3990 1038 4042 3
1076 3989 1373 4044 hierichum
1411 3991 1573 4046 PSV
1602 3993 1842 4048 hiericho
1878 3994 1941 4048 N
1947 3994 2001 4048 U
2033 3994 2235 4050 iherico
2283 3997 2333 4050 T
2472 3999 2699 4053 traiecto

407 4075 642 4130 SVde
780 4079 817 4129 4
854 4077 1021 4131 rahab
1062 4077 1193 4133 S²V
1330 4084 1362 4135 5
1402 4081 1691 4135 occultatis
1739 4081 1792 4135 V
1950 4086 2212 4152 quaesit-is
2261 4086 2311 4138 V
2442 4086 2475 4141 8
2515 4105 2606 4141 eos
2641 4088 2706 4142 N

407 4166 441 4218 9
495 4166 767 4234 promouit
815 4166 989 4235 Iesus]
1041 4168 1366 4236 primouitiis
1403 4168 1470 4223 N
1644 4172 1710 4224 10
1765 4173 2044 4227 uenissent
2088 4174 2139 4227 Τ
2348 4175 2607 4231 iordanen
2655 4176 2705 4230 Τ

409 4252 469 4304 11
505 4261 661 4306 rursu
697 4254 749 4305 V
844 4255 910 4307 12
948 4254 1198 4308 iudanem
1229 4255 1557 4311 Siordanen
1593 4258 1643 4312 T
1742 4260 1810 4312 13
1836 4259 2006 4314 fuisse
2035 4262 2263 4330 primam
2292 4262 2358 4316 N
2479 4281 2615 4335 qua·
2654 4266 2704 4318 V

408 4341 475 4392 14
512 4347 837 4410 praeparent
859 4342 1177 4397 ΡΞΙΠἿῙ]1
1288 4345 1354 4398 18
1393 4345 1704 4415 disposione
1733 4347 1798 4402 8¹
1913 4351 1977 4404 19
2015 4351 2188 4420 Iesus]
2221 4352 2321 4405 isrl
2347 4352 2415 4406 N
2515 4355 2586 4408 26
2614 4354 2695 4408 ui·

406 4426 595 4480 dcrent
637 4428 809 4483 PVU
