<?xml version="1.0" encoding="UTF-8"?>
<!DOCTYPE html PUBLIC "-//W3C//DTD XHTML 1.0 Transitional//EN"
    "http://www.w3.org/TR/xhtml1/DTD/xhtml1-transitional.dtd">
<html xmlns="http://www.w3.org/1999/xhtml" xml:lang="en" lang="en">
 <head>
  <title>
</title>
<meta http-equiv="Content-Type" content="text/html;charset=utf-8" />
  <meta name='ocr-system' content='tesseract 3.04.00' />
  <meta name='ocr-capabilities' content='ocr_page ocr_carea ocr_par ocr_line ocrx_word'/>
</head>
<body>
  <div class='ocr_page' id='page_1' title='image "./corpusscriptoru31wissgoog_0284.png"; bbox 0 0 3076 4976; ppageno 0'>
   <div class='ocr_carea' id='block_1_1' title="bbox 362 490 1954 559">
    <p class='ocr_par' dir='ltr' id='par_1_1' title="bbox 362 490 1954 559">
     <span class='ocr_line' id='line_1_1' title="bbox 362 490 1954 559; baseline -0.005 -8"><span class='ocrx_word' id='word_1_1' title='bbox 362 496 493 559; x_wconf 82' lang='grc'>250</span> <span class='ocrx_word' id='word_1_2' title='bbox 1071 492 1123 545; x_wconf 87' lang='lat' dir='ltr'>S.</span> <span class='ocrx_word' id='word_1_3' title='bbox 1181 490 1457 545; x_wconf 84' lang='lat' dir='ltr'><strong>Aureli</strong></span> <span class='ocrx_word' id='word_1_4' title='bbox 1513 491 1954 558; x_wconf 79' lang='lat' dir='ltr'>Augustini</span> 
     </span>
    </p>
   </div>
   <div class='ocr_carea' id='block_1_2' title="bbox 365 685 2756 3858">
    <p class='ocr_par' dir='ltr' id='par_1_2' title="bbox 365 685 2754 1512">
     <span class='ocr_line' id='line_1_2' title="bbox 367 685 2661 770; baseline 0.001 -22"><span class='ocrx_word' id='word_1_5' title='bbox 367 686 476 749; x_wconf 87' lang='lat' dir='ltr'>illo</span> <span class='ocrx_word' id='word_1_6' title='bbox 546 686 794 749; x_wconf 86' lang='lat' dir='ltr'>nomine</span> <span class='ocrx_word' id='word_1_7' title='bbox 861 689 1200 767; x_wconf 89' lang='lat' dir='ltr'>utrumque</span> <span class='ocrx_word' id='word_1_8' title='bbox 1264 685 1680 768; x_wconf 84' lang='lat' dir='ltr'>intellegitur.</span> <span class='ocrx_word' id='word_1_9' title='bbox 1768 686 1860 749; x_wconf 88' lang='lat' dir='ltr'>sic</span> <span class='ocrx_word' id='word_1_10' title='bbox 1926 691 1990 750; x_wconf 88' lang='lat' dir='ltr'>et</span> <span class='ocrx_word' id='word_1_11' title='bbox 2054 686 2346 751; x_wconf 88' lang='lat' dir='ltr'>dominus</span> <span class='ocrx_word' id='word_1_12' title='bbox 2405 688 2495 751; x_wconf 88' lang='lat' dir='ltr'>ait</span> <span class='ocrx_word' id='word_1_13' title='bbox 2552 707 2661 770; x_wconf 89' lang='lat' dir='ltr'>pro</span> 
     </span>
     <span class='ocr_line' id='line_1_3' title="bbox 365 791 2660 875; baseline 0.001 -20"><span class='ocrx_word' id='word_1_14' title='bbox 365 792 589 855; x_wconf 87' lang='lat' dir='ltr'>multis</span> <span class='ocrx_word' id='word_1_15' title='bbox 648 791 878 854; x_wconf 87' lang='lat' dir='ltr'>effundi</span> <span class='ocrx_word' id='word_1_16' title='bbox 940 792 1306 875; x_wconf 80' lang='lat' dir='ltr'>sanguinem</span> <span class='ocrx_word' id='word_1_17' title='bbox 1367 811 1556 854; x_wconf 90' lang='lat' dir='ltr'>suum</span> <span class='ocrx_word' id='word_1_18' title='bbox 1612 792 1673 855; x_wconf 90' lang='lat' dir='ltr'>in</span> <span class='ocrx_word' id='word_1_19' title='bbox 1730 793 2168 857; x_wconf 76' lang='lat' dir='ltr'>remissionem</span> <span class='ocrx_word' id='word_1_20' title='bbox 2234 797 2660 874; x_wconf 87' lang='lat' dir='ltr'>peccatorum.</span> 
     </span>
     <span class='ocr_line' id='line_1_4' title="bbox 365 900 2663 981; baseline 0 -18"><span class='ocrx_word' id='word_1_21' title='bbox 365 900 674 981; x_wconf 89' lang='lat' dir='ltr'>numquid</span> <span class='ocrx_word' id='word_1_22' title='bbox 722 900 1017 981; x_wconf 89' lang='lat' dir='ltr'>quoniam</span> <span class='ocrx_word' id='word_1_23' title='bbox 1066 919 1185 963; x_wconf 90' lang='lat' dir='ltr'>non</span> <span class='ocrx_word' id='word_1_24' title='bbox 1236 901 1325 963; x_wconf 88' lang='lat' dir='ltr'>ait</span> <span class='ocrx_word' id='word_1_25' title='bbox 1362 903 1426 963; x_wconf 89' lang='lat' dir='ltr'>et</span> <span class='ocrx_word' id='word_1_26' title='bbox 1465 900 1860 977; x_wconf 79' lang='lat' dir='ltr'>delictorum,</span> <span class='ocrx_word' id='word_1_27' title='bbox 1899 901 2041 965; x_wconf 87' lang='lat' dir='ltr'>ideo</span> <span class='ocrx_word' id='word_1_28' title='bbox 2082 900 2418 981; x_wconf 88' lang='lat' dir='ltr'>quisquam</span> <span class='ocrx_word' id='word_1_29' title='bbox 2459 900 2663 964; x_wconf 86' lang='lat' dir='ltr'>dicere</span> 
     </span>
     <span class='ocr_line' id='line_1_5' title="bbox 369 1006 2662 1089; baseline 0 -20"><span class='ocrx_word' id='word_1_30' title='bbox 369 1006 630 1070; x_wconf 89' lang='lat' dir='ltr'>audebit</span> <span class='ocrx_word' id='word_1_31' title='bbox 673 1006 734 1069; x_wconf 91' lang='lat' dir='ltr'>in</span> <span class='ocrx_word' id='word_1_32' title='bbox 786 1006 1090 1089; x_wconf 85' lang='lat' dir='ltr'>sanguine</span> <span class='ocrx_word' id='word_1_33' title='bbox 1138 1006 1343 1088; x_wconf 87' lang='lat' dir='ltr'>ipsius</span> <span class='ocrx_word' id='word_1_34' title='bbox 1392 1006 1770 1069; x_wconf 77' lang='lat' dir='ltr'>delictorum</span> <span class='ocrx_word' id='word_1_35' title='bbox 1818 1026 1937 1070; x_wconf 88' lang='lat' dir='ltr'>non</span> <span class='ocrx_word' id='word_1_36' title='bbox 1992 1006 2124 1071; x_wconf 87' lang='lat' dir='ltr'>fieri</span> <span class='ocrx_word' id='word_1_37' title='bbox 2181 1007 2662 1070; x_wconf 73' lang='lat' dir='ltr'>remissionem?</span> 
     </span>
     <span class='ocr_line' id='line_1_6' title="bbox 367 1112 2754 1194; baseline -0.002 -16"><span class='ocrx_word' id='word_1_38' title='bbox 367 1114 525 1178; x_wconf 88' lang='lat' dir='ltr'>item</span> <span class='ocrx_word' id='word_1_39' title='bbox 593 1112 759 1194; x_wconf 89' lang='lat' dir='ltr'>quod</span> <span class='ocrx_word' id='word_1_40' title='bbox 828 1112 1135 1193; x_wconf 86' lang='lat' dir='ltr'>scriptum</span> <span class='ocrx_word' id='word_1_41' title='bbox 1195 1116 1295 1175; x_wconf 88' lang='lat' dir='ltr'>est</span> <span class='ocrx_word' id='word_1_42' title='bbox 1351 1112 1519 1194; x_wconf 88' lang='lat' dir='ltr'>apud</span> <span class='ocrx_word' id='word_1_43' title='bbox 1577 1113 1970 1193; x_wconf 89' lang='lat' dir='ltr'>apostolum:</span> <span class='ocrx_word' id='word_1_44' title='bbox 2037 1132 2199 1175; x_wconf 87' lang='lat' dir='ltr'>nam</span> <span class='ocrx_word' id='word_1_45' title='bbox 2264 1113 2663 1178; x_wconf 88' lang='lat' dir='ltr'>iudicium</span> <span class='ocrx_word' id='word_1_46' title='bbox 2729 1136 2754 1173; x_wconf 78' lang='lat'>⁵</span> 
     </span>
     <span class='ocr_line' id='line_1_7' title="bbox 369 1217 2663 1302; baseline 0 -19"><span class='ocrx_word' id='word_1_47' title='bbox 369 1220 695 1302; x_wconf 84' lang='lat' dir='ltr'>quidem</span> <span class='ocrx_word' id='word_1_48' title='bbox 751 1238 832 1281; x_wconf 81' lang='lat' dir='ltr'>ex</span> <span class='ocrx_word' id='word_1_49' title='bbox 882 1217 1156 1281; x_wconf 83' lang='grc'>11110111</span> <span class='ocrx_word' id='word_1_50' title='bbox 1209 1217 1978 1295; x_wconf 81' lang='lat' dir='ltr'>condemnationem,</span> <span class='ocrx_word' id='word_1_51' title='bbox 2029 1218 2295 1301; x_wconf 88' lang='lat' dir='ltr'>gratia</span> <span class='ocrx_word' id='word_1_52' title='bbox 2342 1238 2530 1282; x_wconf 91' lang='lat' dir='ltr'>uero</span> <span class='ocrx_word' id='word_1_53' title='bbox 2568 1239 2663 1283; x_wconf 78' lang='lat' dir='ltr'>ex</span> 
     </span>
     <span class='ocr_line' id='line_1_8' title="bbox 371 1323 2662 1407; baseline -0 -18"><span class='ocrx_word' id='word_1_54' title='bbox 371 1326 658 1390; x_wconf 89' lang='lat' dir='ltr'>multis</span> <span class='ocrx_word' id='word_1_55' title='bbox 722 1325 1063 1387; x_wconf 87' lang='lat' dir='ltr'>delictis</span> <span class='ocrx_word' id='word_1_56' title='bbox 1121 1325 1196 1387; x_wconf 88' lang='lat' dir='ltr'>in</span> <span class='ocrx_word' id='word_1_57' title='bbox 1253 1323 1985 1401; x_wconf 83' lang='lat' dir='ltr'>iustificationem,</span> <span class='ocrx_word' id='word_1_58' title='bbox 2047 1324 2197 1406; x_wconf 89' lang='lat' dir='ltr'>qnid</span> <span class='ocrx_word' id='word_1_59' title='bbox 2254 1324 2428 1387; x_wconf 89' lang='lat' dir='ltr'>aliud</span> <span class='ocrx_word' id='word_1_60' title='bbox 2476 1345 2662 1407; x_wconf 89' lang='lat' dir='ltr'>quam</span> 
     </span>
     <span class='ocr_line' id='line_1_9' title="bbox 367 1431 2308 1512; baseline -0.002 -15"><span class='ocrx_word' id='word_1_61' title='bbox 367 1432 617 1497; x_wconf 89' lang='lat' dir='ltr'>nomine</span> <span class='ocrx_word' id='word_1_62' title='bbox 669 1432 1042 1494; x_wconf 83' lang='lat' dir='ltr'>delictorum</span> <span class='ocrx_word' id='word_1_63' title='bbox 1094 1431 1283 1493; x_wconf 88' lang='lat' dir='ltr'>etiam</span> <span class='ocrx_word' id='word_1_64' title='bbox 1332 1435 1592 1510; x_wconf 87' lang='lat' dir='ltr'>peccata</span> <span class='ocrx_word' id='word_1_65' title='bbox 1641 1432 2067 1512; x_wconf 69' lang='lat' dir='ltr'>conprehensa</span> <span class='ocrx_word' id='word_1_66' title='bbox 2114 1434 2308 1494; x_wconf 74' lang='lat' dir='ltr'>sunt?</span> 
     </span>
    </p>

    <p class='ocr_par' dir='ltr' id='par_1_3' title="bbox 368 1536 2756 3858">
     <span class='ocr_line' id='line_1_10' title="bbox 459 1536 2663 1620; baseline -0 -18"><span class='ocrx_word' id='word_1_67' title='bbox 459 1540 530 1602; x_wconf 91' lang='lat' dir='ltr'>In</span> <span class='ocrx_word' id='word_1_68' title='bbox 579 1540 696 1601; x_wconf 87' lang='lat' dir='ltr'>hac</span> <span class='ocrx_word' id='word_1_69' title='bbox 746 1557 992 1619; x_wconf 91' lang='lat' dir='ltr'>quoque</span> <span class='ocrx_word' id='word_1_70' title='bbox 1040 1538 1181 1618; x_wconf 84' lang='lat' dir='ltr'>ipsa</span> <span class='ocrx_word' id='word_1_71' title='bbox 1219 1537 1530 1619; x_wconf 77' lang='lat' dir='ltr'>scn‘ptura</span> <span class='ocrx_word' id='word_1_72' title='bbox 1569 1536 1858 1613; x_wconf 87' lang='lat' dir='ltr'>Leuitici,</span> <span class='ocrx_word' id='word_1_73' title='bbox 1900 1557 2023 1619; x_wconf 90' lang='lat' dir='ltr'>qua</span> <span class='ocrx_word' id='word_1_74' title='bbox 2064 1539 2348 1620; x_wconf 84' lang='lat' dir='ltr'>cogimur</span> <span class='ocrx_word' id='word_1_75' title='bbox 2387 1539 2663 1620; x_wconf 82' lang='lat' dir='ltr'>aliquam</span> 
     </span>
     <span class='ocr_line' id='line_1_11' title="bbox 368 1644 2753 1728; baseline -0.003 -18"><span class='ocrx_word' id='word_1_76' title='bbox 368 1647 530 1710; x_wconf 84' lang='lat' dir='ltr'>inter</span> <span class='ocrx_word' id='word_1_77' title='bbox 588 1646 891 1708; x_wconf 88' lang='lat' dir='ltr'>delictum</span> <span class='ocrx_word' id='word_1_78' title='bbox 946 1648 1407 1728; x_wconf 83' lang='lat' dir='ltr'>peccatumque</span> <span class='ocrx_word' id='word_1_79' title='bbox 1466 1644 1831 1707; x_wconf 80' lang='lat' dir='ltr'>distantiam</span> <span class='ocrx_word' id='word_1_80' title='bbox 1886 1644 1992 1707; x_wconf 88' lang='lat' dir='ltr'>uel</span> <span class='ocrx_word' id='word_1_81' title='bbox 2046 1646 2327 1708; x_wconf 86' lang='lat' dir='ltr'>inuenire</span> <span class='ocrx_word' id='word_1_82' title='bbox 2385 1646 2490 1708; x_wconf 91' lang='lat' dir='ltr'>uel</span> <span class='ocrx_word' id='word_1_83' title='bbox 2537 1663 2664 1707; x_wconf 87' lang='lat' dir='ltr'>cre·</span> <span class='ocrx_word' id='word_1_84' title='bbox 2704 1666 2753 1705; x_wconf 84' lang='grc' dir='ltr'>ιο</span> 
     </span>
     <span class='ocr_line' id='line_1_12' title="bbox 371 1750 2665 1834; baseline -0.002 -18"><span class='ocrx_word' id='word_1_85' title='bbox 371 1754 538 1818; x_wconf 83' lang='lat' dir='ltr'>dere.</span> <span class='ocrx_word' id='word_1_86' title='bbox 588 1752 680 1815; x_wconf 88' lang='lat' dir='ltr'>ita</span> <span class='ocrx_word' id='word_1_87' title='bbox 727 1752 980 1834; x_wconf 85' lang='lat' dir='ltr'>legitur,</span> <span class='ocrx_word' id='word_1_88' title='bbox 1024 1771 1168 1815; x_wconf 89' lang='lat' dir='ltr'>cum</span> <span class='ocrx_word' id='word_1_89' title='bbox 1220 1750 1295 1815; x_wconf 86' lang='lat' dir='ltr'>de</span> <span class='ocrx_word' id='word_1_90' title='bbox 1342 1751 1441 1814; x_wconf 88' lang='lat' dir='ltr'>his</span> <span class='ocrx_word' id='word_1_91' title='bbox 1489 1751 1648 1833; x_wconf 85' lang='lat' dir='ltr'>ipsis</span> <span class='ocrx_word' id='word_1_92' title='bbox 1689 1771 1846 1832; x_wconf 89' lang='lat' dir='ltr'>quae</span> <span class='ocrx_word' id='word_1_93' title='bbox 1886 1771 1995 1834; x_wconf 92' lang='lat' dir='ltr'>pro</span> <span class='ocrx_word' id='word_1_94' title='bbox 2035 1752 2311 1833; x_wconf 83' lang='lat' dir='ltr'>peccatis</span> <span class='ocrx_word' id='word_1_95' title='bbox 2353 1750 2665 1816; x_wconf 82' lang='lat' dir='ltr'>offerenda</span> 
     </span>
     <span class='ocr_line' id='line_1_13' title="bbox 368 1857 2663 1938; baseline -0.002 -15"><span class='ocrx_word' id='word_1_96' title='bbox 368 1860 750 1923; x_wconf 88' lang='lat' dir='ltr'>iubebantur</span> <span class='ocrx_word' id='word_1_97' title='bbox 815 1858 1141 1922; x_wconf 84' lang='lat' dir='ltr'>sacrificiis</span> <span class='ocrx_word' id='word_1_98' title='bbox 1210 1858 1362 1920; x_wconf 87' lang='lat' dir='ltr'>dens</span> <span class='ocrx_word' id='word_1_99' title='bbox 1435 1860 1830 1938; x_wconf 86' lang='lat' dir='ltr'>loqueretur:</span> <span class='ocrx_word' id='word_1_100' title='bbox 1910 1858 1977 1921; x_wconf 89' lang='lat' dir='ltr'>si</span> <span class='ocrx_word' id='word_1_101' title='bbox 2052 1862 2313 1921; x_wconf 87' lang='lat' dir='ltr'>autem</span> <span class='ocrx_word' id='word_1_102' title='bbox 2390 1857 2663 1934; x_wconf 67' lang='lat' dir='ltr'>omnis»,</span> 
     </span>
     <span class='ocr_line' id='line_1_14' title="bbox 372 1963 2665 2048; baseline -0.001 -19"><span class='ocrx_word' id='word_1_103' title='bbox 372 1966 609 2048; x_wconf 84' lang='lat' dir='ltr'>inquit,</span> <span class='ocrx_word' id='word_1_104' title='bbox 689 1983 1109 2048; x_wconf 78' lang='lat' dir='ltr'>synagoga</span> <span class='ocrx_word' id='word_1_105' title='bbox 1181 1963 1551 2028; x_wconf 88' lang='lat' dir='ltr'>filiorum</span> <span class='ocrx_word' id='word_1_106' title='bbox 1619 1963 1934 2027; x_wconf 84' lang='lat' dir='ltr'>Israhel</span> <span class='ocrx_word' id='word_1_107' title='bbox 2010 1963 2524 2045; x_wconf 68' lang='lat' dir='ltr'>ignorauerit</span> <span class='ocrx_word' id='word_1_108' title='bbox 2590 1967 2665 2027; x_wconf 86' lang='lat' dir='ltr'>ct</span> 
     </span>
     <span class='ocr_line' id='line_1_15' title="bbox 369 2069 2663 2153; baseline -0.001 -17"><span class='ocrx_word' id='word_1_109' title='bbox 369 2072 724 2136; x_wconf 90' lang='lat' dir='ltr'>latuerit</span> <span class='ocrx_word' id='word_1_110' title='bbox 797 2071 1130 2134; x_wconf 88' lang='lat' dir='ltr'>uerbum</span> <span class='ocrx_word' id='word_1_111' title='bbox 1205 2071 1294 2133; x_wconf 90' lang='lat' dir='ltr'>ab</span> <span class='ocrx_word' id='word_1_112' title='bbox 1365 2069 1630 2133; x_wconf 86' lang='lat' dir='ltr'>oculis</span> <span class='ocrx_word' id='word_1_113' title='bbox 1698 2089 2158 2153; x_wconf 75' lang='lat' dir='ltr'>synagogae</span> <span class='ocrx_word' id='word_1_114' title='bbox 2226 2073 2301 2132; x_wconf 88' lang='lat' dir='ltr'>et</span> <span class='ocrx_word' id='word_1_115' title='bbox 2364 2069 2663 2133; x_wconf 85' lang='lat' dir='ltr'>fecerit</span> 
     </span>
     <span class='ocr_line' id='line_1_16' title="bbox 375 2176 2755 2257; baseline -0.002 -14"><span class='ocrx_word' id='word_1_116' title='bbox 375 2200 615 2243; x_wconf 90' lang='lat' dir='ltr'>unum</span> <span class='ocrx_word' id='word_1_117' title='bbox 676 2180 763 2243; x_wconf 90' lang='lat' dir='ltr'>ab</span> <span class='ocrx_word' id='word_1_118' title='bbox 824 2178 1192 2243; x_wconf 83' lang='lat' dir='ltr'>omnibus</span> <span class='ocrx_word' id='word_1_119' title='bbox 1252 2176 1658 2240; x_wconf 85' lang='lat' dir='ltr'>mandatis</span> <span class='ocrx_word' id='word_1_120' title='bbox 1718 2176 2015 2240; x_wconf 72' lang='lat' dir='ltr'>domini</span> <span class='ocrx_word' id='word_1_121' title='bbox 2067 2176 2272 2257; x_wconf 88' lang='lat' dir='ltr'>quod</span> <span class='ocrx_word' id='word_1_122' title='bbox 2320 2196 2464 2241; x_wconf 91' lang='lat' dir='ltr'>non</span> <span class='ocrx_word' id='word_1_123' title='bbox 2514 2177 2663 2239; x_wconf 88' lang='lat' dir='ltr'>fiet</span> <span class='ocrx_word' id='word_1_124' title='bbox 2704 2200 2755 2238; x_wconf 67' lang='grc' dir='ltr'>ιε,</span> 
     </span>
     <span class='ocr_line' id='line_1_17' title="bbox 369 2284 2660 2368; baseline -0.001 -19"><span class='ocrx_word' id='word_1_125' title='bbox 369 2289 450 2350; x_wconf 88' lang='lat' dir='ltr'>et</span> <span class='ocrx_word' id='word_1_126' title='bbox 507 2287 1021 2368; x_wconf 87' lang='lat' dir='ltr'>deliquerint</span> <span class='ocrx_word' id='word_1_127' title='bbox 1078 2288 1155 2347; x_wconf 90' lang='lat' dir='ltr'>et</span> <span class='ocrx_word' id='word_1_128' title='bbox 1210 2284 1626 2367; x_wconf 80' lang='lat' dir='ltr'>cognitum</span> <span class='ocrx_word' id='word_1_129' title='bbox 1681 2284 1862 2347; x_wconf 91' lang='lat' dir='ltr'>illis</span> <span class='ocrx_word' id='word_1_130' title='bbox 1920 2284 2177 2348; x_wconf 89' lang='lat' dir='ltr'>fuerit</span> <span class='ocrx_word' id='word_1_131' title='bbox 2241 2286 2660 2366; x_wconf 86' lang='lat' dir='ltr'>peccatum</span> 
     </span>
     <span class='ocr_line' id='line_1_18' title="bbox 373 2391 2663 2475; baseline -0.001 -19"><span class='ocrx_word' id='word_1_132' title='bbox 373 2395 578 2475; x_wconf 88' lang='lat' dir='ltr'>quod</span> <span class='ocrx_word' id='word_1_133' title='bbox 637 2395 1189 2475; x_wconf 86' lang='lat' dir='ltr'>peccauerunt</span> <span class='ocrx_word' id='word_1_134' title='bbox 1244 2392 1316 2454; x_wconf 90' lang='lat' dir='ltr'>in</span> <span class='ocrx_word' id='word_1_135' title='bbox 1379 2411 1485 2455; x_wconf 89' lang='lat' dir='ltr'>eo.</span> <span class='ocrx_word' id='word_1_136' title='bbox 1574 2411 1716 2455; x_wconf 89' lang='lat' dir='ltr'>ecce</span> <span class='ocrx_word' id='word_1_137' title='bbox 1769 2392 1872 2454; x_wconf 92' lang='lat' dir='ltr'>ubi</span> <span class='ocrx_word' id='word_1_138' title='bbox 1924 2392 2109 2455; x_wconf 82' lang='lat' dir='ltr'>dixit:</span> <span class='ocrx_word' id='word_1_139' title='bbox 2177 2398 2254 2456; x_wconf 89' lang='lat' dir='ltr'>et</span> <span class='ocrx_word' id='word_1_140' title='bbox 2310 2391 2663 2473; x_wconf 82' lang='lat' dir='ltr'>delique·</span> 
     </span>
     <span class='ocr_line' id='line_1_19' title="bbox 371 2499 2661 2581; baseline 0 -18"><span class='ocrx_word' id='word_1_141' title='bbox 371 2502 552 2577; x_wconf 86' lang='lat' dir='ltr'>rint,</span> <span class='ocrx_word' id='word_1_142' title='bbox 584 2502 672 2564; x_wconf 90' lang='lat' dir='ltr'>ibi</span> <span class='ocrx_word' id='word_1_143' title='bbox 705 2501 999 2565; x_wconf 88' lang='lat' dir='ltr'>continuo</span> <span class='ocrx_word' id='word_1_144' title='bbox 1040 2510 1494 2581; x_wconf 74' lang='lat' dir='ltr'>,peccatum</span> <span class='ocrx_word' id='word_1_145' title='bbox 1534 2501 1739 2581; x_wconf 90' lang='lat' dir='ltr'>quod</span> <span class='ocrx_word' id='word_1_146' title='bbox 1780 2503 2358 2581; x_wconf 84' lang='lat' dir='ltr'>peccaue1·unt“</span> <span class='ocrx_word' id='word_1_147' title='bbox 2401 2499 2661 2575; x_wconf 80' lang='lat' dir='ltr'>addidit,</span> 
     </span>
     <span class='ocr_line' id='line_1_20' title="bbox 373 2605 2664 2688; baseline -0 -18"><span class='ocrx_word' id='word_1_148' title='bbox 373 2608 492 2670; x_wconf 86' lang='lat' dir='ltr'>hoc</span> <span class='ocrx_word' id='word_1_149' title='bbox 540 2608 750 2687; x_wconf 86' lang='lat' dir='ltr'>ipsum</span> <span class='ocrx_word' id='word_1_150' title='bbox 790 2606 1013 2688; x_wconf 89' lang='lat' dir='ltr'>utique</span> <span class='ocrx_word' id='word_1_151' title='bbox 1056 2605 1223 2687; x_wconf 87' lang='lat' dir='ltr'>quod</span> <span class='ocrx_word' id='word_1_152' title='bbox 1264 2605 1683 2686; x_wconf 88' lang='lat' dir='ltr'>deliquerunt.</span> <span class='ocrx_word' id='word_1_153' title='bbox 1734 2608 1798 2668; x_wconf 91' lang='lat' dir='ltr'>et</span> <span class='ocrx_word' id='word_1_154' title='bbox 1833 2606 2019 2685; x_wconf 90' lang='lat' dir='ltr'>paulo</span> <span class='ocrx_word' id='word_1_155' title='bbox 2058 2616 2235 2687; x_wconf 84' lang='lat' dir='ltr'>post:</span> <span class='ocrx_word' id='word_1_156' title='bbox 2287 2605 2353 2668; x_wconf 91' lang='lat' dir='ltr'>si</span> <span class='ocrx_word' id='word_1_157' title='bbox 2401 2609 2664 2670; x_wconf 88' lang='lat' dir='ltr'>autem</span> 
     </span>
     <span class='ocr_line' id='line_1_21' title="bbox 373 2712 2754 2794; baseline 0 -19"><span class='ocrx_word' id='word_1_158' title='bbox 373 2713 778 2794; x_wconf 77' lang='lat' dir='ltr'>princepS,</span> <span class='ocrx_word' id='word_1_159' title='bbox 828 2712 1054 2793; x_wconf 84' lang='lat' dir='ltr'>inquit,</span> <span class='ocrx_word' id='word_1_160' title='bbox 1112 2712 1590 2792; x_wconf 87' lang='lat' dir='ltr'>peccauerit</span> <span class='ocrx_word' id='word_1_161' title='bbox 1637 2715 1714 2774; x_wconf 91' lang='lat' dir='ltr'>et</span> <span class='ocrx_word' id='word_1_162' title='bbox 1761 2712 2056 2776; x_wconf 87' lang='lat' dir='ltr'>fecerit</span> <span class='ocrx_word' id='word_1_163' title='bbox 2102 2732 2336 2776; x_wconf 88' lang='lat' dir='ltr'>unum</span> <span class='ocrx_word' id='word_1_164' title='bbox 2386 2713 2474 2775; x_wconf 93' lang='lat' dir='ltr'>ab</span> <span class='ocrx_word' id='word_1_165' title='bbox 2525 2731 2663 2776; x_wconf 88' lang='lat' dir='ltr'>om·</span> <span class='ocrx_word' id='word_1_166' title='bbox 2702 2736 2754 2775; x_wconf 75' lang='lat'>20</span> 
     </span>
     <span class='ocr_line' id='line_1_22' title="bbox 376 2818 2666 2900; baseline 0 -19"><span class='ocrx_word' id='word_1_167' title='bbox 376 2820 615 2883; x_wconf 84' lang='lat' dir='ltr'>nibus</span> <span class='ocrx_word' id='word_1_168' title='bbox 692 2819 1170 2900; x_wconf 83' lang='lat' dir='ltr'>praeceptis</span> <span class='ocrx_word' id='word_1_169' title='bbox 1249 2818 1550 2882; x_wconf 89' lang='lat' dir='ltr'>domini</span> <span class='ocrx_word' id='word_1_170' title='bbox 1629 2819 1754 2881; x_wconf 88' lang='lat' dir='ltr'>dei</span> <span class='ocrx_word' id='word_1_171' title='bbox 1831 2819 1956 2881; x_wconf 87' lang='lat' dir='ltr'>sui</span> <span class='ocrx_word' id='word_1_172' title='bbox 2033 2819 2236 2899; x_wconf 92' lang='lat' dir='ltr'>quod</span> <span class='ocrx_word' id='word_1_173' title='bbox 2306 2838 2450 2882; x_wconf 89' lang='lat' dir='ltr'>non</span> <span class='ocrx_word' id='word_1_174' title='bbox 2516 2818 2666 2882; x_wconf 87' lang='lat' dir='ltr'>fiet</span> 
     </span>
     <span class='ocr_line' id='line_1_23' title="bbox 374 2925 2661 3007; baseline 0 -20"><span class='ocrx_word' id='word_1_175' title='bbox 374 2926 659 2989; x_wconf 89' lang='lat' dir='ltr'>nolens</span> <span class='ocrx_word' id='word_1_176' title='bbox 711 2928 787 2988; x_wconf 87' lang='lat' dir='ltr'>et</span> <span class='ocrx_word' id='word_1_177' title='bbox 835 2925 1306 3007; x_wconf 87' lang='lat' dir='ltr'>deliquerit.</span> <span class='ocrx_word' id='word_1_178' title='bbox 1358 2925 1508 2988; x_wconf 89' lang='lat' dir='ltr'>item</span> <span class='ocrx_word' id='word_1_179' title='bbox 1557 2925 1618 2988; x_wconf 91' lang='lat' dir='ltr'>in</span> <span class='ocrx_word' id='word_1_180' title='bbox 1669 2925 2234 3007; x_wconf 79' lang='lat' dir='ltr'>consequentibus:</span> <span class='ocrx_word' id='word_1_181' title='bbox 2287 2925 2353 2988; x_wconf 86' lang='lat' dir='ltr'>si</span> <span class='ocrx_word' id='word_1_182' title='bbox 2402 2929 2661 2988; x_wconf 87' lang='lat' dir='ltr'>autem</span> 
     </span>
     <span class='ocr_line' id='line_1_24' title="bbox 373 3030 2663 3113; baseline -0 -19"><span class='ocrx_word' id='word_1_183' title='bbox 373 3031 656 3108; x_wconf 85' lang='lat' dir='ltr'>anima,</span> <span class='ocrx_word' id='word_1_184' title='bbox 691 3031 1097 3113; x_wconf 78' lang='lat' dir='ltr'>inquit‚una</span> <span class='ocrx_word' id='word_1_185' title='bbox 1126 3030 1913 3112; x_wconf 85' lang='lat' dir='ltr'>peccaueritnolens</span> <span class='ocrx_word' id='word_1_186' title='bbox 1946 3030 2361 3112; x_wconf 89' lang='lat' dir='ltr'>depopulo</span> <span class='ocrx_word' id='word_1_187' title='bbox 2402 3034 2663 3094; x_wconf 86' lang='lat' dir='ltr'>terrae</span> 
     </span>
     <span class='ocr_line' id='line_1_25' title="bbox 373 3135 2663 3218; baseline -0.002 -17"><span class='ocrx_word' id='word_1_188' title='bbox 373 3137 446 3201; x_wconf 86' lang='lat' dir='ltr'>in</span> <span class='ocrx_word' id='word_1_189' title='bbox 517 3157 601 3201; x_wconf 90' lang='lat' dir='ltr'>eo</span> <span class='ocrx_word' id='word_1_190' title='bbox 672 3137 878 3218; x_wconf 90' lang='lat' dir='ltr'>quod</span> <span class='ocrx_word' id='word_1_191' title='bbox 945 3137 1154 3201; x_wconf 82' lang='lat' dir='ltr'>facit</span> <span class='ocrx_word' id='word_1_192' title='bbox 1223 3138 1311 3200; x_wconf 88' lang='lat' dir='ltr'>ab</span> <span class='ocrx_word' id='word_1_193' title='bbox 1380 3137 1750 3200; x_wconf 87' lang='lat' dir='ltr'>omnibus</span> <span class='ocrx_word' id='word_1_194' title='bbox 1826 3136 2295 3218; x_wconf 79' lang='lat' dir='ltr'>praeceptis</span> <span class='ocrx_word' id='word_1_195' title='bbox 2365 3135 2663 3199; x_wconf 89' lang='lat' dir='ltr'>domini</span> 
     </span>
     <span class='ocr_line' id='line_1_26' title="bbox 375 3242 2756 3326; baseline -0 -23"><span class='ocrx_word' id='word_1_196' title='bbox 375 3244 582 3326; x_wconf 76' lang='lat' dir='ltr'>q&#39;uod</span> <span class='ocrx_word' id='word_1_197' title='bbox 646 3265 791 3308; x_wconf 90' lang='lat' dir='ltr'>non</span> <span class='ocrx_word' id='word_1_198' title='bbox 852 3244 1007 3307; x_wconf 88' lang='lat' dir='ltr'>fiet</span> <span class='ocrx_word' id='word_1_199' title='bbox 1065 3249 1141 3307; x_wconf 88' lang='lat' dir='ltr'>et</span> <span class='ocrx_word' id='word_1_200' title='bbox 1198 3243 1651 3324; x_wconf 87' lang='lat' dir='ltr'>deliquerit</span> <span class='ocrx_word' id='word_1_201' title='bbox 1707 3246 1782 3305; x_wconf 88' lang='lat' dir='ltr'>et</span> <span class='ocrx_word' id='word_1_202' title='bbox 1829 3243 2242 3326; x_wconf 84' lang='lat' dir='ltr'>cognitum</span> <span class='ocrx_word' id='word_1_203' title='bbox 2292 3242 2546 3306; x_wconf 86' lang='lat' dir='ltr'>fuerit</span> <span class='ocrx_word' id='word_1_204' title='bbox 2597 3242 2663 3305; x_wconf 90' lang='lat' dir='ltr'>ei</span> <span class='ocrx_word' id='word_1_205' title='bbox 2704 3267 2756 3305; x_wconf 63' lang='grc' dir='ltr'>ιε»</span> 
     </span>
     <span class='ocr_line' id='line_1_27' title="bbox 375 3348 2664 3432; baseline -0.002 -18"><span class='ocrx_word' id='word_1_206' title='bbox 375 3354 800 3432; x_wconf 87' lang='lat' dir='ltr'>peccatum</span> <span class='ocrx_word' id='word_1_207' title='bbox 852 3351 1058 3432; x_wconf 90' lang='lat' dir='ltr'>quod</span> <span class='ocrx_word' id='word_1_208' title='bbox 1117 3349 1496 3432; x_wconf 86' lang='lat' dir='ltr'>peccauit</span> <span class='ocrx_word' id='word_1_209' title='bbox 1554 3349 1629 3411; x_wconf 89' lang='lat' dir='ltr'>in</span> <span class='ocrx_word' id='word_1_210' title='bbox 1688 3349 1886 3429; x_wconf 83' lang='lat' dir='ltr'>ipso‚</span> <span class='ocrx_word' id='word_1_211' title='bbox 1962 3349 2116 3412; x_wconf 88' lang='lat' dir='ltr'>item</span> <span class='ocrx_word' id='word_1_212' title='bbox 2165 3348 2349 3412; x_wconf 89' lang='lat' dir='ltr'>alibi:</span> <span class='ocrx_word' id='word_1_213' title='bbox 2410 3349 2664 3412; x_wconf 87' lang='lat' dir='ltr'>anima</span> 
     </span>
     <span class='ocr_line' id='line_1_28' title="bbox 382 3454 2665 3539; baseline -0.001 -19"><span class='ocrx_word' id='word_1_214' title='bbox 382 3477 940 3539; x_wconf 87' lang='lat' dir='ltr'>quaecumque</span> <span class='ocrx_word' id='word_1_215' title='bbox 1013 3456 1423 3519; x_wconf 87' lang='lat' dir='ltr'>iurauerit</span> <span class='ocrx_word' id='word_1_216' title='bbox 1498 3454 2025 3537; x_wconf 83' lang='lat' dir='ltr'>distinguens</span> <span class='ocrx_word' id='word_1_217' title='bbox 2107 3455 2361 3519; x_wconf 91' lang='lat' dir='ltr'>labiis</span> <span class='ocrx_word' id='word_1_218' title='bbox 2435 3455 2665 3518; x_wconf 90' lang='lat' dir='ltr'>male·</span> 
     </span>
     <span class='ocr_line' id='line_1_29' title="bbox 373 3562 2662 3643; baseline -0.001 -17"><span class='ocrx_word' id='word_1_219' title='bbox 373 3565 649 3627; x_wconf 86' lang='lat' dir='ltr'>facero</span> <span class='ocrx_word' id='word_1_220' title='bbox 701 3568 836 3627; x_wconf 89' lang='lat' dir='ltr'>aut</span> <span class='ocrx_word' id='word_1_221' title='bbox 882 3564 1080 3627; x_wconf 87' lang='lat' dir='ltr'>bene</span> <span class='ocrx_word' id='word_1_222' title='bbox 1129 3563 1400 3626; x_wconf 86' lang='lat' dir='ltr'>facere</span> <span class='ocrx_word' id='word_1_223' title='bbox 1451 3562 1889 3625; x_wconf 88' lang='lat' dir='ltr'>secundum</span> <span class='ocrx_word' id='word_1_224' title='bbox 1942 3562 2200 3625; x_wconf 79' lang='lat' dir='ltr'>omnia</span> <span class='ocrx_word' id='word_1_225' title='bbox 2250 3581 2662 3643; x_wconf 87' lang='lat' dir='ltr'>quaecum-</span> 
     </span>
     <span class='ocr_line' id='line_1_30' title="bbox 375 3668 2664 3752; baseline -0 -20"><span class='ocrx_word' id='word_1_226' title='bbox 375 3688 524 3752; x_wconf 84' lang='lat' dir='ltr'>que</span> <span class='ocrx_word' id='word_1_227' title='bbox 576 3669 1065 3734; x_wconf 82' lang='lat' dir='ltr'>distinxerit</span> <span class='ocrx_word' id='word_1_228' title='bbox 1112 3669 1336 3733; x_wconf 88' lang='lat' dir='ltr'>homo</span> <span class='ocrx_word' id='word_1_229' title='bbox 1388 3688 1557 3732; x_wconf 88' lang='lat' dir='ltr'>cum</span> <span class='ocrx_word' id='word_1_230' title='bbox 1616 3668 2141 3732; x_wconf 88' lang='lat' dir='ltr'>iureiurando</span> <span class='ocrx_word' id='word_1_231' title='bbox 2193 3672 2269 3732; x_wconf 91' lang='lat' dir='ltr'>et</span> <span class='ocrx_word' id='word_1_232' title='bbox 2317 3669 2664 3732; x_wconf 87' lang='lat' dir='ltr'>latuerit</span> 
     </span>
     <span class='ocr_line' id='line_1_31' title="bbox 373 3773 2752 3858; baseline 0.001 -19"><span class='ocrx_word' id='word_1_233' title='bbox 373 3796 545 3854; x_wconf 85' lang='lat' dir='ltr'>eum</span> <span class='ocrx_word' id='word_1_234' title='bbox 596 3776 848 3840; x_wconf 90' lang='lat' dir='ltr'>ethic</span> <span class='ocrx_word' id='word_1_235' title='bbox 898 3775 1379 3858; x_wconf 85' lang='lat' dir='ltr'>cognouerit</span> <span class='ocrx_word' id='word_1_236' title='bbox 1429 3776 1504 3838; x_wconf 89' lang='lat' dir='ltr'>et</span> <span class='ocrx_word' id='word_1_237' title='bbox 1549 3774 2027 3857; x_wconf 87' lang='lat' dir='ltr'>peccauerit</span> <span class='ocrx_word' id='word_1_238' title='bbox 2075 3795 2310 3839; x_wconf 89' lang='lat' dir='ltr'>unum</span> <span class='ocrx_word' id='word_1_239' title='bbox 2368 3794 2453 3838; x_wconf 81' lang='lat' dir='ltr'>ex</span> <span class='ocrx_word' id='word_1_240' title='bbox 2509 3773 2657 3848; x_wconf 82' lang='lat' dir='ltr'>his,</span> <span class='ocrx_word' id='word_1_241' title='bbox 2699 3803 2752 3843; x_wconf 75' lang='lat' dir='ltr'>ao</span> 
     </span>
    </p>
   </div>
   <div class='ocr_carea' id='block_1_3' title="bbox 554 4016 2661 4082">
    <p class='ocr_par' dir='ltr' id='par_1_4' title="bbox 554 4016 2661 4082">
     <span class='ocr_line' id='line_1_32' title="bbox 554 4016 2661 4082; baseline -0 -10"><span class='ocrx_word' id='word_1_242' title='bbox 554 4022 580 4072; x_wconf 89' lang='lat'>1</span> <span class='ocrx_word' id='word_1_243' title='bbox 623 4019 688 4073; x_wconf 87' lang='lat' dir='ltr'>cf.</span> <span class='ocrx_word' id='word_1_244' title='bbox 726 4019 923 4071; x_wconf 79' lang='lat' dir='ltr'>Matth.</span> <span class='ocrx_word' id='word_1_245' title='bbox 963 4019 1048 4080; x_wconf 76' lang='lat'>26,</span> <span class='ocrx_word' id='word_1_246' title='bbox 1083 4019 1148 4070; x_wconf 72' lang='lat'>:28</span> <span class='ocrx_word' id='word_1_247' title='bbox 1251 4020 1283 4070; x_wconf 82' lang='lat'>5</span> <span class='ocrx_word' id='word_1_248' title='bbox 1322 4018 1474 4070; x_wconf 70' lang='lat' dir='ltr'>Rom.</span> <span class='ocrx_word' id='word_1_249' title='bbox 1514 4021 1564 4082; x_wconf 70' lang='grc' dir='ltr'>ἴ»,</span> <span class='ocrx_word' id='word_1_250' title='bbox 1609 4020 1673 4071; x_wconf 87' lang='grc'>16</span> <span class='ocrx_word' id='word_1_251' title='bbox 1778 4019 1842 4070; x_wconf 77' lang='lat'>12</span> <span class='ocrx_word' id='word_1_252' title='bbox 1882 4018 2010 4072; x_wconf 88' lang='lat' dir='ltr'>Leu.</span> <span class='ocrx_word' id='word_1_253' title='bbox 2050 4019 2101 4080; x_wconf 85' lang='lat'>4,</span> <span class='ocrx_word' id='word_1_254' title='bbox 2146 4019 2226 4072; x_wconf 84' lang='lat'>13.</span> <span class='ocrx_word' id='word_1_255' title='bbox 2271 4019 2336 4070; x_wconf 80' lang='lat'>14</span> <span class='ocrx_word' id='word_1_256' title='bbox 2441 4017 2503 4069; x_wconf 88' lang='grc'>19</span> <span class='ocrx_word' id='word_1_257' title='bbox 2534 4016 2661 4071; x_wconf 86' lang='lat' dir='ltr'>Leu.</span> 
     </span>
    </p>
   </div>
   <div class='ocr_carea' id='block_1_4' title="bbox 371 4107 1819 4170">
    <p class='ocr_par' dir='ltr' id='par_1_5' title="bbox 371 4107 1819 4170">
     <span class='ocr_line' id='line_1_33' title="bbox 371 4107 1819 4170; baseline -0.003 -8"><span class='ocrx_word' id='word_1_258' title='bbox 371 4111 424 4170; x_wconf 84' lang='lat'>4,</span> <span class='ocrx_word' id='word_1_259' title='bbox 501 4110 531 4161; x_wconf 83' lang='lat'>2</span> <span class='ocrx_word' id='word_1_260' title='bbox 643 4110 710 4162; x_wconf 78' lang='lat'>22</span> <span class='ocrx_word' id='word_1_261' title='bbox 749 4108 877 4160; x_wconf 88' lang='lat' dir='ltr'>Leu.</span> <span class='ocrx_word' id='word_1_262' title='bbox 917 4109 967 4169; x_wconf 82' lang='lat'>4,</span> <span class='ocrx_word' id='word_1_263' title='bbox 1008 4109 1093 4160; x_wconf 78' lang='grc'>27.</span> <span class='ocrx_word' id='word_1_264' title='bbox 1135 4107 1200 4159; x_wconf 62' lang='grc'>*28</span> <span class='ocrx_word' id='word_1_265' title='bbox 1312 4108 1380 4158; x_wconf 75' lang='lat'>26</span> <span class='ocrx_word' id='word_1_266' title='bbox 1419 4107 1549 4159; x_wconf 85' lang='lat' dir='ltr'>Leu.</span> <span class='ocrx_word' id='word_1_267' title='bbox 1589 4110 1639 4168; x_wconf 82' lang='lat'>5,</span> <span class='ocrx_word' id='word_1_268' title='bbox 1679 4109 1819 4160; x_wconf 85' lang='lat'>4-6</span> 
     </span>
    </p>
   </div>
   <div class='ocr_carea' id='block_1_5' title="bbox 375 4110 2675 4478">
    <p class='ocr_par' dir='ltr' id='par_1_6' title="bbox 463 4110 495 4144">
     <span class='ocr_line' id='line_1_34' title="bbox 463 4110 495 4144; baseline 0 -2"><span class='ocrx_word' id='word_1_269' title='bbox 463 4110 495 4144; x_wconf 76' lang='lat' dir='ltr'>O</span> 
     </span>
    </p>

    <p class='ocr_par' dir='ltr' id='par_1_7' title="bbox 375 4228 2675 4478">
     <span class='ocr_line' id='line_1_35' title="bbox 444 4228 2672 4300; baseline -0.001 -15"><span class='ocrx_word' id='word_1_270' title='bbox 444 4233 475 4285; x_wconf 83' lang='lat'>2</span> <span class='ocrx_word' id='word_1_271' title='bbox 513 4233 825 4286; x_wconf 80' lang='lat' dir='ltr'>remissione</span> <span class='ocrx_word' id='word_1_272' title='bbox 864 4230 916 4282; x_wconf 90' lang='lat' dir='ltr'><strong><em>P</em></strong></span> <span class='ocrx_word' id='word_1_273' title='bbox 1005 4232 1038 4283; x_wconf 79' lang='lat'>4</span> <span class='ocrx_word' id='word_1_274' title='bbox 1078 4231 1340 4298; x_wconf 72' lang='lat' dir='ltr'>sanguine</span> <span class='ocrx_word' id='word_1_275' title='bbox 1389 4233 1433 4284; x_wconf 80' lang='lat' dir='ltr'><strong><em>G</em></strong></span> <span class='ocrx_word' id='word_1_276' title='bbox 1503 4233 1534 4284; x_wconf 85' lang='lat'>6</span> <span class='ocrx_word' id='word_1_277' title='bbox 1575 4232 1754 4300; x_wconf 71' lang='lat' dir='ltr'>gratia</span> <span class='ocrx_word' id='word_1_278' title='bbox 1798 4230 1843 4282; x_wconf 83' lang='lat' dir='ltr'><em>C</em></span> <span class='ocrx_word' id='word_1_279' title='bbox 1913 4231 1941 4282; x_wconf 72' lang='lat'><strong>7</strong></span> <span class='ocrx_word' id='word_1_280' title='bbox 1981 4230 2059 4298; x_wconf 88' lang='lat' dir='ltr'>in]</span> <span class='ocrx_word' id='word_1_281' title='bbox 2102 4229 2170 4282; x_wconf 86' lang='lat' dir='ltr'>ad</span> <span class='ocrx_word' id='word_1_282' title='bbox 2208 4229 2266 4283; x_wconf 83' lang='lat' dir='ltr'><em>N</em></span> <span class='ocrx_word' id='word_1_283' title='bbox 2339 4231 2371 4283; x_wconf 85' lang='lat'><strong>9</strong></span> <span class='ocrx_word' id='word_1_284' title='bbox 2412 4228 2591 4297; x_wconf 83' lang='lat' dir='ltr'>aliqua</span> <span class='ocrx_word' id='word_1_285' title='bbox 2626 4228 2672 4282; x_wconf 83' lang='lat' dir='ltr'><em>C</em></span> 
     </span>
     <span class='ocr_line' id='line_1_36' title="bbox 379 4318 2666 4389; baseline -0.001 -16"><span class='ocrx_word' id='word_1_286' title='bbox 379 4322 442 4375; x_wconf 89' lang='grc'>10</span> <span class='ocrx_word' id='word_1_287' title='bbox 483 4320 894 4388; x_wconf 84' lang='lat' dir='ltr'>peccatumque]</span> <span class='ocrx_word' id='word_1_288' title='bbox 929 4323 984 4371; x_wconf 87' lang='lat' dir='ltr'>et</span> <span class='ocrx_word' id='word_1_289' title='bbox 1011 4325 1291 4386; x_wconf 82' lang='lat' dir='ltr'>peccatum</span> <span class='ocrx_word' id='word_1_290' title='bbox 1324 4318 1456 4373; x_wconf 57' lang='grc' dir='ltr'>ΒΖΝ</span> <span class='ocrx_word' id='word_1_291' title='bbox 1481 4325 1758 4389; x_wconf 76' lang='lat' dir='ltr'>peccatum</span> <span class='ocrx_word' id='word_1_292' title='bbox 1789 4320 1842 4371; x_wconf 64' lang='grc' dir='ltr'>Ι)</span> <span class='ocrx_word' id='word_1_293' title='bbox 1916 4321 1981 4371; x_wconf 73' lang='lat'>15</span> <span class='ocrx_word' id='word_1_294' title='bbox 2010 4320 2165 4383; x_wconf 76' lang='lat' dir='ltr'>fieret</span> <span class='ocrx_word' id='word_1_295' title='bbox 2201 4318 2252 4370; x_wconf 89' lang='lat' dir='ltr'><strong><em>V</em></strong></span> <span class='ocrx_word' id='word_1_296' title='bbox 2327 4318 2388 4371; x_wconf 87' lang='grc'>16</span> <span class='ocrx_word' id='word_1_297' title='bbox 2422 4333 2510 4385; x_wconf 80' lang='lat' dir='ltr'>pr.</span> <span class='ocrx_word' id='word_1_298' title='bbox 2543 4325 2597 4369; x_wconf 84' lang='lat' dir='ltr'>et</span> <span class='ocrx_word' id='word_1_299' title='bbox 2622 4334 2666 4384; x_wconf 43' lang='lat'>8,</span> 
     </span>
     <span class='ocr_line' id='line_1_37' title="bbox 375 4405 2675 4478; baseline -0.001 -16"><span class='ocrx_word' id='word_1_300' title='bbox 375 4410 410 4462; x_wconf 81' lang='lat'>1.</span> <span class='ocrx_word' id='word_1_301' title='bbox 458 4409 504 4461; x_wconf 87' lang='lat' dir='ltr'><em>C</em></span> <span class='ocrx_word' id='word_1_302' title='bbox 535 4425 639 4462; x_wconf 84' lang='lat' dir='ltr'>om.</span> <span class='ocrx_word' id='word_1_303' title='bbox 689 4408 736 4461; x_wconf 88' lang='lat' dir='ltr'><em>V</em></span> <span class='ocrx_word' id='word_1_304' title='bbox 919 4410 981 4461; x_wconf 87' lang='lat'>17</span> <span class='ocrx_word' id='word_1_305' title='bbox 1022 4409 1078 4461; x_wconf 89' lang='grc'>111</span> <span class='ocrx_word' id='word_1_306' title='bbox 1117 4415 1613 4478; x_wconf 81' lang='lat' dir='ltr'>co—-peccaucrunt</span> <span class='ocrx_word' id='word_1_307' title='bbox 1651 4424 1752 4462; x_wconf 87' lang='lat' dir='ltr'>om.</span> <span class='ocrx_word' id='word_1_308' title='bbox 1794 4408 1855 4460; x_wconf 73' lang='lat' dir='ltr'><strong><em>N</em></strong></span> <span class='ocrx_word' id='word_1_309' title='bbox 2025 4409 2091 4460; x_wconf 75' lang='lat'>‘23</span> <span class='ocrx_word' id='word_1_310' title='bbox 2133 4408 2312 4477; x_wconf 86' lang='lat' dir='ltr'>inquit</span> <span class='ocrx_word' id='word_1_311' title='bbox 2348 4407 2529 4460; x_wconf 77' lang='lat' dir='ltr'>anima</span> <span class='ocrx_word' id='word_1_312' title='bbox 2566 4405 2675 4460; x_wconf 69' lang='grc' dir='ltr'>ΒΝ</span> 
     </span>
    </p>
   </div>
  </div>
 </body>
</html>
