3076 4976
439 505 569 568 418
1137 500 1189 553 S.
1247 500 2018 584 Aureli-Augustini

445 696 685 761 Christi
731 695 966 778 populo
1008 694 1269 760 Israhel.
1327 694 1490 759 unde
1540 695 1696 759 dicit
1744 696 2100 778 apostolus:
2151 696 2258 759 ita
2308 699 2380 759 et
2425 695 2500 758 hi
2549 714 2739 759 nunc

443 824 582 869 non
651 802 1138 867 crediderunt
1203 802 1273 866 in
1340 805 1600 866 uestra
1670 800 2228 877 misericordia,
2304 806 2388 866 ut
2453 806 2526 865 et
2589 802 2737 883 ipsi

444 909 1050 975 misericordia-m
1110 912 1695 991 consequantur.
1771 908 1893 990 ipsi
1953 928 2102 991 ergo
2162 908 2410 973 dicunt:
2470 908 2742 973 alluxit

449 1037 529 1081 ex
579 1016 743 1082 Seir
790 1016 1033 1083 nobiS.
1084 1020 1156 1081 et
1200 1016 1616 1080 festinauit
1664 1034 1742 1079 ex
1790 1019 2039 1079 monte
2077 1015 2366 1079 Pharan
2406 1014 2596 1079 —id
2643 1018 2741 1079 est

449 1144 518 1188 ex
557 1126 771 1187 monte
809 1123 1168 1199 fructifer03
1218 1122 1283 1187 id
1333 1124 1497 1187 enim
1549 1123 2001 1205 iuterpretatur
2036 1122 2346 1193 Pharan,
2388 1141 2508 1204 quo
2551 1121 2743 1206 signi·
2809 1144 2840 1181 5

451 1231 678 1294 ficatur
716 1230 989 1294 ecclesia
1024 1268 1110 1277 —
1152 1249 1312 1294 cum
1353 1230 1620 1294 multis
1657 1228 1970 1293 milibus
2004 1228 2256 1295 CadeS.
2308 1233 2372 1292 et
2416 1232 2734 1306 ,mutata“

445 1338 897 1420 iuteipretatur
936 1336 1169 1402 Gades
1221 1342 1283 1401 et
1324 1336 1801 1407 '..sanctitudo“.
1858 1340 2105 1401 mutata
2152 1341 2301 1401 sunt
2347 1355 2495 1421 ergo
2545 1336 2748 1399 multa

446 1445 625 1508 milia
672 1447 736 1507 et
783 1444 1177 1508 sanctificata
1223 1462 1334 1525 per
1381 1444 1673 1526 gratiam,
1733 1462 1877 1507 cum
1937 1444 2170 1525 quibus
2227 1443 2405 1507 uenit
2453 1443 2746 1509 Christus

449 1551 526 1614 ad
574 1550 943 1616 Israhelitas
993 1554 1217 1633 postea
1267 1549 1680 1634 colligendos.
1760 1550 2050 1632 sequitur
2098 1554 2160 1614 et
2207 1550 2389 1613 dicit:
2448 1548 2532 1613 ad
2590 1549 2745 1612 dex·

447 1663 691 1722 teram
749 1657 911 1721 eius
971 1657 1218 1741 angeli
1277 1675 1437 1721 cum
1499 1676 1607 1735 θος
1677 1658 1798 1721 hoc
1855 1676 1973 1721 nou
2033 1657 2279 1741 indiget
2333 1656 2742 1738 expositione.
2786 1682 2843 1720 10

454 1770 527 1830 et
572 1763 944 1849 pepercit,
995 1763 1230 1845 inquit,
1281 1765 1561 1845 populo
1621 1783 1783 1841 suo,
1835 1763 2070 1827 donans
2118 1764 2558 1827 remissionem
2604 1782 2746 1844 pec·

454 1876 762 1936 catorum.
848 1868 1013 1933 unde
1080 1869 1158 1933 ad
1223 1870 1435 1951 ipsum
1503 1871 1817 1935 conuertit
1873 1889 2223 1935 sermonem
2274 1872 2461 1951 atque
2511 1871 2626 1933 ait:
2676 1874 2748 1933 et

467 1998 725 2044 omnes
778 1976 1259 2041 sanctificati
1310 1976 1443 2040 sub
1492 1997 1755 2041 manus
1803 1981 1975 2041 tuas
2025 1981 2097 2041 et
2142 1978 2215 2041 hi
2265 1978 2398 2040 sub
2440 1980 2510 2041 te
2551 1981 2744 2050 sunt,

457 2104 579 2149 non
619 2085 841 2165 utique
892 2084 1332 2166 superbientes
1386 2087 1458 2147 et
1505 2104 1710 2148 suam
1759 2085 2143 2149 iustitiam
2192 2086 2539 2149 uolentes
2589 2104 2747 2148 con-

456 2193 813 2268 stituere,
896 2190 1008 2253 sed
1083 2193 1495 2273 agnoscentes
1565 2190 1854 2274 gratiam,
1930 2196 2003 2255 ut
2076 2192 2362 2255 iustitiae
2437 2191 2536 2255 dei
2603 2189 2747 2253 sub·
2789 2217 2848 2254 ιε»

449 2298 743 2362 iciantur.
839 2300 912 2361 et
978 2297 1300 2378 accepit,
1370 2297 1605 2377 inquit,
1674 2296 1757 2360 de
1825 2298 2081 2362 uerbis
2148 2298 2398 2380 ipsius
2471 2299 2744 2382 lege1113

451 2403 731 2487 populus
774 2404 995 2485 utique
1036 2403 1111 2466 de
1152 2423 1273 2484 quo
1315 2403 1432 2467 ait:
1483 2408 1556 2467 et
1601 2405 1945 2485 pepercit
1980 2405 2257 2487 populo
2301 2426 2379 2469 su
2398 2426 2453 2471 o.
2504 2406 2750 2487 accepit

455 2530 603 2595 crgo
644 2510 719 2574 de
761 2512 972 2576 uerbis
1012 2512 1216 2594 ipsius
1264 2513 1494 2595 legem,
1547 2533 1759 2593 quam
1807 2513 2212 2590 mandauit,
2261 2515 2490 2597 inquit,
2539 2515 2746 2578 nobis

450 2619 787 2701 Moyses;
836 2619 955 2683 hoc
1007 2622 1132 2682 est:
1182 2619 1459 2700 populus
1510 2618 1648 2683 eius
1688 2620 1764 2684 de
1805 2621 2015 2684 uerbis
2057 2621 2194 2684 eius
2235 2622 2482 2703 accepit
2516 2621 2745 2704 legem,

456 2726 604 2806 quia.
651 2725 726 2787 de
776 2725 1061 2791 doctriua
1108 2725 1245 2787 eius
1294 2726 1609 2788 intellexit
1654 2727 1865 2810 legem
1904 2747 2037 2791 eam
2092 2728 2291 2810 ipsam
2345 2748 2532 2809 quam
2580 2747 2750 2792 man·
2790 2757 2849 2795 20

458 2832 637 2895 dauit
682 2831 865 2895 nobis
914 2832 1191 2914 Moyses,
1260 2832 1397 2913 ipse
1448 2832 1680 2914 quippe
1729 2833 1817 2897 ait
1863 2834 1926 2897 in
1977 2836 2336 2919 euangelio:
2400 2837 2460 2899 si
2510 2835 2750 2899 crede-

455 2940 645 3002 retis
721 2939 996 3021 Moysi,
1076 2938 1491 3003 crederetis
1572 2943 1646 3003 et
1719 2941 1931 3018 mihi3
2011 2942 2094 3004 de
2170 2963 2278 3006 me
2355 2943 2544 3006 enim
2614 2942 2747 3006 ille

456 3044 792 3126 scripsit.
878 3063 998 3109 non
1067 3044 1231 3107 enim
1301 3046 1548 3128 accepit
1610 3047 1883 3128 populus
1949 3049 2058 3113 ille
2113 3049 2323 3132 legem
2382 3070 2569 3131 quam
2625 3068 2747 3113 uon

455 3148 785 3225 intellexit,
836 3149 947 3212 sed
1004 3153 1156 3213 tunc
1214 3151 1478 3232 accepit,
1538 3152 1787 3233 quando
1845 3154 2157 3218 intellexit
2213 3155 2288 3218 de
2344 3155 2555 3220 uerbis
2614 3156 2749 3220 eius

461 3275 678 3319 carens
737 3255 1053 3321 uelamine
1112 3258 1311 3321 ueteri
1380 3277 1727 3323 conuersus
1794 3260 1871 3323 ad
1937 3261 2282 3326 dominum.
2368 3262 2529 3328 hauc
2596 3263 2751 3327 dicit
2790 3290 2851 3328 25

463 3361 972 3426 hereditatem
1023 3364 1747 3447 congregationibus
1797 3367 2048 3446 Iacob,
2108 3388 2267 3449 quae
2326 3369 2751 3452 intellegenda

459 3469 558 3531 est
612 3487 731 3532 non
790 3472 1053 3543 terrena,
1114 3469 1223 3534 sed
1282 3471 1600 3548 caelestiS,
1659 3492 1780 3536 non
1837 3475 2230 3557 temporalis»,
2299 3475 2409 3539 sed
2475 3481 2747 3540 aeterna.

463 3576 536 3637 et
583 3574 745 3653 erit,
795 3575 1020 3658 inquit,
1068 3576 1140 3640 in
1191 3576 1472 3642 dilecto
1520 3579 1901 3662 princeps;
1951 3581 2087 3663 ipse
2136 3581 2356 3664 utique
2403 3583 2464 3646 in
2515 3582 2747 3646 dilecto

463 3681 698 3761 populo
731 3683 851 3746 erit
879 3683 1171 3765 princeps
1204 3682 1498 3749 dominus
1532 3685 1714 3750 Iesus
1757 3689 2237 3770 congregatis
2275 3687 2748 3771 principibus

458 3787 909 3869 populorum
953 3790 1142 3853 —id
1192 3795 1292 3854 est
1328 3792 1616 3874 gentium
1654 3829 1740 3838 ——
1780 3794 2006 3858 simul
2043 3794 2402 3860 tribubus
2436 3795 2747 3872 Israhel,
2790 3824 2852 3864 so

642 4015 665 4066 1
707 4014 861 4068 Rom.
905 4015 985 4072 11.
1026 4015 1090 4068 31
1211 4017 1275 4070 14
1314 4017 1380 4070 cf.
1419 4018 1569 4071 Rom.
1615 4020 1696 4082 10,
1737 4021 1769 4074 3
1879 4020 1943 4073 21
1986 4021 2101 4074 Ioh.
2143 4023 2192 4080 5,
2230 4023 2300 4076 46

532 4156 564 4208 2
603 4158 788 4208 uestra
824 4155 1196 4210 misericordia
1241 4158 1292 4211 Τ
1412 4160 1446 4212 4
1483 4160 1640 4214 nobis
1679 4176 1779 4214 om.
1821 4161 1884 4214 N
2005 4164 2037 4216 5
2078 4162 2222 4232 quod
2259 4162 2436 4217 NUT
2559 4164 2591 4218 6
2628 4180 2746 4216 mu·

457 4245 707 4296 tata—et
735 4260 837 4297 om.
867 4243 913 4297 S
1021 4245 1088 4299 10
1113 4245 1213 4300 hoc
1243 4263 1344 4302 om.
1383 4246 1437 4301 U
1543 4249 1607 4303 13
1636 4249 1715 4302 hii
1744 4250 1859 4303 PV
1959 4251 2021 4304 15
2053 4252 2136 4319 ut]
2171 4256 2225 4305 et
2252 4251 2368 4306 1³3¹
2383 4251 2451 4306 U¹
2557 4253 2620 4306 17
2650 4268 2747 4320 po-

459 4330 872 4400 pulus—legem
911 4348 1012 4387 om.
1051 4332 1119 4387 N
1221 4336 1289 4391 20
1327 4337 1467 4405 eam]
1508 4355 1683 4392 meam
1722 4338 1827 4393 SU
1930 4340 1999 4393 28
2038 4345 2093 4394 et
2130 4357 2232 4396 om.
2275 4340 2326 4394 V
2467 4342 2536 4395 30
2574 4340 2752 4394 tribus

459 4417 810 4474 PSNVU¹T
