3076 4976
499 497 630 559 476
1208 493 1258 547 S.
1317 490 1589 544 Aureli
1644 487 2082 557 Augustini

498 687 781 751 hostium
818 687 1223 752 infestatione
1256 686 1528 750 muniri?
1571 685 1682 749 sed
1720 684 2218 768 intellegendum
2256 687 2374 759 est,
2416 681 2586 746 sicut
2621 679 2788 744 solet

500 795 830 876 scriptura,
878 813 989 876 per
1034 794 1374 877 prolepsin,
1424 794 1489 858 id
1538 798 1638 859 est
1681 813 1792 876 per
1839 788 2469 875 praeoccupationem
2530 787 2785 861 dixisse,

501 900 668 982 quod
731 901 954 964 fecerit
1018 901 1230 983 ephud
1296 904 1512 966 contra
1576 900 1675 964 dei
1731 901 1939 983 legem
2000 896 2254 962 Gedeon
2315 914 2386 959 ex
2441 895 2552 958 illo
2611 912 2785 966 auro,

500 1006 667 1087 quod
726 1008 930 1072 suerat
983 1008 1278 1072 hostibus
1336 1007 1608 1071 deuictis
1667 1010 1854 1090 atque
1901 1005 2236 1087 prostratis
2285 1002 2589 1075 ablatum,
2639 999 2789 1082 quia

500 1131 623 1176 uno
688 1115 828 1178 loco
888 1115 1093 1179 dicere
1150 1114 1358 1179 uoluit
1413 1118 1478 1178 et
1532 1114 1698 1178 unde
1755 1117 1889 1177 erat
1944 1131 2164 1175 aurum
2223 1115 2286 1174 et
2341 1109 2495 1191 quid
2552 1108 2627 1171 de
2675 1108 2785 1171 illo
2848 1128 2873 1166 5

497 1219 737 1284 factum
787 1222 890 1286 sit.
941 1223 1054 1286 sed
1099 1224 1322 1303 postea
1368 1221 1609 1285 factum
1658 1224 1758 1286 est
1804 1220 1865 1284 in
1915 1219 2039 1283 fine
2087 1218 2331 1282 dierum
2371 1214 2629 1281 Gedeon
2669 1213 2789 1277 hoc

498 1332 850 1407 peccatum,
912 1328 1158 1410 quando
1227 1331 1571 1392 consecuta
1636 1330 1786 1391 sunt
1849 1327 2041 1390 etiam
2103 1324 2290 1401 mala,
2349 1341 2509 1405 quae
2565 1319 2789 1385 deinde

499 1431 813 1514 scriptura
862 1433 1201 1509 contexuit,
1240 1435 1655 1516 posteaquam
1704 1431 2246 1506 commemorauit,
2297 1433 2455 1511 quot
2500 1428 2677 1491 annis
2725 1427 2788 1490 in

501 1537 725 1602 diebus
785 1536 1038 1603 Gedeon
1107 1543 1270 1603 terra
1335 1539 1788 1622 conquieuerit,
1848 1557 2006 1620 quos
2064 1556 2259 1602 annos
2316 1533 2789 1616 recapitulando

500 1645 1040 1720 commemorauit,
1074 1645 1139 1709 id
1177 1648 1278 1709 est
1316 1645 1393 1708 ad
1433 1645 1714 1710 ordinem
1753 1644 1998 1708 rediens
2038 1663 2225 1726 quem
2263 1642 2792 1724 praeteruerterat
2830 1660 2880 1699 ιο

501 1751 675 1834 prius
735 1751 997 1816 dicendo
1064 1750 1139 1816 de
1206 1751 1317 1816 illo
1386 1753 1682 1817 scandalo
1742 1750 1911 1832 quod
1966 1750 2315 1814 nouissime
2371 1749 2613 1813 factum
2669 1749 2787 1810 est.

589 1857 815 1923 XLIII.
874 1859 964 1922 Et
1009 1858 1315 1922 factum
1363 1863 1488 1923 est
1535 1878 1708 1922 curn
1755 1861 2124 1922 mortuus
2175 1860 2397 1920 esset
2445 1853 2788 1926 Gedeon,

503 1973 580 2027 et
636 1964 909 2029 auersi
968 1967 1157 2029 sunt
1211 1964 1383 2029 filii
1431 1965 1752 2029 Israhel
1801 1969 1880 2030 et
1925 1963 2318 2028 fornicati
2369 1966 2558 2026 sunt
2606 1963 2791 2042 post

499 2070 812 2134 Baalim
881 2073 961 2135 et
1022 2074 1476 2153 posuerunt
1542 2071 1706 2154 ipsi
1778 2071 1938 2135 sibi
1995 2069 2477 2134 Baalberith
2543 2069 2789 2131 testa·

499 2181 872 2254 mentum,
913 2182 999 2242 ut
1045 2182 1268 2242 esset
1315 2179 1431 2243 eis
1479 2179 1657 2261 ipse
1705 2179 1780 2243 in
1830 2179 2078 2243 deum.
2123 2181 2188 2241 et
2224 2177 2470 2241 Baalim
2509 2179 2574 2240 et
2610 2175 2790 2238 Baal-
2829 2194 2878 2232 ιε,

500 2284 705 2347 berith
762 2284 935 2348 idola
990 2285 1415 2368 intellegenda
1471 2289 1640 2352 sunt.
1708 2285 1908 2350 maior
1960 2286 2175 2367 itaque
2240 2284 2661 2366 transgressio
2729 2284 2793 2344 et

503 2390 833 2454 fornicatio
883 2391 1227 2456 commissa
1274 2395 1371 2456 est
1417 2411 1453 2455 a
1497 2393 1738 2474 populo
1785 2395 1935 2474 post
1979 2395 2247 2455 mortem
2297 2388 2553 2453 Gedcon
2601 2406 2790 2469 quam

501 2498 613 2562 illo
662 2498 813 2563 uiuo
862 2504 1118 2581 propter
1164 2499 1399 2579 ephud,
1440 2500 1736 2582 quoniam
1784 2502 1850 2563 et
1895 2499 2074 2577 illud,
2115 2498 2235 2563 etsi
2273 2497 2513 2561 inlicite
2550 2494 2790 2559 factum

503 2608 658 2681 erat,
716 2609 928 2670 tamen
995 2606 1071 2669 de
1139 2607 1549 2671 sacramentis
1607 2605 2000 2670 tabernaculi
2056 2592 2215 2675 erat}
2274 2605 2400 2668 ista
2446 2621 2597 2666 uero
2647 2604 2793 2683 post

499 2710 671 2775 idola
710 2712 1041 2775 fornicatio
1082 2731 1202 2776 non
1243 2711 1436 2778 habet
1474 2715 1578 2777 uel
1618 2714 1842 2777 falsam
1882 2716 2178 2795 paternae
2215 2709 2541 2795 religionis
2582 2707 2790 2771 desen·
2830 2727 2881 2765 20

503 2817 767 2883 sionem.
834 2818 1001 2882 unde
1062 2819 1252 2882 etiam
1302 2819 1358 2883 si
1403 2818 1565 2882 illud
1615 2820 1824 2900 ephud
1870 2839 1994 2883 non
2040 2819 2101 2882 in
2152 2818 2272 2882 fine
2319 2816 2623 2897 temporis
2673 2813 2789 2878 Ge-

502 2922 684 3000 deon,
735 2924 845 2988 sed
894 2930 1037 2989 ante
1085 2925 1328 2989 factum
1375 2929 1492 3000 est,
1541 2926 1632 2989 ita
1680 2926 1835 2990 deus
1882 2926 2198 3008 patienter
2241 2925 2412 2997 tulit,
2454 2927 2526 2986 ut
2571 2941 2689 3004 pax
2727 2920 2787 2984 in

498 3033 665 3093 terra
718 3034 1169 3111 perseueraret,
1231 3030 1399 3112 quia,
1454 3031 1608 3095 licet
1660 3031 1902 3096 factum
1965 3037 2098 3095 erat
2144 3030 2315 3113 quod
2361 3028 2786 3112 prohibuerat,

499 3154 622 3199 non
680 3138 891 3199 tamen
949 3138 1137 3220 longe
1193 3155 1514 3201 recessum
1575 3142 1708 3202 erat
1763 3138 1838 3201 ab
1895 3139 2029 3215 illo,
2080 3138 2189 3220 qui
2243 3139 2371 3201 tale
2427 3134 2672 3218 aliquid
2727 3134 2786 3197 in

500 3240 903 3306 tabernaculo
964 3262 1079 3306 suo
1138 3246 1328 3324 atque
1385 3242 1447 3306 in
1498 3244 1797 3309 honorem
1848 3264 2034 3308 suum
2084 3243 2217 3307 fieri
2264 3244 2557 3308 iusserat.
2624 3259 2790 3306 nunc
2825 3260 2877 3300 πε

501 3366 649 3410 uero
700 3348 993 3429 grauiora
1041 3348 1383 3423 commissa
1428 3354 1492 3413 et
1538 3351 2004 3431 apertissimam
2041 3352 2192 3433 post
2223 3350 2395 3413 idola
2430 3347 2788 3414 fornicatio-

500 3470 642 3515 nem
691 3452 909 3534 populi
958 3471 1099 3517 esse
1148 3454 1355 3518 noluit
1402 3454 1779 3536 inpunitam.

684 3695 748 3747 12
786 3692 904 3746 Iud.
943 3694 992 3759 8,
1032 3694 1101 3748 33

571 3870 603 3923 2
642 3869 932 3939 prolemsin
971 3868 1132 3923 PSN
1139 3869 1244 3922 VT
1352 3872 1387 3923 4
1425 3872 1685 3940 prostatis
1723 3871 1780 3924 N
1897 3872 1930 3925 8
1971 3871 2113 3940 quod
2153 3889 2318 3924 annos
2355 3870 2421 3924 N
2540 3871 2605 3925 10
2644 3887 2784 3925 com-

498 3959 729 4012 merauit
767 3959 822 4011 P
961 3956 1197 4025 rediens]
1235 3960 1557 4012 reuertendo
1597 3959 1672 4013 bd
1706 3975 1807 4013 om.
1847 3960 2060 4013 PSVT
2208 3961 2502 4031 praetierat
2540 3959 2602 4013 N
2635 3974 2783 4029 prac-

500 4048 723 4100 terierat
766 4046 816 4099 T
959 4046 1025 4099 12
1064 4045 1240 4099 factus
1277 4046 1343 4100 N
1516 4053 1661 4102 esset
1699 4052 1939 4102 mortuus
1987 4049 2111 4103 Vbd
2258 4051 2323 4102 14
2361 4048 2599 4102 bahalim
2639 4045 2791 4102 PSV

502 4134 673 4196 αὐτοῖς
713 4133 829 4188 cod.
870 4134 1015 4188 Alex
1050 4140 1099 4188 et
1137 4134 1263 4204 Lay
1300 4137 1501 4199 ἑαυτοῖς
1550 4137 1724 4191 Tisch.
1852 4137 2158 4192 bahalberit
2195 4137 2431 4193 PSV¹T
2464 4137 2696 4190 baalerit
2730 4132 2792 4187 N

504 4224 569 4274 15
618 4222 673 4275 in
720 4237 822 4276 om.
861 4222 936 4275 12¹
1151 4222 1384 4277 bahalim
1424 4224 1523 4278 ΡΒ
1536 4226 1584 4278 V
1793 4226 2103 4280 bahalberit
2145 4226 2324 4281 PSV¹
2369 4225 2642 4280 baalberit
2679 4222 2790 4276 NT

503 4310 568 4363 18
608 4315 662 4364 et
699 4327 800 4365 om.
838 4311 901 4366 N
1015 4313 1084 4367 20
1120 4313 1412 4382 relegionis
1451 4314 1505 4366 P
1621 4316 1684 4368 21
1729 4316 1774 4367 si
1814 4322 1944 4368 ante
1980 4333 2084 4368 non
2117 4333 2236 4385 pos.
2277 4316 2351 4370 bd
2466 4317 2532 4370 27
2573 4314 2782 4384 inpuni-

497 4401 613 4450 tum
662 4397 771 4452 VT
