3076 4976
474 389 557 451 88
1177 383 1228 436 S.
1287 383 1565 435 Aureli
1620 383 2056 452 Augustini

569 578 903 644 CLXVIII.
936 578 1292 642 Videndum
1328 578 1642 659 quomodo
1677 578 1888 642 dicant
1918 579 2287 661 scripturae,
2321 579 2490 661 quod
2521 580 2772 644 assidue

490 687 708 751 dicunt
748 685 821 748 de
862 686 1169 749 mortuis:
1221 689 1294 749 et
1339 686 1742 767 adpositus
1796 691 1913 749 est
1961 686 2046 750 ad
2095 693 2348 768 patres
2390 707 2594 763 suoS‚
2634 688 2772 750 uel:

478 794 883 874 adpositus
945 796 1060 856 est
1116 792 1203 856 ad
1258 793 1627 874 populum
1685 812 1914 856 suum.
1999 811 2143 856 ecce
2217 793 2383 856 enim
2455 793 2531 856 de
2591 793 2772 857 Iacob

484 901 716 964 dicitur
772 901 895 964 iam
955 899 1207 980 quidem
1266 904 1514 964 mortuo
1567 900 1676 962 sed
1723 900 2001 962 nondum
2051 901 2300 982 sepulto
2352 904 2414 964 et
2462 900 2540 962 ad
2590 919 2773 981 quem

479 1007 783 1088 populum
833 1006 1187 1086 adponatur
1233 1025 1353 1070 nou
1413 1006 1475 1068 in
1537 1009 1790 1087 promtu
1851 1009 1949 1069 est
2004 1006 2239 1068 uidere.
2317 1025 2386 1068 ex
2445 1006 2554 1070 illo
2614 1006 2775 1069 enim
2836 1029 2857 1066 5

478 1112 755 1193 populus
812 1111 983 1193 prior
1038 1111 1338 1188 nascitur,
1400 1111 1508 1192 qui
1568 1111 1775 1174 dictus
1834 1116 1932 1174 est
1986 1111 2261 1192 populus
2326 1111 2602 1184 Israhel;
2672 1112 2777 1194 qui

480 1237 632 1282 uero
684 1237 828 1281 eum
875 1222 1375 1300 praecesserunt,
1425 1223 1554 1281 tam
1605 1218 1790 1299 pauci
1849 1218 2001 1280 iusti
2061 1218 2485 1291 nominantur,
2546 1221 2618 1281 ut
2673 1237 2778 1282 eos

482 1325 787 1408 populum
837 1325 1151 1406 appellare
1200 1330 1591 1388 cunctemur.
1641 1344 1782 1387 nam
1826 1325 1876 1387 si
1921 1324 2159 1388 dictum
2200 1328 2372 1387 esset
2417 1324 2780 1405 „adpositus

482 1436 582 1496 est
630 1431 706 1494 ad
754 1435 967 1512 patres
1018 1439 1234 1508 suos“‚
1301 1432 1476 1495 nulla
1532 1432 1821 1512 quaestio
1881 1430 2076 1495 fieret.
2156 1451 2230 1495 an
2290 1433 2449 1495 forte
2502 1433 2779 1514 populus

486 1545 585 1603 est
660 1558 781 1601 non
859 1538 1066 1601 solum
1141 1539 1469 1602 hominum
1547 1542 1909 1602 sanctorum
1985 1557 2208 1602 uerum
2287 1544 2350 1601 et
2414 1539 2784 1622 angelorum
2818 1564 2862 1600 ιο

483 1645 757 1728 populus
811 1644 1093 1708 ciuitatis
1133 1644 1326 1720 illius,
1370 1645 1531 1707 unde
1573 1644 1805 1708 dicitur
1844 1645 1920 1707 ad
1958 1645 2316 1708 Hebraeos:
2369 1645 2497 1708 sed
2545 1663 2783 1708 acces-

486 1750 708 1814 sistis
783 1750 869 1814 ad
936 1754 1257 1814 montem
1330 1750 1502 1815 Sion
1574 1754 1648 1814 et
1713 1750 1798 1813 ad
1866 1750 2265 1814 ciuitatem
2346 1750 2459 1814 dei
2524 1752 2783 1814 Hieru-

489 1859 727 1922 salem
783 1860 855 1922 et
902 1858 986 1920 ad
1025 1858 1239 1921 milia
1280 1859 1712 1940 angelorum
1757 1858 2313 1922 exultantium?
2361 1858 2506 1920 huic
2548 1857 2784 1939 populo

486 1964 888 2046 adponuntur
936 1965 1045 2047 qui
1090 1965 1249 2029 hanc
1296 1964 1493 2028 uitam
1547 1965 1869 2046 placentes
1927 1964 2041 2028 deo
2100 1964 2344 2028 finiunt.
2421 1967 2573 2027 tunc
2619 1963 2784 2026 enim

488 2071 783 2135 dicuntur
841 2072 1090 2154 adponi.
1151 2072 1397 2153 quando
1447 2072 1625 2134 nulla
1672 2072 1797 2134 iam
1846 2075 2127 2134 remanet
2174 2071 2538 2136 sollicitudo
2586 2072 2866 2136 tenta-15

488 2178 731 2241 tionum
781 2182 846 2242 et
891 2179 1247 2260 periculum
1298 2182 1728 2260 peccatorum.
1789 2178 1955 2260 quod
2002 2179 2257 2242 intuens
2306 2178 2395 2240 ait
2441 2177 2787 2260 scriptura:

490 2289 661 2348 ante
708 2288 1022 2349 mortem
1073 2304 1159 2348 ne
1209 2285 1472 2349 laudes
1522 2285 1893 2348 hominem
1943 2304 2411 2366 quemquam.

582 2390 951 2456 CLXVIIII.
1021 2387 1453 2473 Quadraginta.
1509 2390 1644 2453 dies
1694 2391 2079 2471 sepulturae,
2130 2409 2286 2472 quos
2337 2390 2792 2453 commemorat

496 2499 832 2579 scriptura,
895 2498 1056 2561 sorte
1117 2496 1475 2579 significant
1534 2497 1776 2577 aliquid
1841 2496 2285 2579 paenitentiae,
2354 2516 2480 2578 qua
2531 2500 2790 2578 peccata

495 2604 910 2687 sepeliuntur.
968 2624 1089 2668 non
1141 2604 1306 2667 enim
1353 2605 1590 2667 frustra
1639 2603 1831 2666 etiam
1881 2603 2298 2685 quadraginta
2345 2603 2479 2666 dies
2528 2603 2792 2666 ieiunio·
2825 2635 2870 2673 20

493 2731 632 2774 rum
682 2714 832 2775 sunt
880 2710 1235 2785 constituti,
1285 2710 1516 2790 quibus
1564 2710 1822 2791 Moyses
1862 2715 1927 2772 et
1962 2709 2182 2772 Helias
2223 2713 2288 2773 et
2327 2709 2460 2791 ipse
2502 2709 2791 2773 dominus

495 2817 837 2891 ieiunanit3
909 2822 973 2881 et
1030 2816 1301 2880 ecelesia
1364 2821 1767 2897 praecipuam
1837 2817 2348 2881 obseruationem
2414 2816 2790 2880 ieiuniorum

496 2924 1042 3008 quadragesimam
1090 2926 1300 2988 uocat.
1379 2923 1544 2985 unde
1595 2926 1660 2986 et
1703 2923 1767 2985 in
1817 2923 2086 2987 hebraeo
2136 2923 2209 2986 de
2258 2922 2579 2986 Nineuitis
2629 2921 2792 3004 apud

494 3032 713 3096 Ionam
778 3031 1151 3113 proplietam
1229 3029 1538 3110 scriptum
1614 3030 1980 3110 perhibent:
2059 3029 2563 3111 quadraginta
2635 3029 2793 3092 dies

496 3141 568 3201 et
612 3138 899 3200 Nineue
949 3140 1373 3200 euertetur:
1435 3140 1505 3198 ut
1551 3155 1663 3217 per
1709 3138 1806 3198 tot
1854 3136 2009 3211 dies,
2060 3135 2572 3199 accommodatos
2622 3135 2792 3199 uide·
2827 3173 2873 3211 25

494 3244 647 3307 licet
702 3242 1126 3307 humiliationi
1184 3241 1666 3324 paenitentium.
1726 3242 2182 3324 intellegantur
2238 3241 2300 3304 in
2356 3241 2612 3305 ieiuniis
2680 3261 2794 3306 sua

498 3349 829 3413 defleuisse
878 3353 1137 3431 peccata
1184 3352 1248 3411 et
1294 3348 1672 3431 impetrasse
1721 3348 2218 3412 misericordiam
2261 3348 2382 3412 dei.
2431 3368 2544 3411 nec
2583 3351 2791 3412 tamen

496 3455 850 3537 putandum
916 3460 1014 3518 est
1077 3455 1275 3518 istum
1343 3473 1674 3517 numerum
1741 3454 1944 3516 luctui
2001 3454 2462 3536 paenitentium
2520 3457 2794 3519 tantum-

677 3646 709 3697 2
752 3645 883 3698 Gen.
923 3646 1011 3707 49,
1052 3645 1119 3699 33
1235 3645 1294 3699 11
1339 3644 1502 3700 Hebr.
1549 3646 1628 3705 12,
1659 3647 1728 3698 22
1843 3647 1905 3698 17
1945 3645 2108 3698 Eccli.
2152 3646 2234 3705 11,
2267 3646 2334 3697 28
2453 3647 2516 3700 18
2556 3646 2622 3699 cf.
2663 3644 2791 3698 Gen.

501 3735 585 3797 50,
626 3735 657 3787 3
805 3735 868 3787 21
913 3734 977 3788 cs.
1018 3734 1112 3789 Ex,
1153 3734 1239 3800 34,
1278 3735 1346 3786 25
1514 3734 1578 3787 cs.
1619 3734 1704 3787 III
1743 3735 1874 3803 Reg.
1919 3735 2003 3795 19,
2042 3734 2074 3786 8
2221 3735 2289 3787 22
2331 3734 2396 3787 cf.
2437 3734 2633 3789 Matth.
2673 3735 2725 3793 4.
2763 3734 2794 3785 2

502 3825 570 3875 24
607 3823 721 3876 Ion.
764 3824 811 3885 3,
851 3824 886 3875 4

573 3950 607 4001 4
643 3950 884 4009 mortuos
923 3947 977 3999 P
1084 3950 1115 3999 ε’)
1155 3950 1365 4015 promto
1412 3946 1457 4000 C
1565 3948 1630 4000 12
1669 3964 1802 4016 syon
1851 3947 1900 4000 T
2007 3947 2092 4000 dei
2132 3963 2233 3999 om.
2283 3947 2334 3999 T
2437 3944 2732 4000 Ierusalem
2763 3943 2798 3995 d

506 4038 571 4089 14
608 4040 733 4106 post
756 4035 896 4089 hanc
920 4034 1160 4089 PSVTb
1304 4035 1444 4087 fiunt
1472 4034 1716 4087 PSVTb
1827 4037 1890 4087 :21
1935 4035 2066 4088 elias
2099 4035 2170 4087 bd
2279 4036 2347 4087 22
2386 4034 2727 4087 ieiunanauit
2758 4031 2802 4085 0

504 4125 758 4195 precipua
797 4124 1178 4177 obseruatione
1218 4123 1248 4175 b
1386 4124 1453 4175 ‘23
1495 4124 2003 4192 quadragensimam
2043 4124 2183 4177 P¹N
2320 4123 2573 4176 niniuitis
2620 4120 2798 4174 1⁷de

504 4214 571 4267 25
612 4215 838 4267 nineue*
865 4214 919 4265 P
956 4212 1142 4265 niniue
1178 4210 1435 4266 CTV²bcl
1507 4213 1574 4265 26
1613 4212 1988 4274 humiliatonis
2018 4212 2062 4266 S
2097 4212 2442 4265 humilationi
2471 4211 2538 4264 N
2641 4209 2794 4263 intel-

504 4303 719 4371 legatur
766 4302 893 4354 V¹T
