3076 4976
443 490 570 552 198
1156 487 1208 542 S.
1266 488 1546 541 Aureli
1601 488 2032 558 Augustini

441 683 885 764 ignorantes
935 682 1053 747 dei
1091 683 1473 748 iustitiam
1515 688 1589 748 et
1627 704 1831 748 suam
1873 684 2220 748 uolentes
2262 684 2731 749 constituere

443 789 799 853 iustitiae
860 789 978 853 dei
1036 810 1171 854 non
1231 797 1409 855 sunt
1463 791 1793 855 subiecti
1849 829 1935 838 —
1994 793 2058 854 et
2110 791 2250 854 ideo
2305 791 2563 855 tabulae
2616 791 2732 855 hu-

440 914 623 959 mano
692 915 877 978 opere
943 897 1304 979 exsculptae
1369 900 1433 961 et
1495 897 1770 961 humano
1839 916 2020 978 opere
2086 896 2475 978 conscriptae
2550 897 2730 962 datae

443 1006 612 1079 sunt,
662 1023 821 1084 quae
870 1024 1012 1068 cum
1060 1004 1218 1087 ipsis
1266 1008 1606 1077 manerent,
1664 1005 1743 1068 ad
1798 1024 1905 1068 eos
1962 1003 2408 1088 significandos
2464 1002 2540 1066 de
2596 1003 2731 1067 suis

442 1110 739 1191 operibus
788 1110 1190 1192 gloriaturos,
1230 1130 1347 1176 non
1391 1111 1468 1175 de
1507 1111 1710 1195 digito
1751 1112 1873 1190 dei,
1912 1112 2029 1175 hoc
2070 1115 2169 1175 est
2205 1111 2281 1175 de
2320 1109 2547 1191 spiritu
2585 1110 2729 1174 dei?
2794 1131 2823 1173 ⁵

531 1213 715 1279 Certe
784 1212 930 1299 ergo
996 1216 1289 1299 repetitio
1353 1216 1517 1299 legis
1591 1235 1829 1280 nouum
1896 1219 2348 1280 testamentum
2415 1215 2734 1300 significat

440 1321 717 1385 —illud
755 1326 968 1386 autem
1006 1326 1195 1387 uetus
1236 1322 1651 1407 significabat,
1691 1323 1854 1386 unde
1893 1324 2283 1387 confractum
2321 1326 2387 1386 et
2422 1322 2732 1387 abolitum

439 1431 538 1491 est
573 1464 659 1474 —-
698 1429 968 1493 maxime
1016 1430 1311 1510 quoniam
1360 1448 1504 1493 cum
1553 1429 1828 1493 secundo
1874 1431 1975 1494 lex
2021 1430 2227 1505 datur,
2275 1430 2450 1493 nullo
2497 1434 2730 1493 terrore

439 1533 625 1599 datur
671 1535 840 1599 sicut
885 1535 994 1599 illa
1039 1536 1101 1599 in
1149 1539 1324 1600 tanto
1374 1536 1645 1618 strepitu
1691 1536 1957 1619 ignium,
2006 1536 2270 1599 nubium
2310 1539 2375 1600 et
2409 1536 2726 1614 tubarum,

437 1640 605 1704 unde
642 1642 1051 1705 tremefactus
1089 1642 1366 1724 populus
1407 1641 1592 1705 dixit:
1642 1661 1781 1705 non
1829 1643 2191 1722 loquatur
2229 1641 2314 1706 ad
2352 1660 2483 1705 nos
2523 1641 2724 1718 deus,
2767 1666 2822 1707 10

438 1766 522 1809 ne
569 1748 991 1812 moriamur.
1069 1748 1233 1812 unde
1291 1748 1686 1831 significatur
1737 1748 1930 1813 timor
1975 1768 2117 1812 esse
2164 1748 2227 1812 in
2275 1752 2489 1812 uetere
2535 1752 2728 1812 testa-

436 1858 672 1930 mento,
701 1855 764 1918 in
797 1874 961 1919 nouo
993 1854 1270 1920 dilectio,
1322 1855 1637 1936 quomodo
1677 1854 1873 1938 igitur
1910 1855 2064 1919 haec
2105 1854 2380 1920 soluitur
2416 1854 2725 1936 quaestiO,

439 1979 633 2041 quare
680 1961 827 2025 illae
877 1981 1036 2043 opus
1085 1960 1206 2038 dei,
1256 1961 1417 2025 istae
1467 1980 1627 2043 opus
1684 1960 1957 2025 hominis
2017 1965 2080 2025 et
2132 1961 2280 2025 illae
2337 1961 2727 2043 conscriptae

439 2065 639 2150 digito
689 2066 810 2141 dei,
859 2068 1019 2132 istae
1068 2068 1341 2150 scriptae
1389 2068 1465 2131 ab
1513 2068 1810 2132 homine?
1886 2088 1960 2132 an
2018 2069 2178 2132 forte
2223 2068 2366 2132 ideo
2414 2067 2617 2151 magis
2664 2066 2726 2130 in

435 2173 566 2237 illis
614 2173 928 2255 prioribus
977 2176 1165 2238 uetus
1214 2174 1641 2258 significatum
1689 2178 1790 2238 est
1835 2178 2309 2252 testamentum,
2367 2174 2516 2256 quia
2570 2173 2725 2238 deus
2765 2201 2819 2240 1⁵

436 2279 522 2343 ibi
579 2281 919 2363 praecepit,
978 2281 1091 2345 sed
1145 2281 1333 2345 homo
1391 2299 1514 2344 non
1582 2280 1774 2348 fecit?
1845 2281 1944 2345 lex
2010 2281 2178 2346 enim
2241 2282 2454 2363 posita
2509 2283 2609 2345 est
2660 2280 2722 2344 in

436 2390 649 2450 uetere
694 2390 1098 2465 testamento,
1148 2407 1308 2470 quae
1355 2389 1762 2453 conuinceret
1806 2392 2323 2471 transgressoreS,
2365 2408 2525 2471 quae
2564 2388 2725 2452 sub·

435 2493 792 2571 intrauit,
859 2498 940 2558 ut
1005 2495 1425 2559 abundaret
1491 2494 1875 2562 delictum.
1959 2516 2080 2560 non
2136 2497 2302 2560 enim
2366 2496 2727 2578 inplebatur

434 2600 682 2677 timore,
740 2620 898 2682 quae
945 2621 1067 2665 non
1112 2602 1391 2683 inpletur
1435 2602 1558 2666 nisi
1604 2602 1884 2667 caritate.
1962 2607 2027 2666 et
2080 2602 2220 2668 ideo
2279 2603 2511 2668 dicitur
2564 2621 2724 2686 opus

436 2704 565 2781 dei,
633 2705 783 2787 quia
847 2706 1002 2770 deus
1076 2708 1284 2789 legem
1354 2707 1721 2786 constituit,
1788 2709 1942 2773 deus
2010 2709 2411 2792 conscripsit,
2478 2710 2724 2774 nullum
2762 2741 2819 2781 20

437 2827 595 2892 opus
671 2809 978 2889 hominiS,
1057 2811 1206 2892 quia
1278 2811 1466 2876 homo
1543 2812 1663 2876 deo
1737 2832 1859 2878 non
1927 2813 2389 2895 obtemperauit
2453 2819 2518 2879 et
2581 2834 2725 2879 eum

434 2915 647 2996 potius
704 2936 883 2980 reum
938 2917 1037 2981 lex
1095 2918 1265 2982 iecit.
1339 2918 1402 2982 in
1462 2918 1758 2983 secundis
1816 2922 2030 2983 autem
2086 2920 2323 2984 tabulis
2381 2921 2568 2987 homo
2618 2940 2728 3003 per

435 3021 818 3086 adiutorium
870 3022 968 3087 dei
1014 3024 1266 3088 tabulas
1313 3025 1468 3089 facit
1514 3027 1704 3107 atque
1754 3026 2110 3102 conscribit,
2163 3026 2309 3108 quia
2345 3028 2496 3092 noui
2533 3031 2724 3093 testa-

436 3129 633 3192 menti
700 3130 925 3194 caritas
990 3131 1198 3213 legem
1281 3132 1452 3196 facit.
1520 3132 1686 3196 unde
1752 3132 1907 3197 dicit
1970 3133 2290 3198 dominus:
2356 3153 2493 3199 non
2552 3134 2723 3198 ueni

433 3236 680 3319 legem
729 3238 1049 3314 soluere,
1101 3238 1228 3302 sed
1276 3239 1588 3319 inplere,
1640 3238 1796 3303 dicit
1832 3243 2041 3328 autem
2086 3241 2441 3321 apostolus:
2491 3241 2722 3325 pleni·
2760 3271 2817 3311 2⁵

433 3342 609 3406 tudo
686 3343 882 3427 legis
960 3344 1240 3409 caritas
1317 3348 1409 3409 et:
1485 3345 1689 3409 fides
1767 3365 1953 3426 quae
2026 3365 2155 3428 per
2228 3347 2721 3412 dilectionem

435 3453 810 3529 operatur.
851 3451 1091 3514 factum
1133 3455 1231 3514 est
1269 3450 1483 3532 itaque
1521 3451 1762 3516 homini
1804 3452 1988 3516 facile
2025 3452 2089 3515 in
2129 3472 2291 3517 nouo
2320 3457 2721 3530 testamentO,

433 3554 601 3636 quod
648 3556 708 3619 in
759 3560 971 3621 uetere
1019 3556 1275 3621 difficile
1332 3557 1475 3635 fuit,
1525 3557 1785 3623 habenti
1834 3559 2041 3636 fidem,
2091 3579 2275 3641 quae
2323 3580 2451 3643 per
2499 3560 2721 3626 dilec-

614 3746 678 3799 10
715 3746 809 3801 Ex.
847 3747 935 3804 20,
981 3748 1041 3801 19
1201 3748 1263 3801 17
1303 3748 1455 3802 Rom.
1496 3752 1547 3807 5.
1586 3749 1655 3802 20
1815 3750 1883 3803 24
1920 3750 2117 3804 Matth.
2157 3753 2206 3816 5,
2250 3752 2313 3804 17
2460 3753 2529 3805 25
2566 3752 2718 3805 Rom.

435 3835 518 3901 13,
561 3834 624 3887 10
727 3836 793 3888 26
834 3834 952 3889 Gal.
993 3838 1044 3899 5,
1084 3837 1115 3891 6

499 3959 530 4010 3
571 3959 1086 4028 exculptae—opere
1125 3976 1225 4013 om.
1267 3960 1449 4013 P¹SV
1591 3962 1872 4030 exculptae
1904 3963 1967 4015 N
1997 3963 2241 4031 sculptae
2280 3964 2408 4032 Euy
2551 3963 2718 4033 serip-

429 4047 519 4098 tae
557 4045 746 4114 le'uq
928 4047 957 4098 7
998 4047 1274 4115 significat
1309 4046 1375 4100 N
1547 4048 1580 4102 8
1622 4049 1877 4117 quoniam
1915 4065 2017 4102 om.
2064 4050 2299 4119 CNEuy
2505 4069 2632 4122 qum
2678 4052 2725 4105 0

434 4134 498 4187 10
537 4132 669 4186 deus
708 4133 773 4186 ad
813 4150 910 4187 nos
943 4133 1398 4204 OPSVdeEu9
1471 4137 1533 4188 11
1576 4138 1750 4190 ueteri
1787 4137 1881 4190 TS
1952 4139 2015 4190 17
2057 4141 2242 4191 uetera
2269 4138 2324 4190 P
2346 4141 2517 4194 ueteri
2547 4139 2727 4195 P²ST

429 4223 844 4289 transgressoris
875 4222 920 4275 0
1029 4223 1094 4276 18
1132 4224 1271 4278 enim
1313 4241 1413 4278 om.
1452 4226 1598 4293 Euq.
1707 4226 1775 4278 23
1813 4225 2081 4279 fecitPV
2221 4229 2541 4298 conscripsit
2565 4229 2727 4284 PSV

429 4311 498 4362 25
535 4309 713 4378 legem
754 4326 856 4366 om.
903 4311 949 4364 C
1106 4311 1397 4381 adimplere
1435 4313 1500 4365 N
1640 4314 2127 4383 dicit—apostolus
2167 4333 2268 4371 om.
2307 4316 2374 4369 N
2556 4319 2626 4372 26
2666 4321 2721 4371 et

429 4397 562 4452 fides
601 4414 702 4452 om.
740 4398 807 4451 N
908 4400 974 4454 27
1015 4399 1172 4454 facile
1210 4417 1314 4456 om.
1349 4401 1538 4471 NEuq
1647 4403 1715 4456 28
1755 4405 1928 4457 ueteri
1967 4404 2069 4458 ST
2210 4405 2443 4460 difficele
2488 4406 2536 4460 G
