3076 4976
262 1633 312 1671 10

262 2163 312 2202 15

668 453 1148 518 Quaestionum
1189 452 1298 506 lib.
1339 453 1394 506 11
1436 453 1816 522 (Expositio
1856 454 2330 522 tabernaculi).
2516 458 2644 520 215

345 651 531 727 loni5‚
588 649 698 713 ubi
757 648 1119 714 uicenarum
1186 650 1625 713 columnarum
1691 649 1941 714 ordines
2010 654 2179 725 sunt,
2247 650 2650 736 quadragena

347 757 567 838 utique
616 756 834 821 cubita
877 755 1285 820 tenderentur
1331 776 1441 838 per
1488 756 1614 819 alia
1660 757 1783 822 duo
1830 757 2030 821 latera
2078 756 2337 822 orientis
2387 760 2450 821 et
2489 756 2648 821 occi·

348 864 553 928 dentis
620 867 685 928 et
746 863 1151 946 proportione
1228 866 1626 928 occurrerent
1698 864 1762 926 in
1840 868 1983 928 octo
2051 862 2366 928 columnis
2432 863 2649 928 cubita

348 971 760 1054 quadraginta
814 972 985 1035 sicut
1028 970 1092 1035 in
1143 970 1375 1054 uiginti
1423 972 1737 1035 columnis
1786 971 2002 1036 cubita
2040 974 2325 1047 centum3
2375 970 2488 1035 sed
2526 989 2643 1033 non

348 1081 565 1142 essent
608 1077 898 1161 longiora
943 1080 1145 1141 latera
1193 1077 1514 1142 exterioris
1556 1078 1719 1155 atrii,
1760 1078 2055 1159 quoniam
2095 1076 2374 1142 centenis
2414 1075 2649 1139 cubitis

348 1185 606 1250 definita
653 1188 821 1262 sunt,
872 1188 938 1249 et
973 1185 1115 1249 ideo
1155 1204 1275 1248 non
1317 1188 1488 1249 esset
1519 1184 2055 1266 quemadmodum
2089 1186 2197 1249 ille
2238 1183 2388 1250 ordo
2429 1183 2644 1248 decem

349 1293 788 1357 columnarum
834 1292 909 1356 ab
960 1291 1192 1375 angulo
1242 1292 1507 1355 australi
1552 1292 1614 1355 in
1665 1292 1967 1376 angulum
2015 1290 2403 1372 aquilonium
2448 1289 2648 1354 inclu-

349 1399 525 1463 deret
573 1398 852 1463 ordinem
901 1397 1274 1462 interiorum
1325 1402 1466 1461 octo
1517 1399 1978 1462 columnarum.
2052 1396 2315 1479 proinde
2370 1400 2445 1460 ut
2490 1395 2648 1460 atrio

349 1504 626 1587 undique
675 1503 1101 1569 circumdetur
1145 1505 1409 1569 interius
1459 1504 1956 1581 tabernaculum,
2006 1507 2256 1585 oportet
2297 1502 2458 1566 illud
2506 1520 2648 1567 esse

352 1613 542 1676 etiam
608 1611 1029 1695 longitudinis
1094 1611 1425 1677 breuioriS.
1513 1614 1701 1693 atque
1767 1610 1857 1676 ita
1921 1629 2178 1675 necesse
2244 1609 2330 1673 sit
2391 1609 2647 1673 uicenas

353 1719 489 1783 eius
540 1719 866 1783 columnas
914 1718 977 1782 in
1028 1718 1276 1781 duobus
1335 1718 1668 1783 lateribus,
1728 1717 1960 1798 quibus
2018 1716 2079 1780 in
2136 1718 2401 1800 longum
2454 1716 2650 1798 porri-

351 1825 544 1908 gitur,
595 1824 853 1888 densius
905 1824 1234 1900 constitui‚
1277 1843 1464 1905 quam
1507 1827 1659 1887 sunt
1698 1823 1842 1887 atrii
1882 1823 2205 1887 exterioris
2245 1823 2436 1886 etiam
2473 1822 2649 1904 ipsae

349 1931 632 2005 nicenae,
684 1934 749 1995 et
795 1930 999 1994 rarius
1050 1934 1193 1995 octo
1249 1931 1578 1995 columnas
1616 1930 2011 1994 tabernaculi
2047 1929 2363 1994 interioris
2403 1948 2438 1993 a
2472 1932 2649 2011 parte

352 2037 699 2101 occidentis
758 2057 948 2119 quam
998 2036 1215 2101 decem
1266 2056 1335 2100 ex
1385 2036 1602 2101 eadem
1660 2040 1839 2119 parte
1898 2037 2040 2100 atrii
2097 2035 2438 2112 exteriori8‚
2497 2053 2650 2116 quo-

352 2144 519 2208 niam
569 2144 882 2227 quidquid
928 2144 1139 2207 minus
1189 2143 1552 2207 cubitorum
1604 2163 1672 2207 ex
1722 2143 1852 2207 illis
1900 2141 2139 2206 aulaeis
2188 2141 2543 2205 extenditur
2585 2142 2648 2205 in

353 2250 664 2314 columnis
732 2250 973 2314 nicenis
1034 2249 1301 2313 duorum
1359 2249 1632 2313 laterum
1693 2248 1768 2312 ad
1828 2251 2117 2313 austrum
2173 2251 2237 2312 et
2291 2248 2649 2330 aquilonem

351 2356 859 2440 conpensandum
919 2360 1018 2421 est
1071 2356 1411 2420 latitudine
1470 2356 1793 2420 orientalis
1844 2359 1910 2420 et
1956 2354 2365 2420 occidentalis
2411 2356 2652 2433 lateriS‚

350 2468 424 2529 ut
488 2464 758 2529 ducenta
826 2463 1151 2547 octoginta
1218 2462 1431 2528 cubita
1490 2466 2008 2528 consummentur
2063 2463 2448 2528 aulaeorum.
2526 2482 2648 2528 non

352 2572 516 2635 enim
565 2571 747 2635 sicut·
785 2571 860 2636 de
910 2570 1075 2635 uelis
1127 2571 1499 2653 capillaciiS‚
1557 2570 1666 2634 ubi
1716 2589 1916 2634 unum
1964 2571 2111 2653 plus
2162 2574 2280 2645 est,
2328 2569 2414 2632 ita
2464 2573 2529 2634 et
2574 2569 2650 2633 de

351 2679 451 2742 his
528 2677 767 2741 aulaeis
846 2676 1038 2739 iussit
1113 2675 1355 2758 aliquid
1423 2676 1752 2758 duplicari.
1840 2678 2219 2758 quapropter
2284 2676 2337 2740 si
2402 2680 2652 2740 tantum

352 2784 678 2848 breuiatur
721 2783 1053 2866 longitudo
1104 2783 1493 2846 tabernaculi
1550 2783 1890 2860 interioriS‚
1940 2783 2106 2865 quod
2156 2783 2231 2846 ab
2280 2782 2439 2848 atrio
2488 2786 2652 2847 exte-

349 2891 511 2954 riore
561 2893 780 2972 posset
825 2889 1085 2956 includi.
1134 2891 1208 2952 ut
1254 2889 1313 2953 in
1364 2889 1607 2953 nicenis
1658 2889 1794 2953 eius
1843 2889 2155 2954 columnis
2211 2909 2330 2953 non
2389 2891 2653 2954 centena

353 2997 568 3061 cubita
633 2996 973 3060 tendantur
1039 2997 1428 3069 aulaeorum,
1498 2995 1609 3059 sed
1677 2995 1852 3058 uerbi
1920 2997 2122 3079 gratia
2185 3000 2258 3059 ut
2320 2995 2650 3060 minimum

352 3122 675 3186 nonagena
733 3107 798 3166 et
857 3123 1026 3176 sena,
1095 3105 1169 3166 ut
1235 3102 1558 3183 quaternis
1625 3102 1860 3165 cubitis
1926 3101 2219 3165 breuiora
2284 3102 2430 3174 sint,
2494 3102 2653 3167 haee

354 3209 492 3291 ipsa
559 3213 865 3292 quaterna
933 3210 1178 3286 cubita,
1264 3209 1329 3272 id
1397 3212 1495 3272 est
1562 3212 1703 3273 octo
1772 3208 1989 3272 cubita
2062 3208 2125 3271 in
2196 3208 2443 3272 duobus
2510 3208 2652 3273 aliis

349 3316 658 3380 lateribus
724 3317 945 3398 utique
1012 3316 1325 3380 tendenda
1394 3319 1567 3390 sunt,
1626 3316 1916 3380 orientali
1977 3319 2041 3379 et
2097 3315 2508 3380 occidentali:
2577 3334 2651 3379 ac

353 3423 443 3487 sic
493 3423 553 3486 in
602 3423 732 3487 illis
783 3427 922 3488 octo
975 3423 1287 3487 columnis
1340 3422 1841 3486 occidentalibus
1889 3420 2277 3485 tabernaculi
2331 3421 2650 3486 interioris

353 3549 471 3595 non
523 3530 941 3594 extenduntur
987 3529 1202 3593 cubita
1251 3527 1684 3611 quadraginta,
1734 3529 1845 3592 sed
1894 3527 2307 3611 quadraginta
2353 3530 2653 3609 quattuor

354 3642 417 3701 et
463 3635 1054 3719 aliaquadraginta
1104 3638 1405 3717 quattuor
1453 3635 1528 3699 ab
1579 3635 1836 3699 oriente.
1915 3654 2059 3698 cum
2108 3652 2256 3716 ergo
2312 3633 2375 3697 in
2433 3633 2649 3698 decem

425 3932 449 3984 1
491 3930 587 3985 ubi
623 3948 725 3985 om.
773 3931 820 3984 0
959 3931 1325 3983 columnarum
1365 3945 1465 3983 om.
1513 3927 1560 3981 Ο
1718 3930 1783 3982 13
1823 3929 2039 3982 uicinae
2078 3929 2179 3997 (sic
2217 3930 2463 3996 saepius)
2511 3927 2655 3982 CPS

349 4020 542 4088 rarius]
581 4020 846 4072 aerarium
886 4017 1066 4072 P¹SV
1244 4018 1518 4071 columnes
1559 4016 1633 4068 1)ι
1685 4017 1949 4070 columnis
1991 4017 2036 4070 S
2216 4017 2279 4070 16
2331 4016 2554 4081 duorum
2604 4017 2656 4069 V

354 4107 420 4161 ad
458 4108 767 4177 aquilonem
793 4106 916 4161 de
1016 4109 1077 4160 17
1115 4107 1462 4160 latitudinem
1500 4106 1549 4159 C
1580 4106 1750 4159 latine
1782 4105 1853 4157 P¹
2002 4109 2055 4158 et
2096 4105 2443 4158 occidentalis
2473 4121 2575 4158 om.
2609 4105 2656 4159 C

353 4198 418 4250 18
458 4202 904 4250 consummantur
946 4196 1088 4249 CPS
1131 4200 1513 4249 consumentur
1564 4195 1613 4248 V
1786 4196 1850 4248 21
1907 4195 2197 4264 prebeatur
2238 4193 2285 4247 C
2459 4211 2563 4263 quo
2609 4195 2657 4248 C

352 4285 602 4338 exteriori
648 4286 698 4338 T
798 4286 866 4338 22
907 4285 1081 4355 possit
1119 4285 1163 4336 C
1300 4283 1527 4352 includi]
1568 4283 1717 4336 indui
1756 4282 1801 4336 S
1898 4285 1966 4336 24
2005 4283 2307 4352 nonaginta
2343 4282 2450 4335 PT
2484 4299 2651 4336 nona-

352 4373 530 4442 genda
579 4375 631 4427 V
734 4376 801 4427 27
844 4374 972 4443 illis]
1015 4373 1135 4426 aliis
1183 4373 1232 4425 T
1338 4375 1405 4426 29
1446 4375 1498 4425 in
1538 4389 1641 4427 om.
1688 4371 1735 4425 C
