3076 4976
462 522 590 586 516
1166 515 1219 569 S.
1276 515 1552 570 Aureli
1608 515 2047 586 Augustini

458 714 632 778 tibus
687 712 1076 795 prophetias,
1136 731 1293 794 quas
1352 713 1624 796 gentiles
1673 712 1889 795 potius
1938 712 2365 791 comederunt,
2417 718 2479 779 et
2529 713 2604 778 de
2651 714 2753 779 his

457 819 567 903 qui
623 820 927 884 facientes
987 818 1326 885 comedunt
1381 836 1540 900 quae
1601 819 1709 883 alii
1763 819 2162 903 praecipiunt
2206 822 2271 884 et
2317 840 2439 884 non
2486 821 2751 886 faciunt.

458 927 624 1010 ipsi
680 946 869 991 uero
930 926 1017 990 de
1073 926 1312 990 malis
1369 945 1518 991 non
1567 926 2184 992 liberabuntur:
2234 927 2529 1009 quamuis
2576 947 2752 1010 prae.-

457 1034 671 1100 dicent
706 1053 828 1099 non
870 1053 1011 1098 esse
1049 1033 1356 1098 facienda.
1397 1034 1940 1100 exhauriatur
1985 1033 2392 1099 fortitudo
2441 1054 2749 1099 eorum:

458 1161 583 1223 qua
640 1140 1011 1223 superbiunt
1068 1139 1372 1205 aduersus
1428 1140 1745 1217 infirmos;
1805 1140 2342 1205 exhauriatur
2389 1144 2624 1218 autem,
2675 1143 2750 1206 ut
2815 1162 2845 1201 s

452 1247 581 1312 iam
619 1247 884 1330 incipiat
918 1247 1224 1311 laborare.
1268 1266 1416 1311 non
1459 1246 1666 1310 enim
1713 1246 2039 1330 prodiet
2085 1246 2173 1311 de
2221 1250 2438 1312 terra
2483 1248 2748 1312 labor:

453 1354 519 1418 id
576 1357 676 1418 est
735 1353 810 1417 de
868 1357 1153 1418 creatura
1209 1372 1332 1417 non
1390 1358 1851 1434 conquerantur
1907 1353 2019 1417 sed
2075 1352 2152 1417 de
2201 1372 2289 1419 se.
2339 1354 2473 1418 sed
2519 1354 2748 1419 homo

451 1461 526 1524 in
575 1461 857 1525 labore
905 1459 1308 1524 nascitur:
1360 1458 1712 1524 secundum
1758 1458 1825 1523 id
1863 1459 2108 1524 dictum
2147 1462 2246 1524 est
2293 1461 2739 1536 „nascitur“

452 1565 804 1632 secundum
888 1565 1054 1648 quod
1136 1565 1199 1629 in
1282 1565 1665 1631 laboriosam
1749 1566 1950 1630 uitam
2033 1585 2103 1630 ex
2188 1566 2400 1649 quieta
2476 1567 2749 1649 quisque

455 1672 870 1739 conueititur.
907 1672 1123 1756 pulli
1164 1675 1426 1737 autem
1466 1673 1836 1738 uulturis
1885 1673 2298 1738 altissime
2346 1674 2748 1739 uolitant:
2788 1693 2839 1733 ιο

451 1781 675 1844 uultur
727 1779 885 1843 bene
941 1779 1337 1862 intellegitur
1392 1778 1710 1858 dominus,
1768 1779 1916 1862 quia
1980 1779 2316 1844 altitudine
2380 1780 2748 1863 prophetiae

450 1885 618 1950 uidit
673 1884 1125 1950 mortalitatem
1182 1888 1485 1964 nostram,
1545 1905 1669 1968 qua
1727 1885 2114 1972 descendens
2166 1888 2551 1970 pasceretur,
2601 1905 2749 1952 con-

450 1994 706 2056 uertens
764 2010 879 2056 nos
935 1991 997 2055 in
1054 2011 1284 2075 corpus
1342 2012 1551 2057 suum.
1625 1992 1909 2076 „pulli“
1967 2012 2116 2077 ergo
2171 1993 2616 2070 „uulturis“
2671 1999 2749 2058 ιιι

449 2098 567 2162 filii
615 2098 829 2181 sponsi
878 2097 1030 2163 dicti
1078 2101 1247 2176 sunt,
1298 2098 1712 2164 altissime
1761 2101 1975 2164 autem
2023 2100 2362 2165 uolitantes
2410 2119 2746 2165 conuersa-

448 2204 688 2269 tionem
735 2205 799 2269 in
848 2205 1041 2270 caelis
1088 2204 1415 2284 habentes,
1454 2210 1529 2270 ιιι
1577 2225 1612 2270 a
1659 2206 1870 2271 labore
1906 2207 2254 2272 liberentur
2288 2206 2351 2270 in
2391 2226 2515 2289 quo
2553 2208 2744 2273 homo
2787 2228 2837 2267 ιε.

448 2310 751 2378 nascitur.
804 2309 1008 2375 secuti
1057 2315 1207 2375 sunt
1254 2311 1485 2394 quippe
1534 2330 1760 2376 uocem
1807 2311 2105 2376 dicentis:
2165 2312 2442 2378 uenite
2490 2312 2579 2377 ad
2628 2333 2744 2379 me

448 2436 719 2482 omnes
780 2417 913 2500 qui
968 2417 1401 2485 laboratis,
1466 2421 1740 2502 possunt
1787 2422 1851 2482 et
1904 2418 2155 2502 „pulli
2213 2420 2621 2485 uulturis“
2678 2421 2742 2485 in

447 2526 616 2590 malo
674 2524 962 2609 intellegi
1018 2525 1221 2590 aeriae
1277 2529 1649 2609 potestateS,
1700 2545 1859 2608 quae
1905 2528 2241 2603 mortibus,
2287 2526 2408 2593 hoc
2457 2531 2555 2593 est
2600 2549 2743 2611 pec·

447 2631 627 2710 catis,
684 2633 1053 2712 pascuntur.
1122 2631 1417 2713 quoniam
1475 2632 1669 2696 huius
1725 2633 1897 2697 modi
1952 2634 2486 2715 praeuaricatores
2534 2636 2743 2719 angeli

443 2756 565 2802 non
625 2740 776 2802 sunt
830 2737 1119 2819 perducti
1176 2737 1255 2801 ad
1310 2738 1741 2803 humilitatem
1789 2740 2199 2805 mortalitatis
2245 2741 2523 2806 multum
2568 2743 2742 2807 labo·
2773 2763 2829 2801 το

442 2844 698 2922 riosam,
745 2844 810 2908 in
868 2863 994 2926 qua
1048 2843 1237 2908 homo
1293 2844 1599 2921 nascitur,
1649 2846 1834 2911 ualde
1882 2847 1979 2911 illi
2028 2846 2424 2930 superbiunt,
2473 2849 2592 2914 hoc
2643 2853 2742 2915 est

443 2952 864 3016 altissime
922 2950 1306 3014 uolitant.
1377 2951 1511 3032 qui
1560 2951 1695 3017 dat
1738 2953 2105 3036 pluuiam
2155 2974 2398 3038 super
2442 2956 2736 3021 faciem

441 3061 744 3123 terrae:
790 3061 1118 3139 tamquam
1168 3056 1612 3125 confitentibus
1661 3060 1855 3124 faciat
1890 3061 2409 3129 misericordiam.
2457 3068 2546 3127 ut
2590 3083 2736 3128 non

443 3163 702 3229 faciat
748 3182 1025 3228 manus
1077 3183 1346 3228 eorum
1401 3166 1878 3232 ueritatem:
1929 3187 2050 3233 non
2097 3168 2335 3233 faciant
2382 3169 2552 3251 quod
2598 3189 2736 3253 pro-

451 3271 719 3334 mittunt
754 3269 1070 3335 inhiantes
1109 3269 1417 3334 dominam·
1454 3270 1739 3337 infirmis.
1788 3272 1865 3336 in
1906 3272 2031 3338 die
2076 3279 2508 3339 occurrent
2552 3275 2735 3340 illis
2769 3292 2833 3330 2⁵

440 3376 858 3441 tenebrae:
924 3379 1000 3440 ut
1053 3376 1308 3441 Iudaeis
1366 3376 1475 3459 qui
1532 3377 1856 3443 dominum
1913 3399 2037 3443 non
2094 3384 2527 3463 cognouerunt
2584 3381 2736 3464 quid

438 3485 631 3546 esset.
683 3485 822 3546 aut
868 3485 1270 3565 tamquam
1320 3483 1396 3547 in
1446 3487 1683 3549 nocte
1731 3485 2180 3568 palpabunt
2226 3487 2301 3551 in
2359 3487 2732 3553 meridie:

614 3690 943 3753 310b5‚5
1051 3690 1381 3755 410b5‚5
1490 3691 1821 3754 610b5‚6
1934 3693 2261 3750 710b5.7
2376 3696 2732 3762 1010b5,7

439 3781 509 3833 14
546 3780 616 3834 cf.
652 3779 793 3833 Phil.
832 3781 883 3843 3,
924 3779 993 3833 20
1141 3783 1206 3834 16
1244 3780 1441 3834 Matth.
1485 3782 1567 3844 11,
1607 3781 1675 3834 28
1803 3782 1872 3836 22
1909 3780 2005 3835 Iob
2044 3786 2094 3845 5,
2137 3784 2201 3838 10
2329 3786 2398 3839 23
2434 3784 2533 3838 Iob
2573 3788 2625 3849 5,
2668 3786 2733 3841 12

438 3870 507 3922 25
542 3868 657 3922 Iob.
698 3870 752 3931 5,
791 3870 861 3922 14
970 3869 1038 3922 27
1077 3867 1174 3921 Iob
1215 3871 1265 3931 5,
1310 3870 1374 3922 14

513 3994 537 4046 1
580 3992 814 4061 gentiles
854 3996 1209 4061 congregatas
1238 3992 1270 4045 b
1372 3993 1405 4045 2
1442 4009 1550 4046 non
1588 3993 1849 4047 facientes
1879 3994 1931 4048 P
2023 3997 2058 4050 8
2096 3996 2171 4068 id]
2213 3997 2349 4052 illud
2393 3997 2440 4051 C
2538 4000 2605 4054 10
2636 4016 2727 4053 uo·

435 4083 555 4136 lant
588 4082 732 4135 Hier
807 4082 872 4134 12
911 4084 1224 4150 posceretur
1265 4079 1315 4134 G
1402 4081 1466 4135 13
1506 4084 1569 4134 ut
1604 4098 1705 4136 om.
1751 4082 1872 4136 de
1906 4100 2025 4152 eoep.
2070 4085 2121 4138 T
2194 4088 2260 4141 14
2297 4087 2544 4142 uolentes
2575 4087 2734 4143 GGT

439 4173 507 4225 15
542 4170 804 4224 habentes
841 4170 899 4222 in
936 4170 1097 4223 caelis
1141 4169 1248 4224 GP
1354 4169 1423 4222 20
1461 4169 1710 4240 producti
1753 4171 1800 4225 C
1921 4173 1985 4227 21
2029 4190 2133 4243 quo
2176 4174 2221 4229 C
2359 4175 2442 4228 illi
2483 4179 2547 4241 (8.
2585 4177 2622 4231 l.
2660 4194 2724 4230 m.

434 4266 466 4314 1
501 4259 647 4327 inde)
695 4259 746 4312 T
812 4258 881 4312 23
917 4258 1578 4313 misericordiam—faciat
1616 4275 1717 4315 om.
1763 4260 1810 4314 C
1878 4263 1947 4315 24
1985 4262 2193 4316 faciant
2221 4279 2309 4331 pr.
2348 4263 2491 4317 Hier
2607 4283 2723 4335 per·

432 4350 664 4403 mittunt
688 4347 735 4401 Ο
802 4348 869 4401 25
899 4348 1194 4416 inhiantes]
1232 4347 1502 4401 minantes
1529 4347 1658 4402 de
1764 4355 2102 4405 occurrerent
2134 4352 2181 4406 0
2250 4353 2317 4406 26
2340 4353 2492 4422 quid]
2519 4355 2637 4424 quis
2658 4353 2727 4408 bd

432 4440 500 4493 27
541 4438 657 4507 aut]
699 4440 756 4491 et
793 4435 840 4491 S
871 4436 1014 4490 Hier
1155 4437 1210 4489 in
1240 4454 1331 4505 pr.
1372 4454 1473 4491 om.
1513 4437 1660 4493 Hier
