3076 4976
673 499 1153 565 Quaestionum
1195 499 1303 552 lib.
1346 499 1421 553 VI
1462 499 1753 567 (Quaest.
1797 500 1868 554 de
1907 501 2061 555 Iesu
2099 500 2324 568 Naue).
2512 506 2646 569 433

347 696 495 777 quia
562 695 717 758 deus
786 695 901 758 hoc
977 695 1270 759 iusserat.
1339 695 1444 777 qui
1512 700 1724 760 autem
1803 697 2162 761 existimant
2237 697 2380 760 hinc
2457 697 2642 760 deum

350 804 559 885 ipsum
600 803 799 865 fuisse
836 802 1155 866 crudelem
1188 806 1250 865 et
1287 806 1543 885 propter
1581 804 1700 866 hoc
1740 804 1975 866 ueteris
2014 804 2381 867 testamenti
2422 823 2642 868 uerum

350 914 538 976 deum
570 912 769 977 fuisse
800 916 1122 977 auctorem
1158 913 1381 976 nolunt·
1412 912 1683 989 credere,
1718 917 1848 976 tam
1888 933 2184 1000 peruerse
2226 914 2301 978 de
2343 914 2637 995 operibus

349 1019 447 1083 dei
481 1039 669 1100 quam
701 1019 776 1083 de
808 1019 1084 1100 peccatis
1116 1019 1445 1083 hominum
1476 1019 1762 1083 iudicant
1790 1021 2140 1084 nescientes
2181 1019 2333 1101 quid
2373 1020 2641 1103 quisque

285 1126 477 1207 spati
546 1126 777 1209 dignus
846 1126 929 1189 sit
996 1128 1058 1189 et
1126 1145 1426 1209 magnum
1500 1130 1797 1206 putantes
1874 1126 2130 1199 malum,
2209 1145 2352 1190 cum
2421 1146 2643 1192 casura

349 1233 706 1297 deiciuntur
752 1233 1177 1314 mortalesque
1225 1232 1601 1296 moriuntur.

436 1340 638 1404 XVII.
678 1341 769 1403 Et
808 1359 946 1403 non
989 1344 1150 1402 erat
1188 1339 1473 1403 ciuitas
1516 1359 1701 1421 quae
1743 1359 1879 1403 non
1923 1343 2083 1403 erat
2121 1339 2401 1403 tradita
2442 1339 2638 1404 filiis

349 1446 659 1510 Israhel.
711 1446 1034 1527 quaeritur
1081 1446 1396 1528 quomodo
1448 1447 1566 1510 hoc
1617 1465 1837 1510 uerum
1889 1446 1993 1522 sit,
2045 1465 2188 1510 cum
2235 1465 2349 1510 nec
2396 1451 2639 1528 tempo-

346 1554 522 1618 ribus
580 1556 800 1635 postea
865 1552 1147 1617 iudicum
1209 1572 1320 1617 nec
1380 1553 1775 1633 temporibus
1834 1572 2056 1635 regum
2115 1571 2329 1616 omnes
2390 1553 2639 1618 omnino

256 1661 600 1723 minarum
668 1662 908 1741 septem
961 1660 1243 1742 gentium
1312 1659 1604 1723 ciuitates
1674 1678 1894 1740 capere
1959 1659 2285 1740 potuerint
2346 1660 2639 1723 Hebraei.

349 1767 460 1831 sed
525 1771 635 1829 aut
690 1766 779 1829 sic
846 1765 1347 1849 intellegendum
1423 1769 1540 1842 est,
1621 1765 1791 1847 quod
1855 1765 1932 1829 ad
1997 1765 2237 1829 nullam
2313 1766 2638 1830 ciuitatem

346 1872 635 1936 bellando
688 1872 960 1936 accessit
1007 1873 1188 1937 Iesus
1238 1892 1426 1954 quam
1474 1892 1595 1936 non
1648 1872 1910 1953 ceperit3
1953 1875 2064 1937 aut
2103 1876 2269 1936 certe
2307 1873 2481 1936 nulla
2519 1893 2637 1937 non

349 1985 532 2060 capta
581 1982 697 2053 est,
750 1979 859 2042 sed
908 1998 1121 2042 earum
1173 1998 1331 2060 quae
1379 1979 1439 2042 in
1487 1979 1853 2063 regionibus
1904 1998 2094 2061 supra
2133 1980 2637 2044 commemoratis

346 2086 619 2150 suerunt.
688 2089 1084 2149 enumeratae
1153 2088 1301 2148 sunt
1367 2085 1531 2149 enim
1597 2085 1907 2169 regiones,
1956 2086 2017 2149 in
2087 2086 2318 2166 quibus
2385 2087 2640 2151 fuerunt

257 2211 307 2249 ιε»
346 2192 642 2256 ciuitates
693 2191 767 2255 de
817 2192 1048 2273 quibus
1098 2191 1262 2255 facta
1312 2195 1410 2255 est
1446 2192 1572 2255 ista
1613 2192 1961 2255 conclusio:
2016 2195 2086 2256 et
2136 2211 2384 2256 omnes
2435 2192 2639 2275 cepit

347 2299 416 2361 in
467 2299 689 2363 bello.

436 2405 669 2468 XVIII.
722 2404 911 2483 Quia
957 2424 1086 2485 per
1135 2404 1509 2468 dominum
1559 2404 1842 2467 factum
1893 2408 2010 2468 est
2057 2405 2470 2469 confortari
2512 2425 2637 2470 cor

347 2531 617 2589 eorum,
661 2518 741 2576 ut
783 2512 1080 2576 obuiam
1119 2512 1317 2575 irent
1356 2512 1441 2575 ad
1480 2512 1764 2576 bellum
1807 2513 1893 2576 ad
1930 2512 2248 2589 Israhel,
2290 2517 2371 2576 ut
2409 2515 2637 2576 exter-

345 2620 827 2695 minarentur,
860 2620 965 2682 ita
1005 2623 1088 2682 ut
1124 2640 1262 2683 non
1304 2619 1607 2683 daretur
1645 2619 1752 2683 eis
1793 2620 2338 2696 misericordia,
2383 2619 2514 2683 sed
2555 2623 2636 2683 ut-

251 2747 306 2785 ρο
348 2726 1043 2800 exterminarentur,
1096 2726 1300 2789 sicut
1348 2725 1537 2789 dixit
1587 2726 1930 2790 dominus
1999 2726 2084 2789 ad
2149 2726 2479 2809 Moysen.
2546 2725 2634 2788 ita

346 2834 584 2898 dictum
652 2837 750 2896 est
814 2834 931 2896 hoc
998 2853 1160 2913 „per
1236 2833 1609 2896 dominum
1686 2835 1970 2897 factum
2038 2832 2450 2897 confortari
2513 2850 2638 2895 cor

346 2949 661 3018 eorum⁴⁶,
732 2942 849 3005 hoc
912 2942 1010 3003 est
1077 2940 1369 3004 obdurari
1440 2959 1545 3004 cor
1610 2961 1850 3017 eorum,
1919 2940 2086 3004 sicut
2152 2940 2226 3003 de
2291 2940 2635 3003 Pharaone.

346 3049 515 3130 quod
581 3048 795 3112 diuino
854 3048 1110 3128 altoque
1176 3047 1413 3111 iudicio
1481 3046 1649 3110 iuste
1698 3048 1833 3110 fieri
1896 3046 2154 3111 minime
2221 3045 2639 3109 dubitandum

345 3160 462 3231 est,
513 3175 657 3219 cum
715 3155 949 3219 deserit
1007 3154 1162 3218 deus
1213 3157 1276 3217 et
1322 3153 1610 3236 possidet
1665 3153 1993 3216 inimicus:
2046 3153 2215 3234 qnod
2263 3154 2353 3218 sic
2413 3153 2638 3235 accipi-

246 3284 305 3323 25
344 3262 572 3327 endum
648 3266 744 3325 est
819 3260 1349 3342 quemadmodum
1433 3265 1496 3323 et
1568 3259 1678 3323 ibi.
1766 3259 1879 3323 sed
1955 3260 2055 3323 hic
2142 3260 2310 3322 aliud
2398 3261 2634 3336 mouet,

344 3368 658 3450 quomodo
727 3367 967 3431 dictum
1038 3368 1122 3431 sit
1180 3367 1256 3430 ad
1324 3368 1440 3430 hoc
1493 3367 1583 3430 eis
1647 3366 2062 3431 confortatum
2134 3386 2257 3445 cor,
2309 3370 2380 3429 ut
2429 3385 2636 3430 exsur-

345 3479 565 3558 gerent
593 3476 655 3538 in
696 3474 934 3538 bellum
977 3475 1283 3538 aduersus
1324 3474 1566 3537 Israhel
1606 3477 1669 3537 et
1709 3474 1785 3537 ob
1825 3473 1946 3538 hoc
1987 3474 2076 3537 eis
2107 3494 2228 3538 non
2269 3472 2638 3554 praeberent

343 3581 869 3652 misericordiam:
938 3581 1119 3663 quasi
1168 3581 1525 3664 praebenda
1582 3584 1770 3655 esset,
1824 3579 1878 3644 si
1925 3599 2046 3644 non
2104 3580 2429 3654 bellarent,
2492 3598 2634 3642 cum

524 3773 552 3824 7
592 3772 696 3825 Ios,
741 3774 822 3835 11,
867 3773 931 3824 19
1046 3773 1108 3824 17
1148 3771 1254 3824 Ios,
1298 3773 1380 3835 11,
1420 3772 1488 3824 20
1599 3772 1668 3824 22
1710 3771 1775 3823 cf.
1815 3770 1906 3822 Ex.
1951 3772 1998 3836 7,
2039 3771 2086 3824 3.
2130 3772 2226 3832 22;
2270 3771 2320 3830 8,
2365 3771 2428 3822 19

420 3898 442 3948 1
479 3895 863 3949 existimabant
891 3894 1073 3949 Ρ18ῑγ
1210 3895 1297 3947 hic
1328 3894 1486 3948 PSV
1581 3895 1614 3946 2
1643 3893 1809 3946 fuisse
1840 3910 1941 3947 om.
1985 3894 2031 3945 V
2130 3897 2161 3948 3
2192 3909 2445 3963 peruersa
2472 3892 2640 3944 PVT

340 3987 374 4037 5
416 3984 531 4052 pati
559 4001 660 4038 om.
686 3983 903 4038 PSNV
1006 3985 1039 4036 6
1077 3984 1430 4052 mortalesqui
1461 3983 1506 4037 S
1617 3985 1645 4035 7
1686 3983 1799 4053 ἣτις
1841 3983 1898 4034 οὐ
1940 3982 2210 4051 παρεδόθη
2241 3982 2302 4034 in
2331 3980 2446 4035 cod.
2477 3980 2634 4032 Alex.

340 4072 623 4141 leyendum
664 4079 740 4125 est
766 4089 875 4140 pro
904 4073 1200 4143 παρέδωκεν
1347 4090 1378 4124 a
1415 4071 1543 4124 filiis
1575 4071 1637 4124 N
1742 4072 1808 4122 12
1848 4089 1954 4123 non
1995 4071 2143 4124 nulla
2182 4071 2230 4123 T
2339 4070 2402 4122 18
2443 4067 2510 4120 ad
2539 4069 2634 4134 fin.

340 4177 483 4215 eras.
534 4161 580 4212 V
723 4163 789 4214 19
841 4160 1080 4230 daretur]
1125 4160 1494 4214 dominaretur
1530 4160 1586 4212 P
1621 4159 2028 4212 dominarentur
2081 4159 2176 4211 VT
2316 4159 2380 4210 21
2431 4158 2633 4210 factum

340 4257 426 4303 est
465 4248 535 4303 P¹
719 4250 788 4302 22
817 4250 983 4318 prius
1023 4266 1204 4302 eorum
1246 4249 1450 4302 retinui
1488 4264 1608 4301 cum
1648 4248 1750 4301 bd:
1787 4263 1888 4300 om.
1927 4247 2081 4301 codd.
2291 4247 2444 4299 sicut-
2482 4249 2542 4297 ut
2581 4246 2644 4297 „N

338 4339 412 4392 24
459 4338 593 4391 deus
633 4337 832 4392 deserit
881 4339 929 4391 T
1105 4337 1353 4390 inimicos
1395 4336 1654 4390 P¹1S¹VT
1794 4339 1862 4390 25
1919 4335 2042 4389 hinc
2093 4336 2142 4389 V
2186 4329 2194 4338 ⁴
2281 4334 2348 4388 26
2407 4334 2540 4386 ahoe
2577 4332 2644 4386 N

334 4427 635 4482 confortari
680 4426 791 4481 TV
822 4427 1158 4480 confortatur
1195 4427 1248 4478 P

450 4553 642 4593 xxvm
674 4554 791 4601 Aug.
822 4557 928 4592 sect.
964 4553 1031 4591 111
1062 4563 1163 4601 pars
1194 4553 1217 4591 3
2423 4528 2491 4579 28
