<?xml version="1.0" encoding="UTF-8"?>
<!DOCTYPE html PUBLIC "-//W3C//DTD XHTML 1.0 Transitional//EN"
    "http://www.w3.org/TR/xhtml1/DTD/xhtml1-transitional.dtd">
<html xmlns="http://www.w3.org/1999/xhtml" xml:lang="en" lang="en">
 <head>
  <title>
</title>
<meta http-equiv="Content-Type" content="text/html;charset=utf-8" />
  <meta name='ocr-system' content='tesseract 3.04.00' />
  <meta name='ocr-capabilities' content='ocr_page ocr_carea ocr_par ocr_line ocrx_word'/>
</head>
<body>
  <div class='ocr_page' id='page_1' title='image "./corpusscriptoru31wissgoog_0110.png"; bbox 0 0 3076 4976; ppageno 0'>
   <div class='ocr_carea' id='block_1_1' title="bbox 470 421 2049 491">
    <p class='ocr_par' dir='ltr' id='par_1_1' title="bbox 470 421 2049 491">
     <span class='ocr_line' id='line_1_1' title="bbox 470 421 2049 491; baseline 0.001 -19"><span class='ocrx_word' id='word_1_1' title='bbox 470 423 552 486; x_wconf 82' lang='grc'>76</span> <span class='ocrx_word' id='word_1_2' title='bbox 1173 422 1225 477; x_wconf 84' lang='lat' dir='ltr'>S.</span> <span class='ocrx_word' id='word_1_3' title='bbox 1284 421 1557 474; x_wconf 84' lang='lat' dir='ltr'>Aureli</span> <span class='ocrx_word' id='word_1_4' title='bbox 1615 421 2049 491; x_wconf 85' lang='lat' dir='ltr'>Augustini</span> 
     </span>
    </p>
   </div>
   <div class='ocr_carea' id='block_1_2' title="bbox 448 615 2864 3792">
    <p class='ocr_par' dir='ltr' id='par_1_2' title="bbox 448 615 2864 3792">
     <span class='ocr_line' id='line_1_2' title="bbox 470 615 2755 699; baseline 0 -18"><span class='ocrx_word' id='word_1_5' title='bbox 470 617 721 681; x_wconf 89' lang='lat' dir='ltr'>omnino</span> <span class='ocrx_word' id='word_1_6' title='bbox 772 617 849 681; x_wconf 90' lang='lat' dir='ltr'>de</span> <span class='ocrx_word' id='word_1_7' title='bbox 895 615 1009 680; x_wconf 88' lang='lat' dir='ltr'>illa</span> <span class='ocrx_word' id='word_1_8' title='bbox 1056 615 1548 692; x_wconf 71' lang='lat' dir='ltr'>insimulatione,</span> <span class='ocrx_word' id='word_1_9' title='bbox 1617 618 1784 699; x_wconf 86' lang='lat' dir='ltr'>quod</span> <span class='ocrx_word' id='word_1_10' title='bbox 1841 618 2263 699; x_wconf 77' lang='lat' dir='ltr'>exploratores</span> <span class='ocrx_word' id='word_1_11' title='bbox 2322 623 2557 694; x_wconf 77' lang='lat' dir='ltr'>esseut,</span> <span class='ocrx_word' id='word_1_12' title='bbox 2607 619 2755 683; x_wconf 88' lang='lat' dir='ltr'>nihil</span> 
     </span>
     <span class='ocr_line' id='line_1_3' title="bbox 468 723 2756 806; baseline 0.002 -20"><span class='ocrx_word' id='word_1_13' title='bbox 468 723 798 787; x_wconf 84' lang='lat' dir='ltr'>diceretur.</span> <span class='ocrx_word' id='word_1_14' title='bbox 850 724 1016 806; x_wconf 89' lang='lat' dir='ltr'>quod</span> <span class='ocrx_word' id='word_1_15' title='bbox 1085 728 1298 787; x_wconf 88' lang='lat' dir='ltr'>utrum</span> <span class='ocrx_word' id='word_1_16' title='bbox 1367 725 1657 788; x_wconf 87' lang='lat' dir='ltr'>consulto</span> <span class='ocrx_word' id='word_1_17' title='bbox 1725 725 1991 788; x_wconf 89' lang='lat' dir='ltr'>tacitum</span> <span class='ocrx_word' id='word_1_18' title='bbox 2063 725 2149 787; x_wconf 90' lang='lat' dir='ltr'>sit</span> <span class='ocrx_word' id='word_1_19' title='bbox 2196 743 2269 788; x_wconf 88' lang='lat' dir='ltr'>an</span> <span class='ocrx_word' id='word_1_20' title='bbox 2321 728 2386 788; x_wconf 90' lang='lat' dir='ltr'>et</span> <span class='ocrx_word' id='word_1_21' title='bbox 2429 725 2495 788; x_wconf 92' lang='lat' dir='ltr'>id</span> <span class='ocrx_word' id='word_1_22' title='bbox 2543 726 2756 790; x_wconf 88' lang='lat' dir='ltr'>fecerit</span> 
     </span>
     <span class='ocr_line' id='line_1_4' title="bbox 464 830 2758 914; baseline 0.002 -21"><span class='ocrx_word' id='word_1_23' title='bbox 464 830 955 912; x_wconf 76' lang='lat' dir='ltr'>perturbationis</span> <span class='ocrx_word' id='word_1_24' title='bbox 1006 831 1242 895; x_wconf 91' lang='lat' dir='ltr'>obliuio</span> <span class='ocrx_word' id='word_1_25' title='bbox 1293 851 1410 895; x_wconf 90' lang='lat' dir='ltr'>non</span> <span class='ocrx_word' id='word_1_26' title='bbox 1461 831 1738 912; x_wconf 78' lang='lat' dir='ltr'>adparet.</span> <span class='ocrx_word' id='word_1_27' title='bbox 1778 850 1922 894; x_wconf 90' lang='lat' dir='ltr'>nam</span> <span class='ocrx_word' id='word_1_28' title='bbox 1961 837 2024 894; x_wconf 89' lang='lat' dir='ltr'>et</span> <span class='ocrx_word' id='word_1_29' title='bbox 2062 832 2222 895; x_wconf 90' lang='lat' dir='ltr'>illud</span> <span class='ocrx_word' id='word_1_30' title='bbox 2263 833 2433 914; x_wconf 89' lang='lat' dir='ltr'>quod</span> <span class='ocrx_word' id='word_1_31' title='bbox 2472 832 2758 897; x_wconf 81' lang='lat' dir='ltr'>dixerunt</span> 
     </span>
     <span class='ocr_line' id='line_1_5' title="bbox 466 937 2755 1022; baseline 0.002 -22"><span class='ocrx_word' id='word_1_32' title='bbox 466 956 533 1000; x_wconf 90' lang='lat' dir='ltr'>se</span> <span class='ocrx_word' id='word_1_33' title='bbox 582 939 657 1000; x_wconf 88' lang='lat' dir='ltr'>ab</span> <span class='ocrx_word' id='word_1_34' title='bbox 723 937 861 1019; x_wconf 91' lang='lat' dir='ltr'>ipso</span> <span class='ocrx_word' id='word_1_35' title='bbox 929 937 1160 1019; x_wconf 89' lang='lat' dir='ltr'>Ioseph</span> <span class='ocrx_word' id='word_1_36' title='bbox 1225 938 1644 1022; x_wconf 86' lang='lat' dir='ltr'>interrogatos</span> <span class='ocrx_word' id='word_1_37' title='bbox 1712 938 1787 1001; x_wconf 89' lang='lat' dir='ltr'>de</span> <span class='ocrx_word' id='word_1_38' title='bbox 1853 943 2029 1019; x_wconf 89' lang='lat' dir='ltr'>patre</span> <span class='ocrx_word' id='word_1_39' title='bbox 2097 942 2161 1003; x_wconf 91' lang='lat' dir='ltr'>et</span> <span class='ocrx_word' id='word_1_40' title='bbox 2227 939 2416 1002; x_wconf 85' lang='lat' dir='ltr'>fratre</span> <span class='ocrx_word' id='word_1_41' title='bbox 2483 958 2622 1013; x_wconf 79' lang='lat' dir='ltr'>suo,</span> <span class='ocrx_word' id='word_1_42' title='bbox 2690 959 2755 1004; x_wconf 90' lang='lat' dir='ltr'>se</span> 
     </span>
     <span class='ocr_line' id='line_1_6' title="bbox 464 1044 2864 1129; baseline 0.002 -23"><span class='ocrx_word' id='word_1_43' title='bbox 464 1049 676 1107; x_wconf 86' lang='lat' dir='ltr'>autem</span> <span class='ocrx_word' id='word_1_44' title='bbox 726 1044 837 1108; x_wconf 90' lang='lat' dir='ltr'>illa</span> <span class='ocrx_word' id='word_1_45' title='bbox 884 1044 1293 1129; x_wconf 80' lang='lat' dir='ltr'>interroganti</span> <span class='ocrx_word' id='word_1_46' title='bbox 1340 1044 1675 1120; x_wconf 77' lang='lat' dir='ltr'>indicasse,</span> <span class='ocrx_word' id='word_1_47' title='bbox 1725 1044 1954 1108; x_wconf 85' lang='lat' dir='ltr'>mirum</span> <span class='ocrx_word' id='word_1_48' title='bbox 2003 1045 2057 1108; x_wconf 93' lang='lat' dir='ltr'>si</span> <span class='ocrx_word' id='word_1_49' title='bbox 2104 1045 2209 1109; x_wconf 92' lang='lat' dir='ltr'>uel</span> <span class='ocrx_word' id='word_1_50' title='bbox 2259 1045 2336 1109; x_wconf 91' lang='lat' dir='ltr'>ad</span> <span class='ocrx_word' id='word_1_51' title='bbox 2379 1046 2757 1110; x_wconf 81' lang='lat' dir='ltr'>sententiam</span> <span class='ocrx_word' id='word_1_52' title='bbox 2830 1061 2864 1100; x_wconf 78' lang='lat'>5</span> 
     </span>
     <span class='ocr_line' id='line_1_7' title="bbox 464 1151 2756 1233; baseline 0.001 -20"><span class='ocrx_word' id='word_1_53' title='bbox 464 1154 676 1231; x_wconf 91' lang='lat' dir='ltr'>potest</span> <span class='ocrx_word' id='word_1_54' title='bbox 722 1151 846 1215; x_wconf 89' lang='lat' dir='ltr'>ista</span> <span class='ocrx_word' id='word_1_55' title='bbox 893 1152 1217 1233; x_wconf 88' lang='lat' dir='ltr'>peruenire</span> <span class='ocrx_word' id='word_1_56' title='bbox 1266 1151 1559 1227; x_wconf 82' lang='lat' dir='ltr'>narratio,</span> <span class='ocrx_word' id='word_1_57' title='bbox 1609 1156 1681 1214; x_wconf 90' lang='lat' dir='ltr'>ut</span> <span class='ocrx_word' id='word_1_58' title='bbox 1743 1170 1880 1215; x_wconf 85' lang='lat' dir='ltr'>eam</span> <span class='ocrx_word' id='word_1_59' title='bbox 1939 1155 2187 1216; x_wconf 85' lang='lat' dir='ltr'>constet</span> <span class='ocrx_word' id='word_1_60' title='bbox 2243 1171 2383 1216; x_wconf 88' lang='lat' dir='ltr'>esse</span> <span class='ocrx_word' id='word_1_61' title='bbox 2442 1171 2756 1216; x_wconf 88' lang='lat' dir='ltr'>ueracem.</span> 
     </span>
     <span class='ocr_line' id='line_1_8' title="bbox 465 1256 2756 1340; baseline 0.002 -23"><span class='ocrx_word' id='word_1_62' title='bbox 465 1275 847 1338; x_wconf 86' lang='lat' dir='ltr'>quamquam</span> <span class='ocrx_word' id='word_1_63' title='bbox 898 1256 1016 1320; x_wconf 88' lang='lat' dir='ltr'>etsi</span> <span class='ocrx_word' id='word_1_64' title='bbox 1066 1257 1276 1339; x_wconf 88' lang='lat' dir='ltr'>aliqua</span> <span class='ocrx_word' id='word_1_65' title='bbox 1322 1257 1483 1320; x_wconf 87' lang='lat' dir='ltr'>falsa</span> <span class='ocrx_word' id='word_1_66' title='bbox 1520 1256 1583 1318; x_wconf 90' lang='lat' dir='ltr'>in</span> <span class='ocrx_word' id='word_1_67' title='bbox 1634 1274 1706 1319; x_wconf 90' lang='lat' dir='ltr'>ea</span> <span class='ocrx_word' id='word_1_68' title='bbox 1746 1259 1914 1331; x_wconf 81' lang='lat' dir='ltr'>sunt,</span> <span class='ocrx_word' id='word_1_69' title='bbox 1954 1256 2088 1320; x_wconf 86' lang='lat' dir='ltr'>falli</span> <span class='ocrx_word' id='word_1_70' title='bbox 2129 1257 2342 1339; x_wconf 87' lang='lat' dir='ltr'>potius</span> <span class='ocrx_word' id='word_1_71' title='bbox 2381 1277 2493 1340; x_wconf 89' lang='lat' dir='ltr'>per</span> <span class='ocrx_word' id='word_1_72' title='bbox 2531 1258 2756 1322; x_wconf 88' lang='lat' dir='ltr'>obliui-</span> 
     </span>
     <span class='ocr_line' id='line_1_9' title="bbox 465 1363 2759 1446; baseline 0.001 -19"><span class='ocrx_word' id='word_1_73' title='bbox 465 1382 641 1427; x_wconf 83' lang='lat' dir='ltr'>onem</span> <span class='ocrx_word' id='word_1_74' title='bbox 692 1363 904 1444; x_wconf 87' lang='lat' dir='ltr'>potuit</span> <span class='ocrx_word' id='word_1_75' title='bbox 951 1383 1138 1444; x_wconf 88' lang='lat' dir='ltr'>quam</span> <span class='ocrx_word' id='word_1_76' title='bbox 1198 1363 1425 1426; x_wconf 88' lang='lat' dir='ltr'>audere</span> <span class='ocrx_word' id='word_1_77' title='bbox 1473 1363 1723 1426; x_wconf 89' lang='lat' dir='ltr'>mentiri</span> <span class='ocrx_word' id='word_1_78' title='bbox 1774 1363 1940 1445; x_wconf 88' lang='lat' dir='ltr'>apud</span> <span class='ocrx_word' id='word_1_79' title='bbox 1999 1382 2144 1426; x_wconf 89' lang='lat' dir='ltr'>eum</span> <span class='ocrx_word' id='word_1_80' title='bbox 2199 1365 2594 1446; x_wconf 78' lang='lat' dir='ltr'>praesertim,</span> <span class='ocrx_word' id='word_1_81' title='bbox 2655 1365 2759 1429; x_wconf 90' lang='lat' dir='ltr'>cui</span> 
     </span>
     <span class='ocr_line' id='line_1_10' title="bbox 462 1469 2760 1550; baseline 0.001 -18"><span class='ocrx_word' id='word_1_82' title='bbox 462 1489 578 1534; x_wconf 90' lang='lat' dir='ltr'>non</span> <span class='ocrx_word' id='word_1_83' title='bbox 630 1470 798 1534; x_wconf 89' lang='lat' dir='ltr'>sicut</span> <span class='ocrx_word' id='word_1_84' title='bbox 843 1469 1169 1548; x_wconf 82' lang='lat' dir='ltr'>nescienti,</span> <span class='ocrx_word' id='word_1_85' title='bbox 1218 1469 1329 1533; x_wconf 85' lang='lat' dir='ltr'>sed</span> <span class='ocrx_word' id='word_1_86' title='bbox 1398 1469 1585 1533; x_wconf 88' lang='lat' dir='ltr'>etiam</span> <span class='ocrx_word' id='word_1_87' title='bbox 1652 1469 1762 1532; x_wconf 89' lang='lat' dir='ltr'>illa</span> <span class='ocrx_word' id='word_1_88' title='bbox 1828 1488 1986 1550; x_wconf 88' lang='lat' dir='ltr'>quae</span> <span class='ocrx_word' id='word_1_89' title='bbox 2053 1473 2319 1534; x_wconf 84' lang='lat' dir='ltr'>nouerat</span> <span class='ocrx_word' id='word_1_90' title='bbox 2383 1490 2527 1534; x_wconf 90' lang='lat' dir='ltr'>eum</span> <span class='ocrx_word' id='word_1_91' title='bbox 2597 1471 2760 1535; x_wconf 89' lang='lat' dir='ltr'>scire</span> 
     </span>
     <span class='ocr_line' id='line_1_11' title="bbox 462 1575 2857 1640; baseline -0.002 -1"><span class='ocrx_word' id='word_1_92' title='bbox 462 1576 539 1639; x_wconf 86' lang='lat' dir='ltr'>ad</span> <span class='ocrx_word' id='word_1_93' title='bbox 586 1575 959 1639; x_wconf 89' lang='lat' dir='ltr'>flectendam</span> <span class='ocrx_word' id='word_1_94' title='bbox 1010 1575 1146 1640; x_wconf 90' lang='lat' dir='ltr'>eius</span> <span class='ocrx_word' id='word_1_95' title='bbox 1195 1575 1695 1639; x_wconf 85' lang='lat' dir='ltr'>misericordiam</span> <span class='ocrx_word' id='word_1_96' title='bbox 1741 1575 2080 1639; x_wconf 86' lang='lat' dir='ltr'>narrationi</span> <span class='ocrx_word' id='word_1_97' title='bbox 2126 1575 2461 1640; x_wconf 82' lang='lat' dir='ltr'>inserebat.</span> <span class='ocrx_word' id='word_1_98' title='bbox 2802 1598 2857 1636; x_wconf 80' lang='grc' dir='ltr'>ιο</span> 
     </span>
     <span class='ocr_line' id='line_1_12' title="bbox 552 1681 2758 1763; baseline 0 -16"><span class='ocrx_word' id='word_1_99' title='bbox 552 1682 887 1747; x_wconf 84' lang='lat' dir='ltr'>CXLVIII.</span> <span class='ocrx_word' id='word_1_100' title='bbox 940 1682 1106 1762; x_wconf 87' lang='lat' dir='ltr'>Quid</span> <span class='ocrx_word' id='word_1_101' title='bbox 1156 1686 1253 1746; x_wconf 89' lang='lat' dir='ltr'>est</span> <span class='ocrx_word' id='word_1_102' title='bbox 1301 1682 1467 1763; x_wconf 92' lang='lat' dir='ltr'>quod</span> <span class='ocrx_word' id='word_1_103' title='bbox 1536 1681 1692 1745; x_wconf 87' lang='lat' dir='ltr'>dicit</span> <span class='ocrx_word' id='word_1_104' title='bbox 1737 1682 2001 1763; x_wconf 88' lang='lat' dir='ltr'>Ioseph:</span> <span class='ocrx_word' id='word_1_105' title='bbox 2069 1682 2299 1746; x_wconf 87' lang='lat' dir='ltr'>misit</span> <span class='ocrx_word' id='word_1_106' title='bbox 2364 1684 2574 1747; x_wconf 91' lang='lat' dir='ltr'>enim</span> <span class='ocrx_word' id='word_1_107' title='bbox 2642 1703 2758 1747; x_wconf 91' lang='lat' dir='ltr'>me</span> 
     </span>
     <span class='ocr_line' id='line_1_13' title="bbox 461 1789 2758 1872; baseline 0.001 -21"><span class='ocrx_word' id='word_1_108' title='bbox 461 1789 657 1852; x_wconf 84' lang='lat' dir='ltr'>(leus</span> <span class='ocrx_word' id='word_1_109' title='bbox 707 1793 892 1853; x_wconf 88' lang='lat' dir='ltr'>ante</span> <span class='ocrx_word' id='word_1_110' title='bbox 950 1809 1093 1853; x_wconf 89' lang='lat' dir='ltr'>uos</span> <span class='ocrx_word' id='word_1_111' title='bbox 1154 1808 1561 1852; x_wconf 89' lang='lat' dir='ltr'>remanere</span> <span class='ocrx_word' id='word_1_112' title='bbox 1621 1792 1987 1853; x_wconf 87' lang='lat' dir='ltr'>uestrum</span> <span class='ocrx_word' id='word_1_113' title='bbox 2046 1790 2450 1872; x_wconf 87' lang='lat' dir='ltr'>reliquias</span> <span class='ocrx_word' id='word_1_114' title='bbox 2510 1811 2758 1872; x_wconf 89' lang='lat' dir='ltr'>super</span> 
     </span>
     <span class='ocr_line' id='line_1_14' title="bbox 458 1895 2756 1981; baseline 0.002 -24"><span class='ocrx_word' id='word_1_115' title='bbox 458 1901 752 1959; x_wconf 86' lang='lat' dir='ltr'>terram</span> <span class='ocrx_word' id='word_1_116' title='bbox 795 1900 871 1960; x_wconf 89' lang='lat' dir='ltr'>et</span> <span class='ocrx_word' id='word_1_117' title='bbox 910 1896 1275 1960; x_wconf 90' lang='lat' dir='ltr'>enutrire</span> <span class='ocrx_word' id='word_1_118' title='bbox 1316 1899 1681 1959; x_wconf 86' lang='lat' dir='ltr'>uestrum</span> <span class='ocrx_word' id='word_1_119' title='bbox 1721 1895 2295 1977; x_wconf 88' lang='lat' dir='ltr'>reliquiarium</span> <span class='ocrx_word' id='word_1_120' title='bbox 2336 1899 2756 1981; x_wconf 83' lang='lat' dir='ltr'>magnum?</span> 
     </span>
     <span class='ocr_line' id='line_1_15' title="bbox 459 2002 2754 2086; baseline 0.001 -21"><span class='ocrx_word' id='word_1_121' title='bbox 459 2002 576 2065; x_wconf 88' lang='lat' dir='ltr'>hoc</span> <span class='ocrx_word' id='word_1_122' title='bbox 627 2004 792 2066; x_wconf 88' lang='lat' dir='ltr'>enim</span> <span class='ocrx_word' id='word_1_123' title='bbox 842 2023 960 2068; x_wconf 90' lang='lat' dir='ltr'>non</span> <span class='ocrx_word' id='word_1_124' title='bbox 1008 2021 1465 2084; x_wconf 87' lang='lat' dir='ltr'>usquequaque</span> <span class='ocrx_word' id='word_1_125' title='bbox 1514 2004 1836 2077; x_wconf 79' lang='lat' dir='ltr'>consonat,</span> <span class='ocrx_word' id='word_1_126' title='bbox 1887 2005 1960 2065; x_wconf 91' lang='lat' dir='ltr'>ut</span> <span class='ocrx_word' id='word_1_127' title='bbox 2005 2002 2305 2084; x_wconf 87' lang='lat' dir='ltr'>reliquias</span> <span class='ocrx_word' id='word_1_128' title='bbox 2355 2004 2461 2067; x_wconf 91' lang='lat' dir='ltr'>uel</span> <span class='ocrx_word' id='word_1_129' title='bbox 2498 2004 2754 2086; x_wconf 87' lang='lat' dir='ltr'>reliqui·</span> 
     </span>
     <span class='ocr_line' id='line_1_16' title="bbox 458 2108 2854 2191; baseline -0.001 -19"><span class='ocrx_word' id='word_1_130' title='bbox 458 2109 657 2172; x_wconf 89' lang='lat' dir='ltr'>arium</span> <span class='ocrx_word' id='word_1_131' title='bbox 710 2110 1096 2191; x_wconf 83' lang='lat' dir='ltr'>accipiamus</span> <span class='ocrx_word' id='word_1_132' title='bbox 1144 2108 1330 2173; x_wconf 86' lang='lat' dir='ltr'>Iacob</span> <span class='ocrx_word' id='word_1_133' title='bbox 1381 2110 1444 2172; x_wconf 90' lang='lat' dir='ltr'>et</span> <span class='ocrx_word' id='word_1_134' title='bbox 1488 2108 1656 2172; x_wconf 87' lang='lat' dir='ltr'>filios</span> <span class='ocrx_word' id='word_1_135' title='bbox 1706 2108 1865 2185; x_wconf 77' lang='lat' dir='ltr'>eiua,</span> <span class='ocrx_word' id='word_1_136' title='bbox 1915 2128 2057 2172; x_wconf 89' lang='lat' dir='ltr'>cum</span> <span class='ocrx_word' id='word_1_137' title='bbox 2119 2129 2335 2173; x_wconf 89' lang='lat' dir='ltr'>omnes</span> <span class='ocrx_word' id='word_1_138' title='bbox 2395 2110 2527 2173; x_wconf 92' lang='lat' dir='ltr'>sint</span> <span class='ocrx_word' id='word_1_139' title='bbox 2583 2110 2753 2174; x_wconf 83' lang='lat' dir='ltr'>inco·</span> <span class='ocrx_word' id='word_1_140' title='bbox 2801 2132 2854 2170; x_wconf 69' lang='grc' dir='ltr'>ιε»</span> 
     </span>
     <span class='ocr_line' id='line_1_17' title="bbox 456 2214 2755 2299; baseline 0.001 -21"><span class='ocrx_word' id='word_1_141' title='bbox 456 2215 684 2279; x_wconf 87' lang='lat' dir='ltr'>lumes.</span> <span class='ocrx_word' id='word_1_142' title='bbox 734 2236 807 2279; x_wconf 89' lang='lat' dir='ltr'>an</span> <span class='ocrx_word' id='word_1_143' title='bbox 856 2217 1019 2279; x_wconf 88' lang='lat' dir='ltr'>forte</span> <span class='ocrx_word' id='word_1_144' title='bbox 1067 2215 1225 2279; x_wconf 90' lang='lat' dir='ltr'>illud</span> <span class='ocrx_word' id='word_1_145' title='bbox 1276 2214 1590 2297; x_wconf 86' lang='lat' dir='ltr'>significat</span> <span class='ocrx_word' id='word_1_146' title='bbox 1637 2216 1764 2279; x_wconf 86' lang='lat' dir='ltr'>alto</span> <span class='ocrx_word' id='word_1_147' title='bbox 1815 2218 2181 2298; x_wconf 87' lang='lat' dir='ltr'>secretoque</span> <span class='ocrx_word' id='word_1_148' title='bbox 2229 2217 2534 2298; x_wconf 74' lang='lat' dir='ltr'>mysterio</span> <span class='ocrx_word' id='word_1_149' title='bbox 2583 2217 2755 2299; x_wconf 90' lang='lat' dir='ltr'>quod</span> 
     </span>
     <span class='ocr_line' id='line_1_18' title="bbox 458 2322 2748 2406; baseline 0.001 -21"><span class='ocrx_word' id='word_1_150' title='bbox 458 2322 548 2385; x_wconf 87' lang='lat' dir='ltr'>ait</span> <span class='ocrx_word' id='word_1_151' title='bbox 577 2323 938 2404; x_wconf 88' lang='lat' dir='ltr'>apostolus:</span> <span class='ocrx_word' id='word_1_152' title='bbox 973 2322 1376 2403; x_wconf 90' lang='lat' dir='ltr'>reliquiae</span> <span class='ocrx_word' id='word_1_153' title='bbox 1416 2340 1553 2404; x_wconf 90' lang='lat' dir='ltr'>per</span> <span class='ocrx_word' id='word_1_154' title='bbox 1586 2322 2075 2386; x_wconf 87' lang='lat' dir='ltr'>electionem</span> <span class='ocrx_word' id='word_1_155' title='bbox 2110 2324 2428 2406; x_wconf 84' lang='lat' dir='ltr'>gratiae</span> <span class='ocrx_word' id='word_1_156' title='bbox 2461 2325 2748 2387; x_wconf 87' lang='lat' dir='ltr'>saluae</span> 
     </span>
     <span class='ocr_line' id='line_1_19' title="bbox 460 2428 2750 2511; baseline 0.002 -20"><span class='ocrx_word' id='word_1_157' title='bbox 460 2430 726 2493; x_wconf 87' lang='lat' dir='ltr'>factae</span> <span class='ocrx_word' id='word_1_158' title='bbox 806 2431 1011 2505; x_wconf 80' lang='lat' dir='ltr'>sunt,</span> <span class='ocrx_word' id='word_1_159' title='bbox 1090 2428 1236 2511; x_wconf 89' lang='lat' dir='ltr'>quia</span> <span class='ocrx_word' id='word_1_160' title='bbox 1309 2428 1616 2510; x_wconf 89' lang='lat' dir='ltr'>propheta</span> <span class='ocrx_word' id='word_1_161' title='bbox 1695 2428 2112 2511; x_wconf 82' lang='lat' dir='ltr'>praedixerat:</span> <span class='ocrx_word' id='word_1_162' title='bbox 2199 2433 2275 2493; x_wconf 89' lang='lat' dir='ltr'>et</span> <span class='ocrx_word' id='word_1_163' title='bbox 2342 2431 2410 2494; x_wconf 90' lang='lat' dir='ltr'>si</span> <span class='ocrx_word' id='word_1_164' title='bbox 2486 2430 2750 2495; x_wconf 87' lang='lat' dir='ltr'>fuerit</span> 
     </span>
     <span class='ocr_line' id='line_1_20' title="bbox 459 2535 2747 2615; baseline 0.001 -17"><span class='ocrx_word' id='word_1_165' title='bbox 459 2555 839 2599; x_wconf 88' lang='lat' dir='ltr'>numerus</span> <span class='ocrx_word' id='word_1_166' title='bbox 888 2535 1260 2599; x_wconf 83' lang='lat' dir='ltr'>filiorum</span> <span class='ocrx_word' id='word_1_167' title='bbox 1308 2535 1629 2599; x_wconf 82' lang='lat' dir='ltr'>Israhel</span> <span class='ocrx_word' id='word_1_168' title='bbox 1697 2536 1917 2600; x_wconf 89' lang='lat' dir='ltr'>sicut</span> <span class='ocrx_word' id='word_1_169' title='bbox 1966 2557 2200 2600; x_wconf 87' lang='lat' dir='ltr'>arena</span> <span class='ocrx_word' id='word_1_170' title='bbox 2246 2538 2514 2615; x_wconf 78' lang='lat' dir='ltr'>maris,</span> <span class='ocrx_word' id='word_1_171' title='bbox 2565 2538 2747 2601; x_wconf 89' lang='lat' dir='ltr'>reli·</span> 
     </span>
     <span class='ocr_line' id='line_1_21' title="bbox 458 2641 2850 2724; baseline 0 -19"><span class='ocrx_word' id='word_1_172' title='bbox 458 2643 694 2724; x_wconf 89' lang='lat' dir='ltr'>quiae</span> <span class='ocrx_word' id='word_1_173' title='bbox 745 2643 1025 2705; x_wconf 85' lang='lat' dir='ltr'>saluae</span> <span class='ocrx_word' id='word_1_174' title='bbox 1073 2642 1326 2708; x_wconf 79' lang='lat' dir='ltr'>fient?</span> <span class='ocrx_word' id='word_1_175' title='bbox 1388 2641 1465 2704; x_wconf 89' lang='lat' dir='ltr'>ad</span> <span class='ocrx_word' id='word_1_176' title='bbox 1514 2643 1632 2705; x_wconf 92' lang='lat' dir='ltr'>hoc</span> <span class='ocrx_word' id='word_1_177' title='bbox 1693 2643 1857 2706; x_wconf 89' lang='lat' dir='ltr'>enim</span> <span class='ocrx_word' id='word_1_178' title='bbox 1916 2643 2165 2708; x_wconf 86' lang='lat' dir='ltr'>occisus</span> <span class='ocrx_word' id='word_1_179' title='bbox 2215 2648 2315 2707; x_wconf 88' lang='lat' dir='ltr'>est</span> <span class='ocrx_word' id='word_1_180' title='bbox 2371 2644 2662 2709; x_wconf 88' lang='lat' dir='ltr'>Christus</span> <span class='ocrx_word' id='word_1_181' title='bbox 2713 2664 2746 2707; x_wconf 91' lang='lat' dir='ltr'>a</span> <span class='ocrx_word' id='word_1_182' title='bbox 2792 2668 2850 2705; x_wconf 74' lang='lat' dir='ltr'>so</span> 
     </span>
     <span class='ocr_line' id='line_1_22' title="bbox 455 2748 2746 2833; baseline 0 -20"><span class='ocrx_word' id='word_1_183' title='bbox 455 2749 709 2813; x_wconf 85' lang='lat' dir='ltr'>Iudaeis</span> <span class='ocrx_word' id='word_1_184' title='bbox 780 2752 844 2812; x_wconf 90' lang='lat' dir='ltr'>et</span> <span class='ocrx_word' id='word_1_185' title='bbox 916 2748 1186 2812; x_wconf 89' lang='lat' dir='ltr'>traditus</span> <span class='ocrx_word' id='word_1_186' title='bbox 1264 2749 1561 2831; x_wconf 85' lang='lat' dir='ltr'>gentibus</span> <span class='ocrx_word' id='word_1_187' title='bbox 1627 2753 1950 2831; x_wconf 85' lang='lat' dir='ltr'>tamquam</span> <span class='ocrx_word' id='word_1_188' title='bbox 2017 2750 2243 2832; x_wconf 86' lang='lat' dir='ltr'>Ioseph</span> <span class='ocrx_word' id='word_1_189' title='bbox 2310 2751 2645 2833; x_wconf 79' lang='lat' dir='ltr'>Aegyptiis</span> <span class='ocrx_word' id='word_1_190' title='bbox 2713 2771 2746 2813; x_wconf 88' lang='lat' dir='ltr'>a</span> 
     </span>
     <span class='ocr_line' id='line_1_23' title="bbox 454 2855 2748 2937; baseline 0 -17"><span class='ocrx_word' id='word_1_191' title='bbox 454 2857 775 2931; x_wconf 71' lang='lat' dir='ltr'>fratribus,</span> <span class='ocrx_word' id='word_1_192' title='bbox 833 2859 907 2918; x_wconf 88' lang='lat' dir='ltr'>ut</span> <span class='ocrx_word' id='word_1_193' title='bbox 973 2859 1036 2919; x_wconf 89' lang='lat' dir='ltr'>et</span> <span class='ocrx_word' id='word_1_194' title='bbox 1099 2855 1401 2937; x_wconf 88' lang='lat' dir='ltr'>reliquiae</span> <span class='ocrx_word' id='word_1_195' title='bbox 1467 2855 1707 2919; x_wconf 86' lang='lat' dir='ltr'>Israhel</span> <span class='ocrx_word' id='word_1_196' title='bbox 1774 2856 1992 2920; x_wconf 89' lang='lat' dir='ltr'>saluae</span> <span class='ocrx_word' id='word_1_197' title='bbox 2055 2856 2292 2920; x_wconf 89' lang='lat' dir='ltr'>fierent.</span> <span class='ocrx_word' id='word_1_198' title='bbox 2360 2856 2526 2921; x_wconf 88' lang='lat' dir='ltr'>unde</span> <span class='ocrx_word' id='word_1_199' title='bbox 2592 2857 2748 2921; x_wconf 83' lang='lat' dir='ltr'>dicit</span> 
     </span>
     <span class='ocr_line' id='line_1_24' title="bbox 455 2961 2744 3045; baseline 0.001 -21"><span class='ocrx_word' id='word_1_200' title='bbox 455 2964 818 3043; x_wconf 87' lang='lat' dir='ltr'>apostolus:</span> <span class='ocrx_word' id='word_1_201' title='bbox 851 2982 1023 3025; x_wconf 91' lang='lat' dir='ltr'>nam</span> <span class='ocrx_word' id='word_1_202' title='bbox 1057 2965 1133 3025; x_wconf 91' lang='lat' dir='ltr'>et</span> <span class='ocrx_word' id='word_1_203' title='bbox 1171 2981 1313 3045; x_wconf 84' lang='lat' dir='ltr'>ego</span> <span class='ocrx_word' id='word_1_204' title='bbox 1354 2961 1807 3026; x_wconf 88' lang='lat' dir='ltr'>Israhelita</span> <span class='ocrx_word' id='word_1_205' title='bbox 1845 2981 2033 3039; x_wconf 82' lang='lat' dir='ltr'>sum,</span> <span class='ocrx_word' id='word_1_206' title='bbox 2067 2966 2163 3027; x_wconf 90' lang='lat' dir='ltr'>et:</span> <span class='ocrx_word' id='word_1_207' title='bbox 2194 2965 2281 3025; x_wconf 91' lang='lat' dir='ltr'>ut</span> <span class='ocrx_word' id='word_1_208' title='bbox 2309 2962 2744 3044; x_wconf 84' lang='lat' dir='ltr'>plenitudo</span> 
     </span>
     <span class='ocr_line' id='line_1_25' title="bbox 454 3068 2740 3153; baseline 0 -20"><span class='ocrx_word' id='word_1_209' title='bbox 454 3069 817 3153; x_wconf 83' lang='lat' dir='ltr'>gentium</span> <span class='ocrx_word' id='word_1_210' title='bbox 850 3069 1203 3132; x_wconf 88' lang='lat' dir='ltr'>intraret</span> <span class='ocrx_word' id='word_1_211' title='bbox 1233 3071 1309 3131; x_wconf 92' lang='lat' dir='ltr'>et</span> <span class='ocrx_word' id='word_1_212' title='bbox 1349 3068 1464 3131; x_wconf 88' lang='lat' dir='ltr'>sic</span> <span class='ocrx_word' id='word_1_213' title='bbox 1501 3069 1755 3132; x_wconf 90' lang='lat' dir='ltr'>omnis</span> <span class='ocrx_word' id='word_1_214' title='bbox 1788 3069 2111 3133; x_wconf 87' lang='lat' dir='ltr'>Israhel</span> <span class='ocrx_word' id='word_1_215' title='bbox 2145 3070 2430 3133; x_wconf 85' lang='lat' dir='ltr'>saluus</span> <span class='ocrx_word' id='word_1_216' title='bbox 2470 3070 2740 3143; x_wconf 87' lang='lat' dir='ltr'>fieret;</span> 
     </span>
     <span class='ocr_line' id='line_1_26' title="bbox 451 3174 2835 3258; baseline 0 -20"><span class='ocrx_word' id='word_1_217' title='bbox 451 3176 517 3239; x_wconf 82' lang='lat' dir='ltr'>id</span> <span class='ocrx_word' id='word_1_218' title='bbox 565 3181 700 3240; x_wconf 86' lang='lat' dir='ltr'>est:</span> <span class='ocrx_word' id='word_1_219' title='bbox 751 3195 821 3239; x_wconf 81' lang='lat' dir='ltr'>ex</span> <span class='ocrx_word' id='word_1_220' title='bbox 886 3174 1171 3257; x_wconf 90' lang='lat' dir='ltr'>reliquiis</span> <span class='ocrx_word' id='word_1_221' title='bbox 1229 3175 1464 3238; x_wconf 88' lang='lat' dir='ltr'>Israhel</span> <span class='ocrx_word' id='word_1_222' title='bbox 1526 3174 1873 3239; x_wconf 89' lang='lat' dir='ltr'>secundum</span> <span class='ocrx_word' id='word_1_223' title='bbox 1932 3194 2179 3239; x_wconf 87' lang='lat' dir='ltr'>carnem</span> <span class='ocrx_word' id='word_1_224' title='bbox 2231 3179 2296 3239; x_wconf 90' lang='lat' dir='ltr'>et</span> <span class='ocrx_word' id='word_1_225' title='bbox 2350 3175 2744 3258; x_wconf 89' lang='lat' dir='ltr'>plenitudine</span> <span class='ocrx_word' id='word_1_226' title='bbox 2783 3200 2835 3239; x_wconf 60' lang='grc' dir='ltr'>εδ</span> 
     </span>
     <span class='ocr_line' id='line_1_27' title="bbox 454 3279 2743 3365; baseline 0 -20"><span class='ocrx_word' id='word_1_227' title='bbox 454 3283 740 3365; x_wconf 84' lang='lat' dir='ltr'>gentium</span> <span class='ocrx_word' id='word_1_228' title='bbox 789 3300 946 3363; x_wconf 89' lang='lat' dir='ltr'>quae</span> <span class='ocrx_word' id='word_1_229' title='bbox 996 3281 1057 3344; x_wconf 90' lang='lat' dir='ltr'>in</span> <span class='ocrx_word' id='word_1_230' title='bbox 1104 3280 1227 3343; x_wconf 89' lang='lat' dir='ltr'>fide</span> <span class='ocrx_word' id='word_1_231' title='bbox 1278 3279 1511 3345; x_wconf 85' lang='lat' dir='ltr'>Christi</span> <span class='ocrx_word' id='word_1_232' title='bbox 1563 3281 1910 3344; x_wconf 89' lang='lat' dir='ltr'>secundum</span> <span class='ocrx_word' id='word_1_233' title='bbox 1963 3282 2254 3363; x_wconf 83' lang='lat' dir='ltr'>spiritum</span> <span class='ocrx_word' id='word_1_234' title='bbox 2297 3286 2446 3346; x_wconf 90' lang='lat' dir='ltr'>sunt</span> <span class='ocrx_word' id='word_1_235' title='bbox 2485 3282 2743 3345; x_wconf 89' lang='lat' dir='ltr'>Israhel.</span> 
     </span>
     <span class='ocr_line' id='line_1_28' title="bbox 452 3387 2743 3471; baseline 0 -19"><span class='ocrx_word' id='word_1_236' title='bbox 452 3393 560 3452; x_wconf 87' lang='lat' dir='ltr'>aut</span> <span class='ocrx_word' id='word_1_237' title='bbox 610 3390 663 3453; x_wconf 90' lang='lat' dir='ltr'>si</span> <span class='ocrx_word' id='word_1_238' title='bbox 712 3394 776 3452; x_wconf 86' lang='lat' dir='ltr'>et</span> <span class='ocrx_word' id='word_1_239' title='bbox 822 3388 996 3471; x_wconf 88' lang='lat' dir='ltr'>genti</span> <span class='ocrx_word' id='word_1_240' title='bbox 1043 3388 1138 3451; x_wconf 94' lang='lat' dir='ltr'>illi</span> <span class='ocrx_word' id='word_1_241' title='bbox 1186 3387 1616 3451; x_wconf 78' lang='lat' dir='ltr'>israheliticae</span> <span class='ocrx_word' id='word_1_242' title='bbox 1665 3392 1865 3451; x_wconf 86' lang='lat' dir='ltr'>restat</span> <span class='ocrx_word' id='word_1_243' title='bbox 1910 3388 2056 3451; x_wconf 89' lang='lat' dir='ltr'>fidei</span> <span class='ocrx_word' id='word_1_244' title='bbox 2101 3388 2452 3470; x_wconf 80' lang='lat' dir='ltr'>plenitudo,</span> <span class='ocrx_word' id='word_1_245' title='bbox 2494 3408 2565 3452; x_wconf 80' lang='lat' dir='ltr'>ex</span> <span class='ocrx_word' id='word_1_246' title='bbox 2618 3408 2743 3470; x_wconf 86' lang='lat' dir='ltr'>qua</span> 
     </span>
     <span class='ocr_line' id='line_1_29' title="bbox 451 3494 2741 3577; baseline -0 -17"><span class='ocrx_word' id='word_1_247' title='bbox 451 3501 625 3560; x_wconf 89' lang='lat' dir='ltr'>erant</span> <span class='ocrx_word' id='word_1_248' title='bbox 672 3494 996 3577; x_wconf 83' lang='lat' dir='ltr'>reliquiae,</span> <span class='ocrx_word' id='word_1_249' title='bbox 1045 3495 1108 3558; x_wconf 89' lang='lat' dir='ltr'>iu</span> <span class='ocrx_word' id='word_1_250' title='bbox 1151 3494 1382 3577; x_wconf 90' lang='lat' dir='ltr'>quibus</span> <span class='ocrx_word' id='word_1_251' title='bbox 1431 3494 1717 3576; x_wconf 77' lang='lat' dir='ltr'>reliquiis</span> <span class='ocrx_word' id='word_1_252' title='bbox 1766 3498 1916 3558; x_wconf 90' lang='lat' dir='ltr'>tunc</span> <span class='ocrx_word' id='word_1_253' title='bbox 1964 3499 2029 3558; x_wconf 93' lang='lat' dir='ltr'>et</span> <span class='ocrx_word' id='word_1_254' title='bbox 2075 3494 2345 3577; x_wconf 87' lang='lat' dir='ltr'>apostoli</span> <span class='ocrx_word' id='word_1_255' title='bbox 2385 3495 2549 3560; x_wconf 88' lang='lat' dir='ltr'>salui</span> <span class='ocrx_word' id='word_1_256' title='bbox 2588 3494 2741 3560; x_wconf 88' lang='lat' dir='ltr'>facti</span> 
     </span>
     <span class='ocr_line' id='line_1_30' title="bbox 451 3600 2742 3685; baseline 0 -19"><span class='ocrx_word' id='word_1_257' title='bbox 451 3607 620 3677; x_wconf 71' lang='lat' dir='ltr'>sunt,</span> <span class='ocrx_word' id='word_1_258' title='bbox 669 3602 790 3666; x_wconf 93' lang='lat' dir='ltr'>hoc</span> <span class='ocrx_word' id='word_1_259' title='bbox 839 3601 1239 3684; x_wconf 84' lang='lat' dir='ltr'>significatur</span> <span class='ocrx_word' id='word_1_260' title='bbox 1285 3620 1355 3664; x_wconf 91' lang='lat' dir='ltr'>ea</span> <span class='ocrx_word' id='word_1_261' title='bbox 1402 3600 1796 3682; x_wconf 89' lang='lat' dir='ltr'>plenitudine</span> <span class='ocrx_word' id='word_1_262' title='bbox 1843 3602 2235 3666; x_wconf 87' lang='lat' dir='ltr'>liberationis</span> <span class='ocrx_word' id='word_1_263' title='bbox 2296 3602 2558 3678; x_wconf 68' lang='lat' dir='ltr'>Israhel,</span> <span class='ocrx_word' id='word_1_264' title='bbox 2617 3622 2742 3685; x_wconf 87' lang='lat' dir='ltr'>qua</span> 
     </span>
     <span class='ocr_line' id='line_1_31' title="bbox 448 3696 2832 3792; baseline 0 -19"><span class='ocrx_word' id='word_1_265' title='bbox 448 3730 557 3791; x_wconf 90' lang='lat' dir='ltr'>per</span> <span class='ocrx_word' id='word_1_266' title='bbox 603 3709 865 3791; x_wconf 83' lang='lat' dir='ltr'>Moysen</span> <span class='ocrx_word' id='word_1_267' title='bbox 918 3728 988 3771; x_wconf 79' lang='lat' dir='ltr'>ex</span> <span class='ocrx_word' id='word_1_268' title='bbox 1035 3696 1324 3792; x_wconf 52' lang='lat' dir='ltr'>Aegypto</span> <span class='ocrx_word' id='word_1_269' title='bbox 1375 3708 1624 3771; x_wconf 86' lang='lat' dir='ltr'>liberati</span> <span class='ocrx_word' id='word_1_270' title='bbox 1674 3710 1842 3771; x_wconf 87' lang='lat' dir='ltr'>sunt.</span> <span class='ocrx_word' id='word_1_271' title='bbox 2777 3736 2832 3773; x_wconf 72' lang='lat'>30</span> 
     </span>
    </p>
   </div>
   <div class='ocr_carea' id='block_1_3' title="bbox 634 3884 2739 3947">
    <p class='ocr_par' dir='ltr' id='par_1_3' title="bbox 634 3884 2739 3947">
     <span class='ocr_line' id='line_1_32' title="bbox 634 3884 2739 3947; baseline 0.001 -9"><span class='ocrx_word' id='word_1_272' title='bbox 634 3887 694 3938; x_wconf 92' lang='lat'>11</span> <span class='ocrx_word' id='word_1_273' title='bbox 741 3884 876 3938; x_wconf 87' lang='lat' dir='ltr'>Gen.</span> <span class='ocrx_word' id='word_1_274' title='bbox 916 3888 1003 3943; x_wconf 76' lang='lat'>45.</span> <span class='ocrx_word' id='word_1_275' title='bbox 1045 3887 1075 3939; x_wconf 89' lang='grc'>7</span> <span class='ocrx_word' id='word_1_276' title='bbox 1163 3886 1227 3938; x_wconf 83' lang='grc'>17</span> <span class='ocrx_word' id='word_1_277' title='bbox 1266 3886 1418 3938; x_wconf 82' lang='lat' dir='ltr'>Rom.</span> <span class='ocrx_word' id='word_1_278' title='bbox 1456 3887 1535 3943; x_wconf 84' lang='grc'>11.</span> <span class='ocrx_word' id='word_1_279' title='bbox 1572 3887 1602 3936; x_wconf 76' lang='grc' dir='ltr'>ἶ)</span> <span class='ocrx_word' id='word_1_280' title='bbox 1687 3886 1753 3938; x_wconf 76' lang='grc'>18</span> <span class='ocrx_word' id='word_1_281' title='bbox 1792 3884 1884 3939; x_wconf 79' lang='lat' dir='ltr'>Es,</span> <span class='ocrx_word' id='word_1_282' title='bbox 1920 3886 2001 3943; x_wconf 86' lang='lat'>10,</span> <span class='ocrx_word' id='word_1_283' title='bbox 2031 3886 2100 3937; x_wconf 78' lang='lat'>22</span> <span class='ocrx_word' id='word_1_284' title='bbox 2183 3887 2252 3938; x_wconf 75' lang='lat'>23</span> <span class='ocrx_word' id='word_1_285' title='bbox 2290 3885 2445 3939; x_wconf 86' lang='lat' dir='ltr'>Rom.</span> <span class='ocrx_word' id='word_1_286' title='bbox 2478 3887 2561 3947; x_wconf 89' lang='lat'>11,</span> <span class='ocrx_word' id='word_1_287' title='bbox 2595 3887 2739 3941; x_wconf 80' lang='lat'>1.‘25</span> 
     </span>
    </p>
   </div>
   <div class='ocr_carea' id='block_1_4' title="bbox 447 3991 2746 4420">
    <p class='ocr_par' dir='ltr' id='par_1_4' title="bbox 447 3991 2746 4420">
     <span class='ocr_line' id='line_1_33' title="bbox 526 3991 2746 4046; baseline 0.001 -3"><span class='ocrx_word' id='word_1_288' title='bbox 526 3993 546 4043; x_wconf 93' lang='lat'>1</span> <span class='ocrx_word' id='word_1_289' title='bbox 591 3992 965 4045; x_wconf 86' lang='lat' dir='ltr'>insinuatione</span> <span class='ocrx_word' id='word_1_290' title='bbox 1006 3991 1036 4043; x_wconf 87' lang='lat' dir='ltr'>b</span> <span class='ocrx_word' id='word_1_291' title='bbox 1160 3994 1192 4043; x_wconf 72' lang='lat'><em>2</em></span> <span class='ocrx_word' id='word_1_292' title='bbox 1232 3995 1286 4044; x_wconf 86' lang='lat' dir='ltr'>et</span> <span class='ocrx_word' id='word_1_293' title='bbox 1325 4008 1427 4045; x_wconf 87' lang='lat' dir='ltr'>om.</span> <span class='ocrx_word' id='word_1_294' title='bbox 1466 3991 1745 4045; x_wconf 72' lang='lat' dir='ltr'><em>PSIWT</em></span> <span class='ocrx_word' id='word_1_295' title='bbox 1858 3992 1890 4045; x_wconf 90' lang='lat'><strong>3</strong></span> <span class='ocrx_word' id='word_1_296' title='bbox 1930 3993 1984 4045; x_wconf 90' lang='lat' dir='ltr'>et</span> <span class='ocrx_word' id='word_1_297' title='bbox 2022 4008 2122 4044; x_wconf 83' lang='lat' dir='ltr'>om.</span> <span class='ocrx_word' id='word_1_298' title='bbox 2172 3992 2223 4043; x_wconf 78' lang='lat' dir='ltr'><em>T</em></span> <span class='ocrx_word' id='word_1_299' title='bbox 2340 3993 2373 4045; x_wconf 88' lang='grc'><strong>5</strong></span> <span class='ocrx_word' id='word_1_300' title='bbox 2410 3994 2644 4045; x_wconf 85' lang='lat' dir='ltr'>sentiam</span> <span class='ocrx_word' id='word_1_301' title='bbox 2681 3994 2746 4046; x_wconf 76' lang='lat' dir='ltr'><em>N</em></span> 
     </span>
     <span class='ocr_line' id='line_1_34' title="bbox 448 4079 2740 4149; baseline 0 -15"><span class='ocrx_word' id='word_1_302' title='bbox 448 4081 479 4134; x_wconf 81' lang='lat'>8</span> <span class='ocrx_word' id='word_1_303' title='bbox 520 4079 708 4133; x_wconf 83' lang='lat' dir='ltr'>audire</span> <span class='ocrx_word' id='word_1_304' title='bbox 744 4080 809 4133; x_wconf 79' lang='lat'>0¹</span> <span class='ocrx_word' id='word_1_305' title='bbox 851 4080 1079 4133; x_wconf 84' lang='lat' dir='ltr'>auderet</span> <span class='ocrx_word' id='word_1_306' title='bbox 1105 4080 1377 4135; x_wconf 79' lang='lat' dir='ltr'><strong><em>P¹SVTb</em></strong></span> <span class='ocrx_word' id='word_1_307' title='bbox 1471 4083 1503 4133; x_wconf 82' lang='lat'>9</span> <span class='ocrx_word' id='word_1_308' title='bbox 1542 4082 1833 4149; x_wconf 82' lang='lat' dir='ltr'>nescienti]</span> <span class='ocrx_word' id='word_1_309' title='bbox 1863 4081 2154 4134; x_wconf 85' lang='lat' dir='ltr'>mentienti</span> <span class='ocrx_word' id='word_1_310' title='bbox 2181 4080 2248 4134; x_wconf 88' lang='lat' dir='ltr'><strong><em>N</em></strong></span> <span class='ocrx_word' id='word_1_311' title='bbox 2335 4082 2400 4135; x_wconf 89' lang='lat'>10</span> <span class='ocrx_word' id='word_1_312' title='bbox 2437 4083 2740 4135; x_wconf 83' lang='lat' dir='ltr'>narrationi</span> 
     </span>
     <span class='ocr_line' id='line_1_35' title="bbox 448 4168 2740 4240; baseline 0.002 -19"><span class='ocrx_word' id='word_1_313' title='bbox 448 4186 577 4222; x_wconf 84' lang='lat' dir='ltr'>suae</span> <span class='ocrx_word' id='word_1_314' title='bbox 618 4169 693 4222; x_wconf 79' lang='lat' dir='ltr'>bd</span> <span class='ocrx_word' id='word_1_315' title='bbox 801 4170 867 4224; x_wconf 81' lang='lat'>12</span> <span class='ocrx_word' id='word_1_316' title='bbox 911 4168 1052 4238; x_wconf 75' lang='grc' dir='ltr'>ὑμῶν</span> <span class='ocrx_word' id='word_1_317' title='bbox 1079 4168 1403 4240; x_wconf 73' lang='grc' dir='ltr'>κατάλειμμα</span> <span class='ocrx_word' id='word_1_318' title='bbox 1431 4170 1548 4223; x_wconf 82' lang='lat' dir='ltr'>cod.</span> <span class='ocrx_word' id='word_1_319' title='bbox 1577 4171 1722 4224; x_wconf 66' lang='lat' dir='ltr'>Alae</span> <span class='ocrx_word' id='word_1_320' title='bbox 1750 4176 1799 4224; x_wconf 78' lang='lat' dir='ltr'>et</span> <span class='ocrx_word' id='word_1_321' title='bbox 1825 4169 1949 4238; x_wconf 66' lang='lat' dir='ltr'>Lag]</span> <span class='ocrx_word' id='word_1_322' title='bbox 2060 4172 2124 4223; x_wconf 89' lang='grc'>13</span> <span class='ocrx_word' id='word_1_323' title='bbox 2165 4170 2536 4239; x_wconf 80' lang='lat' dir='ltr'>reliquiarium</span> <span class='ocrx_word' id='word_1_324' title='bbox 2570 4172 2612 4239; x_wconf 86' lang='lat' dir='ltr'>(i</span> <span class='ocrx_word' id='word_1_325' title='bbox 2640 4172 2740 4238; x_wconf 72' lang='lat' dir='ltr'>fin.</span> 
     </span>
     <span class='ocr_line' id='line_1_36' title="bbox 447 4256 2738 4328; baseline 0.001 -17"><span class='ocrx_word' id='word_1_326' title='bbox 447 4275 489 4311; x_wconf 82' lang='lat'>8.</span> <span class='ocrx_word' id='word_1_327' title='bbox 515 4258 548 4312; x_wconf 81' lang='lat'>1.</span> <span class='ocrx_word' id='word_1_328' title='bbox 572 4275 637 4310; x_wconf 83' lang='lat' dir='ltr'>m.</span> <span class='ocrx_word' id='word_1_329' title='bbox 666 4263 715 4324; x_wconf 83' lang='lat'>1)</span> <span class='ocrx_word' id='word_1_330' title='bbox 735 4256 843 4311; x_wconf 83' lang='lat' dir='ltr'>SN</span> <span class='ocrx_word' id='word_1_331' title='bbox 858 4257 1206 4326; x_wconf 81' lang='lat' dir='ltr'>reliquiarum</span> <span class='ocrx_word' id='word_1_332' title='bbox 1228 4258 1309 4311; x_wconf 83' lang='lat' dir='ltr'>Vb</span> <span class='ocrx_word' id='word_1_333' title='bbox 1390 4260 1453 4310; x_wconf 77' lang='lat'>14</span> <span class='ocrx_word' id='word_1_334' title='bbox 1475 4258 1846 4327; x_wconf 84' lang='lat' dir='ltr'>reliquiarium</span> <span class='ocrx_word' id='word_1_335' title='bbox 1869 4260 1907 4322; x_wconf 78' lang='lat' dir='ltr'>(i</span> <span class='ocrx_word' id='word_1_336' title='bbox 1927 4261 2022 4325; x_wconf 74' lang='lat' dir='ltr'>tin.</span> <span class='ocrx_word' id='word_1_337' title='bbox 2045 4275 2086 4312; x_wconf 84' lang='lat'>8.</span> <span class='ocrx_word' id='word_1_338' title='bbox 2111 4260 2143 4311; x_wconf 83' lang='lat' dir='ltr'>l.</span> <span class='ocrx_word' id='word_1_339' title='bbox 2166 4276 2234 4313; x_wconf 84' lang='lat' dir='ltr'>m.</span> <span class='ocrx_word' id='word_1_340' title='bbox 2255 4260 2303 4325; x_wconf 83' lang='lat'>1)</span> <span class='ocrx_word' id='word_1_341' title='bbox 2321 4258 2738 4328; x_wconf 80' lang='lat' dir='ltr'>Sreliquiarum</span> 
     </span>
     <span class='ocr_line' id='line_1_37' title="bbox 448 4346 2741 4420; baseline 0.002 -21"><span class='ocrx_word' id='word_1_342' title='bbox 448 4346 649 4399; x_wconf 75' lang='lat' dir='ltr'><em>PNVb</em></span> <span class='ocrx_word' id='word_1_343' title='bbox 730 4347 794 4398; x_wconf 89' lang='grc'>19</span> <span class='ocrx_word' id='word_1_344' title='bbox 822 4348 1091 4398; x_wconf 82' lang='lat' dir='ltr'>numerur&#39;</span> <span class='ocrx_word' id='word_1_345' title='bbox 1122 4346 1167 4399; x_wconf 82' lang='lat' dir='ltr'><em>G</em></span> <span class='ocrx_word' id='word_1_346' title='bbox 1235 4348 1304 4400; x_wconf 72' lang='lat'>25</span> <span class='ocrx_word' id='word_1_347' title='bbox 1335 4347 1733 4416; x_wconf 73' lang='lat' dir='ltr'>plenitudinem</span> <span class='ocrx_word' id='word_1_348' title='bbox 1757 4347 1832 4400; x_wconf 79' lang='lat' dir='ltr'>sb</span> <span class='ocrx_word' id='word_1_349' title='bbox 1863 4347 2145 4416; x_wconf 82' lang='lat' dir='ltr'>plenitudo</span> <span class='ocrx_word' id='word_1_350' title='bbox 2177 4348 2226 4400; x_wconf 90' lang='lat' dir='ltr'><em>T</em></span> <span class='ocrx_word' id='word_1_351' title='bbox 2294 4348 2361 4401; x_wconf 81' lang='lat'>27</span> <span class='ocrx_word' id='word_1_352' title='bbox 2391 4348 2678 4420; x_wconf 69' lang='lat' dir='ltr'>israhelite</span> <span class='ocrx_word' id='word_1_353' title='bbox 2707 4350 2741 4403; x_wconf 80' lang='lat' dir='ltr'><strong><em>b</em></strong></span> 
     </span>
    </p>
   </div>
   <div class='ocr_carea' id='block_1_5' title="bbox 3040 2520 3048 4638">
    <p class='ocr_par' dir='ltr' id='par_1_5' title="bbox 3040 2520 3048 4638">
     <span class='ocr_line' id='line_1_38' title="bbox 3040 2520 3048 4638; baseline 0 0"><span class='ocrx_word' id='word_1_354' title='bbox 3040 2520 3048 4638; x_wconf 95' lang='lat' dir='ltr'> </span> 
     </span>
    </p>
   </div>
  </div>
 </body>
</html>
