3076 4976
223 1648 276 1688 10

215 3242 277 3281 25

926 471 1453 525 Adnotationum
1493 471 1558 524 in
1597 471 1712 524 Iob
1752 471 1934 524 liber
1971 469 2012 524 Ι.
2483 473 2613 535 559

315 672 555 732 rentur.
606 666 689 731 de
739 666 1179 731 stillicidiis
1226 666 1594 730 montium
1641 665 2113 730 madescent:
2163 665 2607 748 confugientes

318 774 471 838 nudi
520 774 598 837 ad
645 774 1004 856 speluncae,
1052 773 1164 837 ubi
1212 793 1359 837 saxa
1407 773 1741 837 distillant.
1791 775 2206 854 rapuerunt
2252 774 2336 836 ab
2388 773 2614 837 ubere

317 881 730 963 pupillum:
781 880 1008 963 pupilli
1057 883 1122 944 et
1166 880 1398 944 uiduae
1445 879 1821 961 plerumque
1870 898 1943 942 ex
1988 897 2259 961 persona
2306 879 2612 943 ecclesiae

319 987 670 1071 accipiendi
713 990 814 1051 est
857 987 1134 1070 populus
1178 987 1296 1050 sub
1337 990 1677 1050 tormento,
1721 991 1795 1050 et
1832 1005 1993 1049 eum
2033 986 2157 1067 qui
2198 985 2613 1062 ceciderat,

317 1092 949 1157 humiliauerunt:
1000 1092 1323 1156 desertum
1375 1092 1479 1155 uel
1527 1092 1757 1156 auxilio
1809 1091 1905 1157 dei
1947 1092 2051 1155 uel
2091 1092 2396 1166 alicuius:
2439 1091 2609 1174 quod

319 1204 419 1264 est
483 1218 747 1283 magnae
826 1199 1154 1274 saeuitiae,
1227 1219 1347 1263 non
1421 1199 1661 1263 talibus
1735 1217 2007 1280 parcere.
2085 1200 2154 1261 in
2232 1198 2615 1281 angustiis

318 1306 674 1371 insidiati
734 1307 910 1369 sunt
973 1305 1263 1387 inique:
1332 1306 1392 1369 in
1452 1306 1963 1369 necessitatibus.
2022 1305 2107 1369 de
2165 1306 2484 1369 ciuitate
2544 1309 2617 1370 et

319 1412 404 1475 de
472 1412 820 1477 domibus
878 1412 1388 1476 eiciebantur:
1452 1413 1526 1476 ab
1589 1413 1681 1477 eis
1740 1413 2133 1476 eiciebantur
2188 1412 2316 1475 alii.
2375 1412 2617 1476 anima

317 1537 496 1583 uero
562 1521 1058 1602 paruulorum
1127 1519 1198 1583 in
1265 1520 1554 1600 gemitu
1621 1518 1875 1582 ualde:
1943 1518 2084 1583 fuit.
2143 1518 2302 1600 ipse
2361 1521 2613 1582 autem

319 1625 502 1690 deus
582 1646 833 1691 eorum
911 1645 1160 1690 curam
1228 1645 1366 1690 non
1433 1627 1735 1690 habuit:
1803 1625 2140 1707 inpiorum,
2209 1625 2358 1706 quia
2423 1625 2611 1688 modo

318 1751 529 1796 curam
582 1752 799 1797 eorum
848 1752 967 1797 non
1018 1733 1303 1797 habendo
1354 1733 1507 1797 fecit
1554 1752 1663 1797 eos
1713 1733 2041 1814 desperare
2092 1731 2167 1796 de
2216 1732 2447 1796 iudicio
2491 1732 2612 1803 dei,

320 1839 470 1921 quia
523 1839 756 1921 inpune
813 1840 981 1902 mala
1034 1840 1369 1903 faciebant.
1431 1842 1503 1903 et
1559 1839 1725 1903 ideo
1785 1839 1855 1903 in
1913 1839 2266 1902 tenebras
2334 1838 2605 1902 traditi

321 1949 531 2009 sunt:
609 1946 998 2029 ignorant-iae
1076 1946 1296 2011 iudicii
1372 1946 1491 2010 dei.
1572 1949 1646 2010 et
1717 1951 2024 2028 repente
2109 1948 2191 2009 ut
2270 1947 2419 2010 fur:
2505 1964 2613 2009 eos

320 2052 662 2134 occupabit
708 2052 840 2116 dies
897 2053 1029 2116 ille.
1092 2054 1359 2117 oculus
1417 2053 1749 2117 adulteri
1813 2053 2174 2116 obseruat
2227 2052 2613 2116 tenebras:

317 2158 647 2223 ostendere
679 2159 822 2222 uult
854 2159 920 2222 in
952 2179 1110 2241 quas
1140 2161 1430 2224 tenebras
1461 2159 1794 2223 tradantur
1822 2159 1978 2241 inpii
2018 2179 2125 2241 per
2163 2157 2611 2240 inpunitatem:

319 2283 441 2328 non
492 2265 657 2328 enim
708 2284 811 2329 eas
861 2284 1017 2346 quas
1068 2270 1324 2348 captant
1370 2265 1639 2329 adulteri
1689 2270 1754 2329 et
1791 2266 1985 2330 ceteri
2026 2267 2129 2346 qui
2169 2265 2334 2328 male
2374 2265 2617 2329 faciunt

317 2392 431 2453 per
485 2380 759 2446 noctem,
817 2392 894 2436 ne
953 2376 1375 2456 agnoscantur
1429 2392 1540 2454 per
1594 2372 1791 2446 diem:
1850 2372 1962 2435 sed
2018 2372 2162 2435 illas
2211 2390 2371 2453 quae
2421 2371 2612 2434 etiam

318 2498 500 2543 mane
560 2498 751 2562 super
810 2499 915 2544 eos
978 2483 1145 2544 sunt.
1206 2479 1531 2544 suffodit
1587 2480 1658 2543 in
1725 2478 2060 2543 tenebris
2129 2477 2420 2543 domos:
2489 2479 2614 2542 alia

317 2587 488 2648 mala
533 2587 701 2650 facta
747 2591 1221 2650 eommemorat.
1281 2606 1409 2668 per
1466 2586 1656 2649 diem
1719 2585 2320 2670 obsignauerunt
2375 2588 2615 2650 semet

318 2693 563 2774 ipsos:
651 2693 1151 2757 occultauerunt.
1238 2711 1376 2756 non
1463 2696 1987 2775 cognouerunt
2066 2694 2342 2767 lucem,
2439 2692 2612 2773 quia

319 2799 546 2862 simul
616 2799 723 2863 eis
780 2801 1027 2863 manet
1082 2799 1344 2863 umbra
1396 2799 1700 2863 mortis:
1760 2818 1881 2863 non
1939 2798 2089 2880 quia
2147 2818 2264 2863 nox
2319 2798 2607 2875 recessit,

317 2908 649 2987 propterea
718 2924 825 2968 eos
902 2905 1186 2970 deseruit
1262 2906 1486 2969 umbra
1569 2905 1812 2970 moltis,
1898 2905 2097 2969 leuis
2181 2908 2298 2969 est
2382 2924 2608 2987 super

320 3011 589 3075 faciem
640 3031 901 3094 aquae:
962 3012 1040 3075 ad
1088 3013 1624 3094 comparationem
1671 3016 1871 3076 terrae
1933 3011 2393 3092 splendidiores
2453 3013 2612 3077 acci-

316 3118 530 3198 piendi
598 3121 765 3194 sunt,
834 3138 993 3202 quos
1059 3120 1164 3183 lux
1230 3123 1520 3202 penetrat
1575 3124 1638 3185 et
1693 3120 1901 3203 imago
1968 3120 2281 3193 leuitatis:
2350 3123 2414 3183 et
2468 3121 2609 3186 ideo

317 3224 516 3288 leuis
587 3229 693 3289 est
760 3244 949 3308 super
1006 3246 1112 3290 eos
1172 3227 1430 3290 umbra
1494 3228 1779 3292 mortiS.
1849 3248 1994 3290 nam
2052 3229 2116 3290 et
2172 3228 2295 3309 ipsi
2357 3232 2614 3310 portant

318 3349 452 3394 eam
504 3350 614 3413 per
670 3331 1099 3396 condic-ionem
1152 3333 1376 3397 carnis,
1437 3335 1571 3398 uel:
1626 3334 1829 3398 leuis
1888 3337 2006 3398 est
2062 3354 2286 3416 super
2340 3335 2610 3399 faciem

499 3558 523 3610 l
566 3558 632 3611 cf.
673 3557 868 3611 Matth.
912 3560 994 3621 13,
1033 3560 1117 3612 29.
1158 3558 1227 3613 30
1369 3559 1466 3612 Iob
1504 3561 1591 3619 24,
1632 3560 1664 3613 8
1774 3561 1806 3611 2
1845 3559 1942 3612 Iob
1982 3559 2067 3621 24,
2107 3561 2139 3612 9
2249 3561 2282 3612 4
2320 3559 2417 3612 Iob
2457 3560 2543 3619 24,
2576 3561 2608 3611 9

315 3647 348 3698 6
387 3644 483 3698 Iob
522 3646 609 3708 24,
653 3647 711 3699 11
794 3648 839 3699 7.
870 3648 901 3700 8
932 3647 1028 3700 Iob
1068 3649 1154 3708 24,
1199 3649 1262 3701 12
1338 3649 1369 3701 9
1408 3647 1503 3701 Iob
1545 3650 1630 3711 24,
1675 3649 1738 3702 13
1816 3650 1899 3704 12.
1935 3649 2000 3701 13
2027 3647 2125 3701 Iob
2157 3650 2241 3711 24,
2274 3650 2339 3701 14
2418 3649 2481 3700 14
2510 3648 2606 3701 Iob

313 3735 400 3796 24,
445 3735 509 3786 15
625 3735 688 3788 18
725 3734 822 3787 Iob
862 3736 946 3798 24,
989 3737 1053 3789 16
1168 3738 1248 3789 19.
1288 3737 1356 3789 20
1392 3736 1489 3790 Iob
1530 3738 1614 3798 24,
1658 3737 1739 3792 16.
1785 3738 1846 3790 17
1959 3738 2042 3790 22.
2082 3738 2151 3789 26
2187 3736 2284 3789 Iob
2324 3738 2409 3800 24,
2454 3736 2516 3790 18

388 3858 420 3907 4
458 3861 585 3910 sunt
619 3856 675 3909 P
851 3860 882 3911 6
930 3875 1146 3927 parcere
1193 3859 1396 3912 talibus
1434 3859 1489 3911 P
1668 3860 1697 3912 7
1747 3859 1931 3928 inique
1979 3858 2223 3912 insidiati
2262 3864 2386 3911 sunt
2424 3858 2610 3914 SHier

312 3945 634 3999 ciuitatibus
673 3946 704 3998 b
778 3946 811 3999 8
851 3947 1119 4015 domibus]
1159 3947 1407 4001 domibus
1447 3949 1557 4001 suis
1586 3948 1629 4002 S
1653 3948 1901 4001 domibus
1933 3949 1986 3999 ui
2016 3947 2160 4000 Hier
2232 3949 2263 4000 9
2294 3949 2350 4000 in
2379 3948 2605 4018 gemitu]

309 4034 584 4101 ingemuit
620 4033 666 4087 S
805 4039 986 4088 aut-em
1023 4052 1124 4089 om.
1172 4036 1219 4088 C
1326 4037 1392 4090 10
1431 4043 1497 4089 no
1537 4044 1663 4089 cura
1701 4036 1731 4089 b
1848 4027 1918 4090 '12
1956 4036 2195 4090 tenebris
2239 4037 2345 4103 Gb;
2379 4037 2609 4091 tradidit

311 4139 407 4175 eos
444 4122 499 4175 in
538 4123 791 4176 tenebras
830 4123 1016 4177 SHier
1129 4126 1192 4177 13
1232 4131 1288 4178 et
1325 4129 1482 4178 nocte
1522 4127 1627 4179 erit
1664 4127 1806 4178 sicut
1842 4126 1929 4179 fur
1965 4125 2152 4180 SHier
2296 4143 2385 4179 eos
2425 4131 2486 4180 ut
2522 4126 2608 4179 fur

309 4211 603 4281 occupabit
639 4211 669 4263 b
887 4213 1174 4281 occupauit
1212 4230 1301 4265 eos
1344 4213 1394 4267 G
1651 4216 1714 4267 15
1765 4214 2370 4267 ostendere—tenebras
2417 4231 2520 4270 om.
2565 4215 2612 4269 G

313 4300 383 4353 18
421 4317 578 4353 mane
617 4300 682 4353 d.-
718 4301 856 4371 male
892 4301 979 4355 Pb
1020 4302 1157 4355 male
1204 4302 1323 4368 TC‚·
1356 4304 1420 4355 in
1462 4302 1513 4357 G
1549 4302 1690 4355 male
1721 4309 1849 4370 post
1887 4320 1977 4356 eos
2019 4303 2212 4372 leqitur
2322 4305 2390 4357 20
2430 4321 2536 4373 qua
2565 4304 2612 4358 S

308 4389 377 4441 21
419 4391 607 4441 manet
643 4389 720 4441 eis
759 4388 806 4441 S
944 4406 1099 4442 mane
1137 4390 1281 4443 Hier
