3076 4976
531 481 659 543 568
1246 473 1297 527 S.
1356 472 1633 526 Aureli
1691 473 2132 542 Augustini

543 675 751 735 totum
819 669 1288 735 circumcisioni
1354 669 1810 752 praedicarent.
1880 689 2088 734 omne
2164 689 2340 735 uero
2416 671 2827 753 pretiosum

532 777 738 844 uidit
794 777 1064 842 oculus
1122 794 1361 841 meus:
1419 776 1734 840 humanus
1792 795 1904 858 per
1959 776 2225 840 uerbum
2276 796 2525 841 carnem
2572 777 2827 842 factum.

535 884 991 949 altitudines
1038 882 1443 947 fluminum
1492 883 1905 947 reuelauit:
1955 884 2226 949 uirtutes
2276 884 2587 948 tolerandi
2627 905 2828 968 perse-

532 992 820 1057 cutiones
875 991 937 1054 in
987 991 1290 1074 martyrio
1341 992 1631 1056 occultae
1679 993 1744 1054 et
1790 991 1954 1054 altae
2002 995 2152 1056 sunt
2199 991 2259 1055 in
2308 991 2584 1064 homine,
2637 991 2831 1056 donec

529 1098 877 1163 tentatione
932 1097 1397 1180 persecutionis
1455 1098 1837 1163 reuelentur.
1909 1098 2396 1181 ostenditque
2463 1099 2830 1163 uirtutem
2888 1119 2912 1157 s

534 1226 740 1270 suam
780 1206 851 1269 in
890 1205 1208 1283 lumine,
1248 1204 1311 1268 in
1353 1204 1444 1269 eis
1485 1205 1716 1287 quibus
1758 1205 1945 1270 dixit:
1989 1226 2122 1270 uos
2164 1206 2354 1271 estis
2390 1207 2517 1270 lux
2554 1207 2830 1271 mundi.

528 1332 642 1394 per
716 1331 874 1394 quos
954 1312 1143 1376 etiam
1218 1330 1363 1394 pars
1438 1311 1817 1376 Iudaeorum
1894 1332 2013 1376 non
2082 1332 2279 1395 parua
2343 1333 2651 1378 conuersa
2716 1321 2828 1379 est.

532 1419 864 1502 abyssus
924 1418 1149 1482 dixit:
1206 1438 1345 1482 non
1407 1422 1523 1482 est
1579 1419 1649 1481 in
1707 1438 1850 1483 me:
1912 1418 2053 1483 ideo
2101 1420 2165 1483 in
2214 1420 2443 1503 abysso
2493 1423 2830 1486 constituti

531 1525 820 1590 homines
869 1544 1005 1589 earn
1054 1524 1340 1588 inuenire
1388 1544 1509 1588 non
1558 1527 1924 1607 potuerunt,
1967 1526 2116 1608 quia
2150 1527 2213 1590 in
2254 1546 2326 1592 eo
2367 1546 2488 1591 non
2530 1532 2652 1593 est.
2693 1549 2828 1593 non

534 1632 843 1696 dabitur
900 1651 1166 1696 aurum
1223 1631 1604 1695 inclusum
1661 1651 1789 1713 pro
1850 1651 1963 1696 ea:
2021 1632 2087 1697 id
2135 1639 2235 1697 est
2280 1634 2643 1699 thesaurus,
2693 1654 2827 1699 non
2863 1652 2908 1689 1⁰

533 1741 679 1803 erit
727 1739 1056 1803 deterior
1105 1759 1280 1803 auro
1332 1737 1596 1820 Ophir:
1645 1741 1970 1820 tamquam
2011 1739 2066 1804 si
2106 1740 2378 1805 diceret:
2417 1740 2522 1804 uel
2559 1741 2655 1805 sic
2695 1761 2830 1805 eam
2929 1729 2934 1734 ’

535 1848 839 1929 quaerite,
889 1847 1204 1929 siquidem
1255 1846 1527 1910 deterior
1574 1866 1694 1910 non
1755 1846 1841 1910 sit
1887 1865 2039 1911 auro
2099 1846 2317 1930 Ophir.
2378 1867 2514 1914 non
2573 1867 2827 1930 aequa-

534 1955 744 2018 bitur
819 1953 884 2018 ei
961 1972 1219 2018 aurum
1296 1956 1369 2017 et
1445 1953 1761 2018 uitrum:
1832 1957 1942 2017 aut
2006 1954 2506 2037 intellegendum
2574 1956 2829 2037 aliquod

533 2062 770 2124 nitrum
839 2059 1200 2143 speciosum
1268 2062 1378 2122 aut
1444 2059 1595 2141 quia
1659 2062 1811 2123 sunt
1874 2059 2161 2124 homines
2220 2061 2328 2142 qui
2386 2061 2631 2126 uitrum
2685 2063 2827 2144 plus

533 2168 804 2251 diligant
832 2188 1021 2250 quam
1051 2166 1446 2249 sapientiam.
1488 2169 1563 2230 et
1601 2167 2100 2232 commutatio
2142 2167 2303 2231 eius
2342 2187 2528 2232 uasa
2574 2187 2824 2233 aurea:
2862 2182 2906 2222 1⁵

540 2294 700 2350 „non
749 2277 937 2339 sunt“
995 2273 1324 2338 subaudis.
1393 2276 1466 2337 et
1522 2274 1822 2337 excelsa
1879 2275 1951 2336 et
2008 2272 2223 2357 gabis
2282 2293 2421 2338 non
2482 2280 2706 2339 erunt
2757 2275 2824 2338 in

530 2381 922 2446 memoria:
958 2381 1266 2446 obliuioni
1298 2383 1483 2444 erunt
1508 2380 1573 2443 in
1615 2380 2083 2462 comparatione
2124 2380 2295 2452 eius:
2338 2383 2446 2445 aut
2492 2383 2826 2456 „excelsa

532 2493 605 2552 et
672 2488 923 2573 gabis“
986 2492 1313 2570 tamquam
1375 2487 1650 2569 superba
1704 2507 1991 2569 quaeque
2048 2507 2170 2552 non
2220 2487 2349 2552 sint
2392 2488 2455 2552 in
2503 2490 2822 2567 memoria,

530 2600 605 2660 ut
633 2615 743 2677 per
771 2595 1198 2659 humilitatem
1230 2594 1444 2659 trahas
1475 2594 1553 2658 de
1583 2594 1975 2659 absconditis
2015 2595 2412 2676 sapientiam.
2454 2597 2824 2680 sapientia

531 2702 723 2766 unde
799 2702 1113 2765 inuenta
1187 2705 1348 2765 est?
1416 2701 1592 2777 dicit,
1662 2699 1810 2783 quia
1874 2720 1998 2766 non
2064 2703 2278 2786 potuit
2342 2722 2478 2766 eam
2544 2705 2899 2768 inuenire?⁰

530 2809 721 2873 homo
768 2807 891 2871 nisi
937 2826 1048 2890 per
1095 2808 1384 2891 gratiam,
1431 2807 1576 2872 ideo
1625 2808 1703 2872 ad
1750 2808 1938 2872 deum
1988 2810 2482 2874 conuertendum
2521 2830 2664 2875 esse
2701 2830 2821 2874 cor.

531 2915 725 2978 latet
763 2915 847 2977 ab
890 2914 1136 2979 oculis
1178 2915 1419 2979 omnis
1460 2915 1820 2979 hominis:
1861 2915 2011 2997 quia
2039 2935 2158 2981 non
2193 2920 2294 2980 est
2323 2916 2819 2981 insensibilibus.

533 3021 865 3104 perditio
942 3023 1017 3084 et
1080 3041 1277 3085 mors
1345 3021 1728 3086 dixerunt:
1797 3022 2030 3104 perditi
2096 3027 2161 3086 et
2225 3024 2482 3099 mortui,
2552 3043 2698 3089 cum
2761 3025 2819 3088 in

534 3127 777 3192 deliciis
809 3128 1055 3193 uiuunt.
1089 3128 1432 3193 dominus
1483 3129 2043 3194 commendauit
2090 3130 2285 3194 uiam
2334 3130 2530 3198 eius:
2573 3131 2820 3196 humili·

534 3238 750 3311 tatem,
810 3254 969 3316 quae
1027 3234 1398 3299 abscondita
1454 3238 1555 3300 est
1607 3237 1979 3302 uolneribus
2038 3237 2216 3301 caeli.
2278 3242 2351 3302 et
2405 3238 2568 3320 ipse
2616 3238 2895 3303 nonita

531 3339 782 3404 locum
860 3340 1056 3405 eius:
1135 3342 1319 3406 locus
1398 3342 1743 3425 sapientiae
1820 3344 1963 3426 quis
2038 3344 2164 3408 nisi
2226 3351 2408 3427 pater
2471 3349 2616 3411 est?
2683 3365 2818 3411 cum

716 3550 739 3601 1
781 3547 879 3601 Iob
920 3550 1005 3611 28,
1049 3550 1115 3603 10
1259 3550 1291 3602 3
1329 3549 1427 3603 Iob
1466 3552 1551 3611 28,
1597 3552 1655 3604 11
1807 3553 1839 3605 5
1877 3552 1975 3605 Iob
2015 3553 2102 3619 28,
2143 3552 2204 3606 11
2363 3555 2395 3608 6
2433 3553 2632 3607 Matth.
2670 3557 2721 3615 5,
2762 3554 2818 3604 14

533 3637 565 3689 8
604 3636 701 3690 Iob
739 3637 827 3701 28,
872 3639 936 3692 14
1036 3640 1068 3692 9
1108 3638 1203 3692 Iob
1244 3638 1331 3701 28,
1375 3640 1438 3694 15
1548 3641 1612 3694 10
1649 3640 1746 3694 Iob
1787 3642 1874 3704 28,
1918 3644 1981 3696 16
2086 3643 2152 3696 12
2191 3641 2286 3695 Iob
2327 3643 2413 3703 28,
2456 3644 2520 3696 17
2628 3643 2692 3696 15
2729 3641 2817 3695 Iob

533 3726 619 3790 28,
651 3726 715 3778 17
814 3728 876 3780 16
915 3726 1011 3780 Iob
1051 3726 1135 3789 28,
1179 3728 1243 3781 18
1339 3729 1402 3782 19
1441 3728 1537 3782 Iob
1578 3729 1661 3794 28,
1702 3730 1771 3783 20
1863 3731 1931 3784 22
1968 3730 2065 3785 Iob
2105 3730 2190 3795 28,
2229 3732 2295 3785 21
2391 3731 2460 3784 23
2496 3730 2594 3785 Iob
2636 3731 2720 3797 28,
2755 3730 2817 3783 22

534 3814 603 3867 24
639 3813 734 3867 Iob
776 3816 860 3877 28,
900 3815 969 3868 23
1077 3816 1147 3869 25
1184 3816 1281 3870 Iob
1320 3818 1405 3880 28,
1445 3819 1514 3872 23

609 3937 633 3989 1
675 3939 873 4006 toturn]
914 3942 1126 3992 tantum
1165 3940 1239 3993 bd
1382 3943 1527 3996 omni
1566 3942 1612 3997 S
1715 3946 1747 3997 2
1786 3945 1956 4014 meus]
1997 3945 2111 3997 eius
2147 3944 2292 3999 Hier
2409 3945 2441 3999 3
2482 3943 2818 3998 altitudinem

542 4025 766 4080 1¹1³de
907 4027 1132 4080 fluuium
1176 4030 1223 4083 G
1327 4033 1358 4085 5
1395 4033 1787 4100 persecutionis
1823 4034 2128 4088 tentatione
2164 4034 2292 4088 Pbd
2401 4035 2430 4086 7
2471 4035 2601 4103 non]
2643 4033 2688 4085 si
2729 4030 2823 4085 TC

535 4114 567 4167 9
606 4116 862 4181 poterunt
899 4114 973 4168 bd
1098 4133 1162 4170 ea
1201 4118 1274 4171 bd
1421 4119 1486 4173 10
1526 4119 1839 4174 conclusum
1877 4121 2065 4176 SHier
2206 4139 2301 4192 pro
2342 4139 2406 4175 ea
2440 4122 2706 4175 inclusum
2749 4119 2818 4172 Cb

538 4203 603 4255 12
643 4219 775 4271 opyr
810 4202 858 4256 S
1038 4205 1102 4257 14
1140 4205 1462 4276 speciosum]
1502 4208 1804 4275 preciosum
1842 4208 1897 4260 P
2078 4210 2141 4263 16
2190 4209 2368 4279 gabis]
2415 4210 2598 4279 grauis
2645 4210 2694 4262 T
2690 4208 2818 4262 PCb

538 4291 602 4344 17
640 4291 949 4345 memoriam
992 4290 1038 4345 S
1177 4294 1450 4348 obliuione
1496 4294 1577 4347 Tb
1763 4296 1827 4350 18
1866 4298 2047 4365 grauis
2094 4298 2274 4351 TPCb
2460 4300 2524 4351 19
2565 4301 2649 4367 ut]
2687 4303 2740 4350 at
2780 4296 2821 4349 G

534 4380 601 4433 25
641 4396 672 4432 a
708 4381 1015 4433 uolneribus
1054 4381 1128 4434 bd
