3076 4976
464 507 593 570 530
1175 503 1225 558 S.
1285 503 1556 559 Aureli
1614 502 2050 572 Augustini

456 698 769 782 fugitiuos
837 698 994 762 dicit
1047 698 1334 762 homines
1395 719 1431 762 a
1486 698 1738 763 iustitia
1795 697 2214 777 discedenteS,
2271 705 2348 766 ut
2401 701 2511 765 ille
2576 701 2747 767 filius

455 807 660 871 minor
695 806 1021 889 profectus
1059 805 1122 868 in
1161 805 1481 889 regionem
1521 805 1956 887 longinquam.
2008 811 2136 870 aut
2185 826 2271 888 qu
2289 808 2399 872 asi
2449 810 2749 890 aquilae

457 914 795 979 uolantis
846 918 918 977 et
965 911 1398 996 quaerentis
1448 931 1722 976 escam:
1775 912 1851 975 de
1900 913 2354 996 superioribuS,
2403 915 2466 978 in
2517 916 2750 997 quibus

456 1020 828 1084 naturaliter
874 1020 1117 1083 animae
1165 1019 1506 1083 rationales
1556 1018 1778 1082 beatae
1827 1022 1996 1096 sunt,
2045 1019 2109 1082 id
2158 1023 2257 1085 est
2303 1021 2600 1104 operibus
2657 1022 2751 1086 iu—

458 1127 699 1204 stitiae,
754 1127 1221 1192 inclinauerunt
1294 1146 1361 1190 se
1419 1126 1496 1189 ad
1552 1129 1831 1189 terrenas
1888 1127 2272 1209 uoluptateS.
2341 1129 2614 1210 quodsi
2679 1133 2754 1193 et

457 1236 763 1299 locutus
812 1234 1043 1312 fuero,
1094 1232 1517 1298 obliuiscor
1564 1232 1732 1296 dum
1779 1233 2078 1314 loquor:
2128 1234 2398 1300 locutio:
2450 1236 2751 1316 quemad·

456 1341 713 1405 modum
763 1340 1083 1404 adfectum
1130 1340 1356 1403 habuit
1400 1340 1480 1403 ad
1526 1340 1866 1416 exteriora,
1903 1340 1993 1404 sic
2043 1340 2252 1404 anima
2297 1341 2449 1405 dum
2497 1360 2752 1425 progre-

456 1447 627 1511 ditur
684 1447 760 1510 ad
816 1466 890 1511 ea
946 1466 1104 1528 quae
1159 1446 1312 1511 foris
1371 1449 1519 1510 sunt
1568 1446 1915 1528 cupiditate
1963 1446 2210 1510 fruendi
2260 1451 2546 1512 creatura
2594 1449 2752 1513 obli-

453 1554 729 1618 uiscitur
781 1554 1142 1617 interiorem
1197 1557 1566 1618 creatorem.
1640 1552 2035 1617 declinans
2094 1553 2166 1616 in
2222 1554 2492 1617 faciem
2549 1555 2752 1639 inge-

455 1660 792 1725 miscam:
841 1660 1018 1724 illam
1068 1660 1232 1723 enim
1283 1659 1770 1723 declinationem
1827 1659 2073 1724 dolores
2133 1664 2750 1742 sequuntur.‚com·

456 1787 761 1832 moneor
824 1766 1166 1831 omnibus
1232 1766 1614 1830 membris:
1680 1767 1888 1842 timor,
1950 1787 2070 1848 quo
2127 1767 2353 1850 incipit
2406 1787 2749 1834 recurrere.

458 1878 533 1938 et
578 1875 752 1956 quia
790 1893 951 1938 sum
988 1874 1263 1957 inpius,
1304 1892 1529 1956 quare
1569 1892 1707 1937 non
1751 1893 1908 1937 sum
1948 1877 2292 1937 mortuus
2334 1878 2405 1938 et
2441 1875 2750 1940 laboro?

463 1983 669 2058 „scio“
724 1980 1050 2046 sabaudia.
1101 1983 1210 2044 aut
1258 1979 1416 2044 dicit
1463 1998 1529 2043 se
1576 1980 1878 2055 laborare,
1925 1980 2074 2062 quia
2118 1981 2407 2063 inpietati
2456 1986 2749 2047 mortuus

454 2107 577 2152 non
635 2092 753 2154 est.
820 2090 892 2151 et
950 2087 1355 2150 mundatus
1413 2085 1624 2150 fuero
1683 2087 1977 2150 mundis
2036 2088 2409 2152 manibus:
2476 2093 2591 2152 aut
2645 2090 2748 2153 dei

454 2195 747 2259 manibus
795 2197 907 2258 aut
954 2193 1111 2269 suis,
1160 2193 1224 2256 id
1275 2197 1399 2257 est:
1450 2192 1633 2256 bonis
1686 2193 1979 2275 operibus
2028 2213 2139 2278 per
2182 2196 2747 2277 regenerationem.

456 2302 644 2366 satis
693 2302 764 2364 in
814 2301 1030 2366 sorde
1076 2320 1184 2363 me
1235 2299 1576 2364 tinxisti:
1625 2300 1688 2363 in
1739 2301 1927 2364 istam
1976 2301 2432 2365 mortalitatem
2483 2302 2747 2383 perduc-

453 2413 613 2473 tum.
672 2412 744 2471 et
800 2410 1222 2471 execratum
1281 2426 1393 2469 me
1444 2409 1561 2469 est
1605 2407 2147 2470 uestimentum
2196 2425 2464 2470 meum:
2515 2407 2745 2473 inmor-

452 2518 691 2593 talitaS,
742 2535 865 2598 qua
911 2516 1202 2598 cupimus
1253 2513 1697 2596 superuestiri;
1758 2513 1871 2577 sed
1927 2514 2075 2595 quia
2122 2532 2241 2578 non
2292 2533 2633 2596 possumus
2681 2515 2742 2579 in

455 2626 570 2688 hac
630 2623 1047 2704 corruptione,
1097 2623 1238 2685 ideo
1288 2620 1472 2685 dicit:
1532 2624 1958 2685 execratum
2013 2640 2121 2683 me
2180 2626 2296 2684 est
2343 2612 2747 2685 uestimen-

453 2738 608 2797 tum
670 2750 926 2794 meum.
978 2748 1117 2792 non
1176 2748 1255 2791 es
1315 2729 1504 2791 enim
1565 2728 1779 2792 homo
1840 2728 2042 2791 sicut
2089 2732 2161 2790 et
2210 2746 2365 2810 ego,
2415 2728 2535 2791 cui
2586 2747 2743 2793 con·

454 2837 847 2902 tradicam:
895 2834 1139 2900 homini
1186 2834 1349 2897 enim
1400 2853 1654 2915 possem
1694 2834 2118 2898 demonstrare
2157 2834 2467 2898 iustitiam
2508 2854 2742 2911 meam;

458 2944 518 3008 in
564 2947 676 3006 tuo
727 2945 940 3005 autem
986 2940 1221 3003 iudicio
1268 2940 1559 3003 inuenior
1596 2940 1892 3003 iniustus,
1943 2942 2225 3005 utinam
2276 2946 2481 3004 esset
2528 2941 2743 3005 nobis

456 3050 762 3114 arbiter!
823 3047 1077 3111 uidetur
1130 3046 1593 3126 blasphemare,
1653 3047 1771 3110 nisi
1831 3048 2015 3110 illum
2074 3047 2484 3111 mediatorem
2533 3047 2633 3111 dei
2682 3050 2748 3111 et

452 3156 780 3220 hominum
830 3158 1043 3233 optare
1089 3150 1517 3233 intellegatur,
1569 3156 1641 3214 ut
1687 3172 1798 3233 per
1844 3171 1986 3216 eum
2036 3153 2271 3236 alleget
2315 3172 2532 3234 preces
2573 3174 2742 3218 suas.

452 3263 573 3326 hoc
629 3261 816 3325 modo
873 3259 1036 3323 enim
1097 3258 1203 3321 ille
1263 3258 1443 3320 audit
1496 3258 1662 3323 inter
1716 3262 2056 3341 utrumque
2112 3260 2363 3342 positus
2421 3263 2487 3324 et
2532 3261 2747 3344 arguit

634 3507 665 3558 2
706 3504 771 3558 cf.
811 3505 939 3557 Luc.
983 3504 1062 3563 15,
1106 3503 1171 3555 13
1354 3501 1449 3554 Iob
1490 3503 1540 3561 9,
1581 3504 1649 3554 26
1828 3506 1859 3558 5
1899 3503 1997 3556 Iob
2037 3504 2085 3565 9,
2125 3505 2191 3557 27
2373 3505 2406 3556 9
2444 3503 2541 3557 Iob
2581 3505 2632 3563 9.
2671 3504 2742 3557 27

456 3597 522 3649 10
560 3595 655 3647 Iob
695 3595 744 3655 9,
785 3594 852 3646 28
976 3594 1039 3645 12
1079 3592 1176 3646 Iob
1216 3592 1266 3651 9,
1306 3593 1374 3644 29
1501 3593 1565 3644 14
1601 3592 1698 3644 Iob
1739 3593 1787 3655 9,
1827 3592 1898 3645 30
2019 3594 2082 3645 16
2120 3592 2217 3645 Iob
2258 3593 2307 3655 9,
2347 3594 2412 3647 31
2539 3594 2603 3647 17
2642 3592 2741 3646 Iob

450 3686 501 3739 9.
542 3686 604 3737 31
741 3684 805 3735 18
846 3683 909 3735 cf.
949 3681 1004 3735 11
1043 3680 1160 3735 Cor.
1200 3683 1250 3742 5,
1290 3682 1324 3733 4
1454 3679 1520 3732 20
1559 3679 1655 3732 Iob
1697 3682 1745 3743 9,
1785 3681 1853 3733 32
1981 3682 2048 3734 22
2086 3679 2184 3733 Iob
2223 3681 2272 3746 9,
2314 3681 2381 3734 33
2517 3682 2587 3735 23
2627 3682 2684 3735 cf
2714 3681 2748 3735 1

451 3773 585 3825 Tim.
625 3773 677 3837 2,
716 3774 747 3825 5

523 3896 555 3947 3
597 3895 842 3947 uolantes
885 3893 936 3946 G·
1082 3894 1398 3961 quaerentes
1443 3892 1493 3945 G
1621 3895 1655 3945 4
1694 3894 1903 3947 animae
1942 3894 2231 3947 rationales
2268 3894 2591 3946 naturaliter
2627 3894 2742 3962 (sic.

452 3984 656 4047 colloc.)
702 3983 777 4035 Cb
879 3986 910 4035 5
949 3983 1259 4035 uoluntates
1303 3982 1347 4035 C
1444 3984 1475 4034 9
1516 3982 1652 4034 facie
1691 3982 1832 4036 Hier
1939 3983 2300 4050 ingemescam
2340 3981 2387 4035 S
2459 3983 2523 4035 10
2561 3982 2660 4035 illa
2692 3981 2746 4036 G

453 4071 811 4125 declinatione
853 4072 904 4125 G
1035 4073 1097 4123 12
1135 4075 1341 4123 mortus
1381 4070 1427 4124 S
1535 4072 1598 4124 15
1638 4072 1888 4140 operibus
1928 4073 1983 4125 id
2022 4076 2104 4126 est
2147 4071 2194 4125 G
2333 4073 2750 4141 generationem

458 4160 564 4213 GP
675 4162 735 4213 17
777 4164 860 4213 est
894 4177 978 4213 me
1017 4160 1063 4213 S
1202 4159 1595 4213 inmortalitate
1639 4160 1689 4213 G
1829 4162 1892 4214 18
1934 4163 2059 4231 qua]
2103 4162 2228 4229 quia
2272 4160 2318 4214 Ο
2455 4177 2748 4230 possumus

454 4265 571 4301 cum
620 4249 865 4303 homines
922 4249 987 4302 de
1046 4249 1352 4301 hominibus
1404 4250 1459 4301 in
1506 4249 1608 4301 hac
1655 4266 1766 4318 sqq.
1825 4250 1872 4304 C'
2046 4251 2114 4304 20
2170 4251 2249 4318 es]
2303 4253 2394 4302 est
2452 4249 2747 4304 GPTCSb

453 4338 649 4391 etenim
690 4338 736 4392 S
858 4342 914 4392 et
949 4354 1048 4393 om.
1090 4338 1234 4390 Hier
1352 4337 1685 4391 contradicat
1724 4338 1769 4392 S
1873 4339 1936 4391 21
1979 4355 2135 4407 posse
2179 4338 2230 4392 G
2347 4337 2658 4392 ministrare
2704 4338 2754 4392 0

452 4427 519 4478 22
559 4428 722 4495 esset]
763 4443 877 4479 esse
916 4430 972 4479 et
1010 4424 1055 4479 S

2817 1153 2846 1193 5

2793 1688 2848 1726 10

2792 2222 2850 2261 15

2790 2756 2856 2795 20
