3076 4976
644 472 1121 538 Quaestionum
1163 475 1277 529 lib.
1318 477 1362 528 V
1402 475 1691 546 (Quaest.
1731 477 1803 531 de
1843 478 2407 543 Deuteronomio).
2535 482 2668 546 385
2721 474 2728 485 ’

377 667 571 732 enim
634 672 751 733 est
818 670 943 752 qui
1012 675 1370 753 operatur
1434 672 1507 736 in
1576 673 1795 737 uobis
1855 677 1928 738 et
1984 673 2185 737 uelle
2243 677 2315 737 et
2374 673 2667 757 operari
2744 718 2757 728 -

376 793 504 856 pro
564 775 755 839 bona
810 777 1244 855 uoluntate,
1304 778 1425 843 hoc
1483 781 1582 843 est
1641 779 1702 843 in
1761 778 1853 843 eis
1913 778 2023 861 qui
2084 798 2156 842 ex
2210 779 2332 843 fide
2399 780 2668 863 gratiam

377 881 740 965 suscipiunt
786 887 850 947 et
897 901 1017 947 non
1059 886 1239 947 suam
1277 884 1591 949 iustitiam
1631 886 1860 950 uolunt
1896 889 2197 963 statuere,
2239 885 2349 949 sed
2387 885 2672 951 iustitiae

379 987 478 1051 dei
527 986 801 1052 subiecti
851 994 1020 1065 sunt,
1069 993 1145 1054 ut
1188 990 1311 1073 ipsi
1361 991 1491 1056 sint
1536 991 1598 1055 in
1642 991 1893 1056 Christo
1940 991 2191 1056 iustitia
2237 991 2357 1059 dei.
2418 1012 2561 1056 nam
2608 996 2673 1056 et

313 1122 337 1158 ε,
378 1094 508 1157 illic
558 1095 887 1176 apostolus
937 1099 1278 1179 utrumque
1327 1098 1483 1163 dicit
1530 1102 1594 1162 et
1641 1098 1827 1164 deum
1876 1099 2118 1181 operari
2167 1102 2232 1163 et
2275 1099 2470 1183 ipsos
2527 1119 2670 1163 nam

379 1200 433 1263 si
481 1200 605 1281 ipsi
652 1221 774 1266 non
826 1204 1264 1286 operabantur,
1316 1206 1632 1287 quomodo
1692 1206 1783 1272 eis
1842 1205 2120 1271 dicebat:
2189 1224 2348 1270 cum
2404 1206 2671 1270 timore

381 1312 454 1371 et
539 1310 867 1372 tremore
950 1314 1284 1375 uestram
1368 1312 1707 1394 ipsorum
1802 1314 2127 1377 salutem
2216 1312 2671 1394 operamini?

382 1418 677 1495 operatur
724 1434 871 1500 ergo
920 1417 1053 1494 ille,
1102 1437 1514 1500 cooperamur
1560 1439 1702 1495 nos3
1752 1439 1874 1484 non
1924 1420 2089 1484 enim
2137 1419 2361 1495 aufert,
2411 1418 2522 1483 sed
2568 1418 2673 1482 ad·

378 1521 561 1586 iuuat
604 1521 804 1587 bonae
853 1524 1203 1589 uoluntatis
1252 1526 1605 1591 arbitrium.

294 1655 344 1694 ιο
470 1628 640 1692 XVI.
691 1629 770 1693 In
822 1630 959 1696 illo
1008 1634 1343 1714 tempore
1382 1633 1739 1698 distinxit
1779 1634 2125 1699 dominus
2173 1634 2453 1698 tribum
2493 1632 2675 1696 Leui

381 1739 684 1816 portare
761 1756 1003 1801 arcam
1080 1741 1526 1804 testamenti
1602 1741 1914 1820 domini,
1984 1740 2355 1805 adsistere
2433 1759 2673 1805 coram

385 1840 705 1918 dominO,
753 1843 1191 1910 ministrare
1241 1849 1314 1910 et
1362 1866 1573 1911 orare
1620 1847 1690 1912 in
1741 1847 2033 1913 nomine
2092 1847 2255 1912 eius
2313 1865 2555 1929 usque
2605 1848 2673 1911 in

383 1947 575 2012 hunc
626 1948 842 2015 diem.
918 1954 1229 2035 propter
1274 1953 1410 2018 hoc
1458 1973 1599 2018 non
1649 1958 1767 2018 est
1821 1954 2114 2019 Leuitis
2171 1972 2343 2037 pars
2392 1956 2466 2018 et
2512 1972 2675 2018 sors

387 2074 548 2118 cum
587 2055 964 2122 fratribus
1005 2057 1196 2135 suis;
1248 2058 1597 2125 dominus
1646 2059 1808 2142 ipse
1855 2079 2025 2142 pars
2075 2060 2242 2124 eius
2292 2062 2427 2137 est,
2477 2058 2680 2123 sicut

296 2188 347 2226 ιε,
388 2160 580 2226 dixit
627 2162 713 2227 ei.
764 2163 888 2227 nisi
935 2184 1044 2247 per
1080 2165 1240 2230 hanc
1278 2166 1516 2230 tribum
1556 2166 2024 2250 significaretur
2058 2167 2430 2230 uniuersum
2468 2166 2681 2249 regale

388 2268 843 2347 sacerdotium,
922 2271 1091 2353 quod
1158 2272 1235 2336 ad
1300 2293 1537 2338 nouum
1612 2274 1886 2357 pertinet
1957 2276 2441 2350 testamentum,
2505 2272 2679 2336 nullo

387 2374 574 2439 modo
623 2394 818 2441 ausus
871 2381 1038 2442 esset
1087 2378 1295 2444 dicere
1342 2380 1555 2458 homo,
1606 2380 1716 2462 qui
1764 2400 1834 2444 ex
1882 2380 2101 2444 eadem
2147 2379 2319 2444 tribu
2357 2398 2479 2443 non
2518 2382 2679 2443 erat:

387 2502 556 2563 pars
623 2503 781 2548 mea
852 2484 1227 2565 dominus,
1298 2492 1360 2551 et
1420 2485 1482 2551 in
1551 2487 1675 2552 alio
1742 2487 2017 2571 psalmo:
2096 2485 2440 2551 domiuus
2508 2505 2678 2568 pars

388 2589 850 2655 hereditatis
898 2611 1121 2657 meae.

290 2726 345 2764 80
476 2697 677 2762 XVII.
742 2695 909 2776 Quid
958 2702 1058 2764 est
1106 2700 1272 2782 quod
1319 2701 1644 2783 praecepit
1687 2700 1944 2784 Moyses
1992 2701 2440 2766 commendans
2487 2699 2684 2763 uerba

391 2803 629 2868 domini
680 2809 740 2869 et
792 2806 907 2870 ait:
963 2810 1135 2880 (et)
1179 2808 1541 2872 scribetis
1592 2826 1672 2871 ea
1722 2827 1945 2890 super
1989 2807 2252 2872 limina
2299 2807 2680 2872 domorum

390 2914 818 2976 uestrarum
878 2916 956 2977 et
1009 2913 1398 2979 ianuarum
1457 2918 1915 2993 uestrarum,
1966 2933 2113 2979 cum
2163 2914 2281 2978 hoc
2331 2913 2682 2978 secundum

390 3019 837 3100 proprietatem
903 3039 1087 3084 nemo
1153 3020 1382 3085 fecisse
1446 3021 1922 3085 Israhelitarum
1989 3025 2517 3086 commemoretur
2580 3019 2684 3084 uel

389 3125 660 3208 legatur,
711 3125 859 3208 quia
905 3146 1020 3191 nec
1068 3127 1404 3209 quisquam
1453 3131 1685 3211 potest,
1749 3128 1874 3193 nisi
1929 3128 2089 3193 forte
2148 3127 2393 3192 diuidat
2449 3146 2520 3191 ea
2571 3145 2688 3210 per

297 3259 353 3298 25
392 3232 629 3297 multas
677 3237 889 3314 partes
940 3234 1167 3299 domus
1217 3239 1411 3299 suae?
1477 3255 1553 3299 an
1600 3235 2009 3319 hyperbolica
2055 3234 2517 3299 commendatio
2565 3236 2684 3312 est,

392 3339 560 3404 sicut
604 3341 810 3405 multa
856 3341 1193 3406 dicuntur?

396 3492 400 3495 <
480 3446 716 3512 XVIII.
776 3446 1216 3526 Quaerendum
1266 3450 1583 3531 quomodo
1640 3449 1861 3516 iubeat
1906 3450 2357 3514 decimationes
2406 3448 2688 3513 omnium

394 3555 715 3619 fructuum
768 3559 831 3619 et
876 3555 1201 3638 primitius
1247 3575 1548 3639 pecorum
1597 3575 1720 3621 non
1759 3556 2125 3621 manducari
2165 3556 2288 3621 nisi
2324 3555 2387 3619 in
2428 3555 2687 3619 ciuitate

393 3661 504 3725 ubi
560 3662 872 3744 templum
931 3663 1069 3740 erit,
1131 3682 1272 3727 cum
1330 3682 1436 3727 eas
1483 3663 1731 3728 Leuitis
1782 3663 1914 3728 dari
1971 3663 2033 3728 in
2090 3664 2231 3748 lege
2276 3661 2685 3744 praeceperit.

574 3888 605 3940 6
653 3887 793 3940 Phil.
835 3888 885 3942 2.
930 3888 995 3941 12
1135 3889 1201 3942 10
1238 3889 1401 3942 Deut.
1446 3889 1527 3950 10,
1567 3890 1618 3942 8.
1658 3888 1691 3942 9
1829 3889 1894 3942 18
1933 3888 2022 3941 Ps.
2062 3887 2146 3950 72,
2186 3888 2253 3942 26
2401 3887 2489 3939 Ps.
2534 3887 2616 3949 15,
2655 3886 2688 3939 5

393 3976 458 4028 21
500 3975 663 4030 Deut.
707 3977 790 4034 11.
830 3978 899 4031 20
1008 3977 1075 4030 27
1117 3976 1182 4031 cf.
1222 3978 1382 4032 Dent.
1428 3977 1510 4042 12,
1553 3978 1613 4032 11

471 4134 495 4186 1
539 4139 622 4187 est
662 4134 803 4189 enim
840 4135 1010 4190 PVU
1016 4135 1066 4190 T
1101 4141 1157 4190 et
1195 4136 1335 4190 enim
1370 4135 1437 4190 N
1552 4139 1581 4190 7
1622 4140 1805 4190 uestra
1843 4136 1907 4189 N
2021 4136 2054 4189 8
2096 4141 2150 4189 et
2187 4150 2284 4188 uos
2332 4134 2382 4187 T
2489 4132 2555 4187 10
2592 4132 2689 4186 tri-

394 4221 558 4275 buum
607 4222 673 4275 V¹
762 4224 824 4277 17
865 4241 981 4278 esse
1018 4225 1081 4279 N
1196 4225 1401 4279 diceret
1438 4225 1504 4278 N
1596 4226 1662 4279 18
1701 4225 1917 4279 domine
1957 4224 2055 4278 alt.
2104 4224 2158 4278 U
2244 4224 2314 4276 20
2351 4221 2613 4292 praecipit
2649 4219 2698 4275 S

393 4310 459 4363 21
516 4317 570 4363 et
623 4310 824 4365 addida·
1038 4328 1128 4365 eas
1175 4312 1298 4365 ΡΤι
1410 4313 1481 4366 24
1535 4329 1603 4367 ne
1650 4312 1712 4365 N
1891 4314 1958 4366 25
2013 4311 2322 4382 yperbolica
2368 4309 2698 4365 PSNVUT

396 4400 465 4452 28
505 4399 671 4453 ciuita
707 4399 781 4453 1³²
888 4401 959 4454 29
1000 4405 1114 4455 erat
1161 4401 1213 4455 V
1352 4403 1631 4472 praecepit
1666 4402 1781 4455 PV
1814 4402 2136 4470 praeciperit
2183 4400 2251 4454 U¹

506 4524 702 4565 xxvm
733 4526 849 4576 Aug.
883 4530 990 4566 noct.
1022 4527 1093 4566 111
1122 4537 1225 4576 pm
1256 4527 1281 4566 s
2480 4506 2549 4560 25
