3076 4976
523 449 604 510 62
1227 444 1278 498 S.
1336 444 1612 498 Aureli
1668 446 2102 515 Augustini

522 642 995 705 commemorat.
1072 658 1216 703 cum
1293 641 1504 702 autem
1583 636 1721 702 Seir
1789 636 2102 701 habitaret
2177 637 2285 717 qui
2359 638 2520 703 istos
2590 639 2804 721 genuit

520 746 796 811 nondum
873 745 1169 810 ueniente
1245 745 1309 809 in
1386 745 1563 808 illam
1645 748 1876 808 terram
1953 744 2144 821 Esau,
2226 744 2504 807 nondum
2587 745 2802 826 utique

522 853 957 935 appellabatur
1000 855 1167 917 terra
1212 852 1432 918 Edom.
1480 869 1603 915 non
1651 851 1817 914 enim
1863 870 2091 914 nomen
2150 850 2275 914 nisi
2323 851 2398 914 ab
2445 851 2584 933 ipso
2643 852 2804 915 Esau

521 959 794 1024 inditum
862 963 961 1024 est
1023 962 1244 1038 terrae,
1313 958 1612 1041 quoniam
1676 958 1844 1021 idem
1909 957 2047 1040 ipse
2115 960 2181 1021 et
2241 958 2414 1021 Esau
2483 962 2547 1021 et
2613 957 2807 1021 Edom

523 1066 888 1141 uocabatur,
957 1066 1032 1129 de
1111 1085 1233 1147 quo
1312 1064 1645 1148 propagati
1715 1068 1865 1128 sunt
1930 1063 2237 1141 Idumaei,
2305 1064 2425 1128 hoc
2492 1067 2593 1128 est
2657 1083 2807 1147 gens
2886 1094 2916 1131 s

522 1172 745 1238 Edom.

616 1279 835 1344 CXXI.
877 1279 1060 1358 Quod
1091 1279 1396 1361 scriptum
1428 1280 1558 1343 est:
1600 1281 1676 1341 et
1715 1278 1793 1342 hi
1831 1296 2064 1360 reges
2099 1278 2230 1358 qui
2263 1281 2814 1360 regnauerunt

524 1385 600 1448 in
648 1386 907 1463 Edom,
956 1388 1387 1467 antequam
1435 1388 1818 1468 regnaret
1864 1404 1994 1449 rex
2041 1385 2117 1448 in
2164 1384 2502 1460 Israhel,
2553 1403 2678 1447 non
2718 1383 2814 1447 sic

526 1492 961 1575 accipiendum
1010 1496 1128 1569 est,
1175 1496 1498 1574 tamquam
1550 1511 1766 1556 omnes
1831 1511 2011 1575 reges
2081 1491 2387 1556 nominati
2434 1491 2564 1556 sint
2610 1509 2816 1571 usque

527 1598 603 1661 ad
643 1618 716 1661 ea
752 1601 1054 1680 tempora,
1097 1598 1328 1679 quibus
1368 1601 1711 1679 coeperunt
1745 1617 1926 1681 reges
1964 1597 2226 1674 Israhel,
2267 1615 2537 1678 quorum
2571 1598 2818 1678 primus
2860 1627 2916 1665 ιο

524 1705 651 1769 fuit
715 1704 889 1770 Saul.
955 1705 1147 1768 multi
1212 1705 1377 1768 enim
1441 1706 1700 1769 fuerunt
1753 1705 1816 1768 in
1864 1705 2066 1769 Edom
2132 1723 2337 1787 usque
2387 1705 2466 1768 ad
2529 1708 2820 1787 tempora

529 1811 681 1875 Saul
728 1831 873 1876 cum
920 1812 1314 1893 temporibus
1354 1812 1546 1877 etiam
1583 1811 1890 1889 iudicum,
1934 1832 2201 1893 quorum
2240 1815 2526 1895 tempora
2563 1812 2823 1875 fuerunt

527 1922 668 1982 ante
715 1939 928 2002 reges3
980 1920 1091 1984 sed
1140 1938 1213 1984 ex
1258 1920 1359 1983 his
1407 1919 1629 1983 multis
1679 1937 1787 1982 eos
1836 1919 2008 1983 solos
2055 1919 2271 2001 potuit-
2317 1937 2819 1984 commemorare

527 2026 805 2107 Moyses,
856 2027 964 2108 qui
1011 2026 1269 2091 fuerunt
1314 2028 1646 2107 antequam
1696 2025 1830 2107 ipse
1877 2029 2244 2090 moreretur.
2294 2044 2409 2089 nec
2445 2026 2680 2090 mirum
2719 2028 2825 2088 est

528 2131 698 2213 quod
771 2134 1249 2197 numerantibus
1328 2133 1405 2196 ab
1479 2132 1794 2196 Abraham
1870 2151 1982 2213 per
2053 2132 2225 2195 Esau
2288 2135 2532 2214 patrem
2611 2131 2822 2215 gentis
2869 2170 2919 2207 25

528 2238 729 2302 Edom
777 2242 964 2321 atque
1011 2260 1122 2324 per
1176 2240 1423 2325 Raguel
1486 2239 1692 2302 filium
1756 2240 1924 2303 Esau
1976 2241 2041 2303 et
2087 2239 2242 2302 Zara
2305 2239 2508 2302 filium
2574 2239 2826 2322 Raguel

530 2351 594 2409 et
639 2345 832 2410 Iobab
881 2346 1083 2409 filium
1133 2347 1306 2423 Zara,
1358 2345 1460 2410 cui
1506 2345 1702 2409 Iobab
1751 2346 2065 2410 successit
2108 2345 2171 2409 in
2219 2365 2413 2429 regno
2452 2346 2669 2421 Balac‚
2712 2345 2824 2426 qui

532 2453 773 2535 primus
821 2452 883 2516 in
933 2455 1097 2517 terra
1153 2453 1355 2518 Edom
1420 2471 1526 2517 rex
1589 2452 1787 2517 fuisse
1856 2455 2407 2530 commemoratur,
2474 2471 2677 2534 usque
2742 2451 2829 2515 ad

534 2560 831 2623 ultimum
880 2578 1112 2642 regem,
1153 2579 1338 2641 quem
1375 2560 1590 2642 potuit
1625 2561 1944 2625 nominare
1982 2560 2260 2642 Moyses,
2303 2561 2518 2641 plures
2560 2579 2849 2643 genera-⁸

532 2666 737 2730 tiones
784 2666 1197 2730 inueniuntur
1252 2685 1441 2747 quam
1496 2670 1908 2731 numerantur
1953 2669 2030 2732 ab
2089 2667 2409 2732 Abraham
2466 2687 2576 2750 per
2631 2666 2825 2731 Iacob
2866 2698 2918 2738 ,ο

535 2790 738 2854 usque
787 2771 866 2834 ad
912 2772 1198 2854 Moysen.
1257 2791 1402 2836 nam
1447 2773 1582 2837 illic
1646 2773 2058 2839 inueniuntur
2120 2776 2247 2840 fere
2315 2774 2672 2848 duodecim,
2716 2773 2828 2837 hic

532 2881 747 2941 autem
795 2898 998 2960 usque
1046 2878 1123 2942 ad
1171 2880 1434 2961 Moysen
1481 2880 1679 2943 ferme
1728 2885 1992 2962 septem.
2041 2882 2185 2946 fieri
2243 2881 2412 2945 enim
2469 2880 2701 2964 potuit,
2747 2884 2830 2943 ut

532 2984 675 3049 ideo
711 2984 802 3048 ibi
839 2986 1053 3067 plures
1091 2986 1580 3063 nominarentur,
1623 2986 1770 3068 quia
1809 2987 2000 3053 citius
2040 2988 2364 3053 moriendo
2404 2988 2621 3070 plures
2662 2986 2830 3050 alter

536 3092 716 3155 alteri
794 3095 1257 3158 successerunt.
1333 3092 1424 3156 sic
1492 3093 1684 3156 etiam
1759 3094 2046 3178 contigit,
2122 3099 2197 3158 ut
2269 3094 2465 3159 alium
2542 3092 2828 3157 ordinem

536 3217 804 3281 sequens
852 3199 1214 3263 Matthaeus
1264 3200 1341 3262 ab
1388 3199 1703 3263 Abraham
1751 3220 1956 3282 usque
2003 3201 2081 3265 ad
2127 3201 2357 3284 Ioseph
2407 3200 2831 3283 quadraginta
2866 3232 2920 3272 2⁵

537 3305 693 3369 duas
769 3305 1203 3389 generationes
1283 3309 1659 3383 numeraret,
1739 3308 1943 3371 Lucas
2023 3310 2237 3372 autem
2281 3309 2347 3372 iu
2414 3307 2631 3372 ordine
2697 3307 2823 3370 alio

536 3430 868 3476 numerans
920 3412 1357 3495 generationes
1406 3432 1524 3476 non
1573 3432 1684 3495 per
1732 3413 2134 3479 Salomonem
2182 3415 2352 3480 sicut
2393 3415 2525 3490 ille,
2567 3413 2678 3479 sed
2715 3431 2830 3495 per

718 3604 748 3656 7
790 3601 923 3656 Gen.
963 3603 1049 3666 36,
1089 3602 1153 3656 31
1272 3602 1337 3657 13
1376 3603 1443 3657 cf.
1486 3602 1619 3658 Gen.
1660 3605 1745 3668 36,
1785 3605 1996 3659 32—39
2108 3606 2175 3660 25
2216 3606 2282 3660 cf.
2321 3605 2520 3660 Matth.
2561 3606 2610 3667 1,
2652 3602 2824 3657 1—17

539 3694 606 3746 26
647 3692 712 3745 cs.
750 3691 880 3745 Luc.
918 3692 969 3756 3,
1007 3691 1221 3745 23-38

611 3834 643 3884 2
681 3832 987 3885 uenientem
1029 3831 1083 3883 P
1161 3832 1196 3886 3
1235 3833 1543 3902 appellatur
1581 3833 1628 3886 S
1703 3835 1737 3886 4
1774 3833 2038 3887 indictum
2082 3834 2180 3888 ΟΡ
2273 3835 2440 3903 prius
2477 3836 2554 3903 et]
2598 3837 2682 3887 est
2717 3832 2837 3887 ΡΝ

541 3928 569 3988 ξ
616 3922 666 3975 Τ
699 3938 801 3975 om.
838 3921 918 3974 Vb
1029 3923 1062 3974 5
1099 3921 1197 3991 hec
1237 3921 1282 3976 S
1386 3924 1418 3976 9
1457 3925 1587 3976 sunt
1622 3922 1676 3974 P
1785 3923 1850 3976 10
1887 3923 1942 3975 in
1977 3923 2179 3977 israhel
2225 3925 2276 3977 V
2382 3924 2441 3977 11
2483 3924 2605 3977 saul
2641 3923 2751 3977 fuit
2784 3921 2835 3975 T

546 4013 611 4065 12
662 4028 779 4076 cum
828 4010 880 4062 V
920 4027 1023 4064 om.
1063 4010 1183 4064 de
1365 4012 1429 4064 15
1478 4010 1546 4064 ab
1595 4028 1696 4064 om.
1736 4011 1790 4063 P
1975 4013 2040 4067 16
2087 4015 2275 4081 atque]
2325 4012 2394 4065 ad
2439 4029 2600 4080 quem
2653 4010 2830 4066 PSV²

540 4099 764 4169 raguhel
813 4100 864 4152 V
894 4098 1100 4153 rahude
1138 4100 1169 4152 b
1315 4106 1440 4153 zara
1476 4100 1507 4152 b
1652 4099 1878 4168 raguhel
1914 4100 1978 4153 N
1985 4100 2036 4152 V
2068 4101 2272 4155 rabulis
2309 4100 2341 4154 b
2462 4101 2528 4154 17
2565 4100 2762 4153 balach
2799 4099 2831 4151 b

543 4189 611 4242 20
647 4191 959 4242 numeretur
997 4188 1027 4241 b
1175 4189 1240 4242 ab
1279 4205 1381 4243 om.
1418 4189 1475 4242 P
1580 4189 1649 4242 22
1685 4188 1798 4242 fere
1833 4189 1883 4242 Τ
1986 4191 2055 4243 24
2093 4191 2236 4243 sicut
2269 4191 2333 4244 N
2472 4189 2542 4254 ad
2578 4189 2745 4243 alium
2782 4189 2837 4242 P

542 4280 601 4331 et
637 4277 801 4330 alium
842 4277 893 4329 V
995 4277 1064 4331 25
1099 4279 1376 4332 mattheus
1419 4277 1574 4331 CPN
1590 4277 1696 4331 VT
1728 4278 1980 4332 matheus
2017 4277 2064 4331 S
2168 4281 2237 4332 26
2275 4284 2525 4332 numeret
2570 4277 2622 4329 V
2727 4280 2834 4333 alio

542 4367 598 4419 in
637 4365 827 4419 ordine
866 4366 979 4419 ΡΤ
1084 4367 1152 4420 27
1192 4365 1287 4419 sed
1324 4381 1425 4419 om.
1477 4366 1528 4418 V
