3076 4976
282 1695 330 1732 10

281 2231 330 2269 15

287 2766 337 2803 20

725 516 1206 581 Quaestionum
1244 517 1355 573 lib.
1395 517 1507 571 1111
1549 518 1834 587 (Quaest.
1876 519 1950 574 de
1988 520 2335 585 Numeris).
2534 526 2664 589 353

367 712 708 785 themanit;
759 732 900 776 nam
952 713 1003 777 si
1054 713 1548 791 anathemasset,
1589 713 1914 795 possidere
1962 714 2057 778 illi
2105 735 2225 780 non
2285 714 2505 780 liceret
2551 735 2664 781 nec

375 818 517 882 inde
567 819 642 882 ad
689 838 847 883 usus
907 839 1058 884 suos
1117 820 1357 901 aliquid
1413 820 1681 902 praedae
1742 823 2097 902 usurparet.
2174 822 2521 886 notandum
2570 826 2665 887 est

372 944 519 989 sane
586 926 1116 1008 quemadmodum
1186 928 1358 990 iusta
1421 927 1591 991 bella
1657 927 2054 1010 gerebantur.
2140 929 2428 993 innoxius
2497 930 2661 994 enim

367 1031 671 1095 transitus
731 1032 1099 1113 negabatur,
1158 1033 1265 1114 qui
1325 1034 1459 1096 iure
1517 1032 1827 1096 humanae
1886 1033 2211 1098 societatis
2279 1035 2664 1117 aequissimo

370 1143 581 1218 patere
648 1138 934 1203 debebat.
1014 1139 1125 1202 sed
1192 1140 1316 1203 iam
1383 1141 1456 1203 ut
1522 1139 1680 1203 deus
1750 1158 1865 1203 sua
1928 1140 2238 1222 promissa
2295 1141 2661 1225 compleret,

369 1243 618 1309 adiuuit
684 1244 785 1308 hic
851 1245 1248 1323 Israhelitas,
1326 1246 1558 1327 quibus
1624 1247 2150 1310 Amorrhaeorum
2223 1250 2454 1311 terram
2530 1248 2663 1313 dari

371 1352 719 1433 oportebat.
797 1372 940 1416 nam
987 1353 1190 1416 Edom
1240 1372 1385 1417 cum
1434 1354 1729 1417 similiter
1776 1354 1868 1417 eis
1915 1354 2251 1418 transitum
2305 1355 2659 1439 denegaret.

369 1477 491 1522 non
540 1463 986 1543 pugnauerunt
1033 1479 1175 1524 cum
1225 1460 1362 1543 ipsa
1411 1465 1596 1544 gente
1635 1460 2027 1535 Israhelitae,
2066 1461 2131 1524 id
2179 1465 2277 1525 est
2322 1461 2437 1525 filii
2474 1462 2662 1526 Iacob

371 1582 515 1629 cum
563 1566 712 1631 filiis
760 1568 950 1643 EsaU,
1001 1567 1269 1631 duorum
1320 1586 1758 1650 germanorum
1809 1573 1997 1650 atque
2045 1568 2462 1651 geminorum,
2514 1569 2663 1650 quia

369 1682 596 1742 terram
672 1674 844 1737 illam
913 1674 1262 1738 Israhelitis
1339 1693 1460 1738 non
1524 1674 1930 1756 promiserat3
2011 1675 2119 1738 sed
2187 1675 2662 1741 declinauerunt

369 1783 444 1846 ab
495 1783 606 1846 eis.

459 1889 647 1953 XLV.
731 1890 1142 1972 Propterea
1220 1889 1474 1952 dicent
1558 1888 2171 1973 aenigmatistae:
2260 1890 2513 1954 uenite
2589 1890 2659 1954 in

367 1997 659 2061 Esebon
709 2001 772 2060 et
821 2000 1046 2060 cetera.
1126 1996 1233 2078 qui
1284 1995 1409 2058 sint
1466 1995 1949 2078 aenigmatistae
2004 1995 2146 2059 ideo
2203 2016 2322 2061 non
2381 1996 2659 2079 adparet,

369 2104 515 2184 quia
571 2123 691 2167 non
750 2106 900 2168 sunt
957 2104 1016 2166 in
1077 2102 1531 2166 consuetudine
1588 2102 1983 2166 litteraturae
2041 2104 2292 2165 nostrae
2348 2122 2550 2185 neque
2598 2104 2660 2167 in

368 2210 524 2291 ipsis
593 2210 826 2273 diuinis
895 2209 1225 2290 scripturis
1291 2209 1420 2272 fere
1487 2207 1609 2271 alio
1677 2210 1815 2272 loco
1872 2208 2183 2289 reperitur
2235 2209 2355 2272 hoc
2412 2227 2659 2276 nomen.

370 2316 480 2380 sed
522 2317 668 2400 quia
707 2316 1004 2380 uidentur
1042 2315 1222 2397 quasi
1265 2315 1583 2378 canticum
1614 2314 1841 2391 dicere,
1876 2333 2000 2396 quo
2033 2314 2394 2378 cecinerunt
2421 2314 2660 2379 bellum

367 2425 531 2488 inter
566 2424 983 2488 Amon·liaeos
1034 2427 1098 2486 et
1133 2422 1449 2486 Moabitas
1498 2425 1775 2506 gestum,
1822 2420 1884 2484 in
1938 2440 2060 2504 quo
2101 2420 2264 2485 Seon
2303 2440 2405 2485 rex
2441 2423 2658 2487 Amor-

367 2531 698 2596 rhaeorum
746 2530 1060 2595 Moabitas
1110 2529 1456 2611 superauit,
1507 2547 1626 2593 non
1685 2528 2139 2593 incredibiliter
2192 2531 2496 2611 putantur
2550 2530 2659 2594 isti

368 2637 847 2722 aenigmatistae
896 2638 988 2701 sic
1035 2640 1187 2701 tunc
1237 2636 1558 2719 appellati,
1610 2655 1768 2718 quos
1816 2637 2035 2718 poetas
2082 2655 2197 2701 nos
2246 2636 2657 2718 appellamus,

368 2765 440 2809 eo
491 2745 658 2826 quod
703 2747 1036 2826 poetarum
1084 2744 1169 2807 sit
1217 2742 1606 2807 consuetudo
1657 2747 1846 2823 atque
1895 2742 2153 2806 licentia
2208 2745 2473 2806 miscere
2531 2763 2661 2807 car-

367 2850 646 2915 minibus
696 2851 830 2914 suis
881 2851 1239 2934 aenigmata
1286 2849 1664 2926 fabularum,
1716 2849 1947 2930 quibus
2005 2848 2245 2930 aliquid
2303 2849 2658 2933 significare

365 2958 834 3041 intellegantur.
885 2976 1007 3022 non
1058 2957 1221 3020 enim
1264 2956 1447 3020 aliter
1485 2960 1702 3020 essent
1740 2956 2116 3039 aenigmata,
2156 2955 2279 3019 nisi
2319 2960 2491 3020 esset
2525 2957 2657 3021 illic

365 3063 605 3145 tropica
663 3063 923 3138 locutio,
975 3082 1098 3144 qua
1154 3063 1445 3127 discussa
1499 3062 1934 3144 perueniretur
1981 3062 2058 3125 ad
2103 3061 2498 3126 intellectum
2549 3063 2657 3146 qui

363 3171 426 3234 in
476 3172 828 3253 aenigmate
875 3171 1173 3234 latitaret.

453 3277 675 3342 XLVI.
763 3277 948 3357 Quod
1033 3276 1188 3341 dicit
1272 3276 1610 3358 scriptura,
1694 3279 2109 3359 posteaquam
2185 3276 2427 3340 Israhel
2500 3276 2659 3340 uicit

362 3384 781 3450 Amorrhaeos
822 3388 886 3448 et
921 3383 1208 3467 possedit
1252 3402 1469 3447 omnes
1511 3382 1804 3447 ciuitates
1845 3402 2085 3462 eorum,
2119 3383 2372 3447 misisse
2410 3383 2656 3466 legatos

363 3490 553 3554 Balac
621 3511 836 3574 regem
904 3490 1329 3556 Moabitarum
1398 3489 1474 3552 ad
1543 3489 2022 3554 conducendum
2082 3489 2360 3566 Balaam,
2430 3510 2463 3553 a
2531 3509 2654 3571 quo

363 3596 844 3667 malediceretur
898 3597 1160 3674 Israhel,
1229 3596 1387 3661 satis
1455 3595 1813 3660 ostenditur
1878 3615 1997 3659 non
2068 3616 2281 3660 omnes
2338 3596 2654 3660 Moabitas

540 3858 572 3911 3
613 3857 678 3911 cf.
716 3857 878 3914 Num.
916 3857 1004 3918 21,
1045 3858 1256 3910 21-23
1334 3859 1399 3911 12
1439 3856 1599 3910 Num.
1638 3858 1724 3921 21,
1764 3858 1831 3911 27
1911 3858 1974 3911 17
2015 3856 2082 3910 cf.
2122 3857 2283 3913 Num.
2323 3857 2408 3922 21,
2439 3857 2653 3911 27—30

360 3949 430 4001 25
470 3947 535 4001 cf.
573 3945 733 4002 Num.
774 3948 859 4008 22,
896 3948 1037 4000 2-6

437 4072 461 4124 1
505 4072 550 4125 si
590 4089 679 4125 eas
719 4071 793 4125 bd
936 4071 1222 4141 possedere
1267 4071 1314 4125 C
1435 4073 1467 4126 3
1506 4072 1656 4124 iuxta
1699 4070 1751 4123 T
1871 4073 1907 4125 4
1946 4071 2277 4140 aequissima
2320 4070 2367 4123 C
2489 4071 2521 4122 6
2561 4069 2653 4122 ad·

361 4160 516 4213 iuuet
558 4159 604 4214 0
744 4161 831 4214 hic
869 4177 971 4218 om.
1013 4160 1181 4213 PVT
1320 4165 1464 4214 terra
1501 4160 1612 4213 PT
1728 4161 1758 4213 7
1798 4159 2023 4229 degaret
2061 4158 2124 4212 N
2248 4160 2313 4212 12
2352 4158 2653 4227 inenigma-

359 4249 492 4302 tiste
532 4249 576 4301 C
686 4249 751 4303 13
791 4249 957 4303 sebon
995 4248 1172 4303 PSW
1316 4252 1444 4302 sunt
1479 4248 1546 4302 N
1653 4250 1716 4302 16
1756 4249 1973 4303 uidetur
2019 4249 2071 4301 V
2189 4249 2252 4301 17
2293 4263 2567 4300 amorreus
2614 4246 2661 4300 C

357 4337 429 4387 22
466 4337 580 4391 illic
618 4342 760 4392 esset
789 4338 1032 4392 1³1⁷de
1174 4338 1242 4392 23
1284 4338 1396 4408 qui]
1437 4338 1565 4406 quia
1602 4337 1663 4390 N
1806 4339 1877 4391 24
1912 4338 2146 4392 laterent
2190 4337 2235 4391 C
2358 4336 2425 4389 27
2464 4335 2657 4389 balaac

357 4424 716 4480 CPSN1‘1T2
897 4426 1108 4481 baalam
1156 4427 1203 4480 C
1235 4427 1410 4481 balam
1452 4426 1571 4480 ΡΝ

469 4550 659 4592 xxvm
693 4553 810 4602 Aug.
841 4556 954 4593 sect.
985 4553 1054 4593 111
1085 4563 1190 4603 pars
1219 4553 1243 4592 3
2441 4532 2509 4584 23
