3076 4976
402 479 532 542 338
1119 474 1170 527 S.
1228 472 1506 527 Aureli
1560 472 1996 542 Augustini

404 671 647 735 medio
698 674 1133 735 exustorum
1183 674 1256 734 et
1301 668 1552 753 ignem
1600 668 1928 733 alienum
1976 669 2172 734 hunc
2242 667 2530 732 semina
2576 668 2700 743 ibi,

406 778 583 859 quia
657 776 1353 842 sanctificauerunt
1435 775 1786 840 turibula
1866 780 2359 858 peccatorum
2442 776 2702 839 horum

407 885 481 949 in
534 884 928 949 animabus
978 883 1168 959 suis;
1220 886 1293 947 et
1338 883 1454 946 fac
1503 901 1585 946 ea
1630 882 1950 947 laminas
2000 882 2332 946 ductiles
2393 881 2700 947 circum-

406 991 869 1074 positionem
919 990 1166 1063 altari,
1208 989 1560 1071 quoniam
1601 988 1853 1052 oblata
1897 994 2074 1052 sunt
2112 992 2284 1053 ante
2326 988 2701 1052 dominum

407 1102 480 1163 et
527 1097 1025 1162 sanctificata
1072 1101 1252 1161 sunt
1298 1100 1370 1160 et
1416 1097 1622 1160 facta
1683 1101 1860 1160 sunt
1906 1096 1977 1159 in
2027 1097 2327 1180 signum
2374 1096 2447 1159 in
2494 1095 2698 1159 filiis
2770 1116 2797 1158 5

405 1204 718 1270 Israhel.
783 1205 903 1268 hoc
967 1205 1109 1269 loco
1177 1222 1290 1267 cur
1354 1222 1475 1268 non
1544 1202 1622 1266 ad
1692 1203 1954 1286 Moysen
2022 1208 2086 1267 et
2149 1204 2357 1267 Aaron
2427 1203 2595 1266 sicut
2642 1202 2704 1266 in

405 1310 837 1394 superioribus
879 1310 1171 1374 dominus
1208 1310 1466 1375 locutus
1508 1309 1612 1386 sit,
1655 1309 1767 1374 sed
1807 1309 1885 1373 ad
1923 1310 2184 1392 Moysen
2227 1312 2290 1373 et
2329 1309 2407 1373 ad
2445 1310 2707 1373 Eleazar

404 1418 606 1482 filium
672 1417 904 1494 Aaron,
970 1418 1126 1480 haec
1191 1416 1350 1480 mihi
1425 1435 1616 1480 causa
1690 1416 1945 1480 interim
2022 1416 2327 1480 occurrit:
2407 1415 2703 1497 quoniam

406 1524 694 1608 quaestio
764 1526 896 1587 erat
943 1522 1017 1587 de
1064 1523 1365 1607 progenie
1431 1522 1854 1600 sacerdotum,
1904 1522 1969 1587 id
2016 1526 2114 1586 est
2162 1521 2237 1586 de
2286 1542 2409 1605 quo
2479 1541 2704 1605 genere

408 1649 546 1695 esse
597 1629 899 1694 deberent
945 1665 1029 1675 —
1077 1629 1242 1693 unde
1288 1628 1383 1693 illi
1433 1648 1504 1692 ex
1554 1629 1677 1694 alio
1728 1647 1976 1712 genere,
2027 1629 2175 1711 quia
2221 1628 2346 1692 sibi
2393 1647 2698 1711 usurpare
2743 1652 2797 1691 ιο

408 1736 835 1802 sacerdotium
911 1736 1050 1798 ausi
1125 1738 1295 1812 sunt,
1372 1739 1503 1800 tam
1578 1734 1884 1799 horrendo
1936 1739 2001 1799 et
2044 1735 2322 1799 mirabili
2389 1735 2703 1816 supplicio

408 1844 732 1926 perierunt
778 1879 864 1888 —
912 1861 1031 1907 non
1081 1841 1159 1904 ad
1213 1842 1441 1918 Aaron,
1491 1842 1600 1924 qui
1647 1842 1773 1905 iam
1843 1860 2135 1906 summus
2204 1841 2498 1906 sacerdos
2550 1846 2702 1917 erat,

409 1949 520 2014 sed
568 1950 646 2014 ad
691 1950 955 2014 Eleazar
1016 1948 1228 2011 uoluit
1291 1948 1469 2029 loqui
1537 1948 1716 2026 deus,
1767 1949 1875 2031 qui
1923 1948 1981 2012 ei
2028 1948 2369 2013 succedere
2436 1948 2706 2012 debebat

408 2060 472 2121 et
535 2055 812 2120 secundo
879 2055 1006 2118 iam
1075 2054 1426 2119 sacerdotio
1490 2054 1897 2139 fungebatur,
1963 2058 2037 2119 ut
2084 2074 2155 2119 eo
2222 2055 2409 2119 modo
2477 2055 2704 2119 seriem

408 2162 653 2247 generis
703 2161 1176 2237 commendarit,
1225 2181 1384 2244 quae
1430 2162 1494 2226 in
1545 2162 2064 2226 successionibus
2113 2162 2516 2227 sacerdotum
2562 2180 2702 2226 esse
2743 2185 2797 2225 15

408 2269 682 2334 deberet.
758 2268 922 2332 unde
1000 2268 1190 2332 etiam
1255 2269 1318 2332 in
1384 2269 1922 2350 consequentibus
1999 2268 2183 2332 dicit:
2263 2273 2337 2332 et
2409 2266 2705 2349 accepit

407 2376 719 2440 Eleazar
764 2374 985 2439 filius
1032 2377 1277 2439 Aaron
1320 2374 1749 2440 sacerdotis
1789 2375 2133 2439 turibula
2173 2393 2387 2439 aerea
2426 2378 2705 2456 quanta

410 2482 857 2549 obtulerunt
904 2481 1030 2563 qui
1094 2481 1341 2546 exusti
1390 2485 1569 2546 sunt
1615 2485 1688 2546 et
1735 2481 2031 2546 addidit
2079 2502 2159 2546 ea
2217 2481 2703 2565 circumposi-

407 2591 697 2654 tionem
732 2589 980 2662 altari,
1021 2589 1456 2652 memoriale
1497 2589 1696 2653 filiis
1737 2590 2050 2666 Israhel,
2090 2595 2350 2654 utnon
2392 2587 2706 2653 accedat

410 2695 811 2777 quisquam
877 2694 1324 2777 alienigena,
1393 2694 1704 2777 quinon
1775 2699 1892 2760 est
1939 2696 2024 2760 de
2091 2696 2374 2760 semine
2440 2697 2799 2772 Aaron,2o

408 2802 766 2884 inponere
834 2801 1221 2866 incensum
1290 2804 1457 2865 ante
1525 2801 1934 2877 dominum3
1984 2807 2059 2866 et
2105 2821 2240 2867 non
2292 2803 2436 2867 erit
2501 2801 2705 2867 sicut

411 2907 593 2973 Core
671 2910 742 2971 et
817 2907 1021 2972 sicut
1097 2907 1566 2990 conspiratio
1644 2908 1827 2984 eiua,
1906 2908 2112 2972 sicut
2193 2908 2502 2973 locutus
2587 2911 2705 2972 est

411 3014 753 3078 dominus
804 3013 874 3077 in
914 3032 1130 3078 manu
1170 3014 1432 3096 Moysi.
1473 3014 1593 3079 hoc
1633 3014 1820 3079 modo
1862 3034 2009 3098 ergo
2051 3015 2260 3079 uoluit
2296 3035 2408 3099 per
2446 3016 2705 3079 Eleazar

409 3120 566 3185 deus
614 3139 736 3185 non
787 3119 1231 3196 sacerdotium,
1283 3120 1452 3202 quod
1498 3121 1626 3184 iam
1674 3125 1810 3185 erat
1854 3121 1917 3184 in
1976 3123 2205 3197 Aaron,
2274 3122 2385 3186 sed
2452 3139 2705 3185 succes·

409 3227 607 3292 sionis
656 3225 1064 3291 sacerdotalis
1111 3227 1475 3310 progeniem
1526 3227 1983 3294 commendare.
2036 3229 2204 3309 quod
2252 3248 2401 3292 uero
2462 3228 2580 3292 ait:
2631 3233 2705 3292 et
2742 3256 2798 3295 25

407 3332 653 3416 ignem
703 3332 1030 3396 alienum
1077 3333 1271 3397 hunc
1318 3334 1601 3397 semina
1646 3333 1771 3409 ibi,
1840 3343 2141 3417 „sparge“
2206 3334 2702 3419 intellegendum

410 3444 528 3505 est.
605 3442 669 3503 et
743 3438 913 3520 quod
986 3438 1256 3503 addidit:
1335 3439 1510 3521 quia
1585 3439 2283 3506 sanctificauerunt
2358 3441 2705 3506 turibula

410 3549 893 3629 peccatorum
950 3545 1210 3611 horum
1258 3547 1327 3610 in
1377 3546 1767 3610 animabus
1825 3546 2007 3622 suiS‚
2065 3547 2386 3612 locutione
2447 3547 2702 3630 quidem

405 3652 713 3716 inusitata
779 3671 1072 3733 expressa
1137 3652 1448 3716 sententia
1495 3656 1621 3726 est;
1692 3651 1802 3717 sed
1869 3653 2215 3718 notandum
2280 3673 2445 3718 nouo
2514 3655 2701 3720 modo

589 3826 651 3878 11
693 3825 759 3879 cf.
801 3825 961 3879 Num.
1003 3825 1088 3888 16,
1129 3826 1212 3879 31.
1254 3826 1323 3878 32
1438 3828 1501 3879 16
1540 3823 1702 3879 Num.
1747 3826 1829 3893 16,
1869 3826 1953 3880 39.
1994 3827 2064 3881 40

481 3948 515 4000 3
571 3947 879 4016 animabus]
920 3948 1172 4002 manibus
1210 3947 1258 4002 S
1435 3967 1524 4003 eas
1563 3949 1780 4004 PSNV
1815 3968 1875 4004 ex
1925 3951 2002 4004 eis
2047 3951 2097 4004 T
2273 3951 2558 4004 lamminas
2598 3951 2710 4004 PV

408 4037 443 4090 4
480 4035 663 4090 ablata
697 4037 765 4090 N
832 4041 864 4091 5
904 4038 960 4090 in
996 4038 1093 4104 fin.
1133 4055 1233 4092 om.
1272 4039 1625 4092 PSNVde
1731 4039 1831 4092 filii
1869 4039 1934 4092 N
2001 4040 2031 4092 7
2074 4041 2375 4094 eleazarum
2412 4038 2705 4093 PSVde

414 4124 476 4177 13
518 4125 819 4179 eleazarum
858 4125 933 4181 bd
1117 4129 1179 4180 15
1220 4126 1620 4181 commendaret
1658 4127 1812 4182 PSN
1825 4129 2003 4182 1⁷de
2213 4129 2611 4183 successoribus
2657 4128 2709 4180 Τ

412 4213 477 4265 17
517 4230 647 4266 aron
695 4214 746 4265 V
834 4214 898 4267 18
940 4214 1392 4269 obtulleruneuan
1438 4217 1485 4271 Ο
1627 4233 1743 4270 eam
1784 4217 1969 4271 P¹SV
2038 4219 2102 4271 19
2142 4217 2329 4271 altaris
2357 4216 2703 4271 PSNVde

410 4302 480 4356 23
534 4318 663 4370 ergo
702 4302 862 4355 modo
901 4303 1020 4357 de
1163 4304 1462 4358 eleazarum
1502 4305 1578 4359 bd
1720 4307 1789 4359 28
1845 4306 2120 4359 locutione
2159 4322 2263 4361 om.
2302 4305 2348 4360 S
2453 4307 2521 4360 29
2579 4322 2701 4358 sen·

409 4391 587 4444 tentia
625 4407 875 4462 expressa
910 4392 976 4446 N
