3076 4976
466 515 598 577 394
1173 509 1226 562 S.
1286 508 1560 562 Aureli
1616 508 2052 578 Augustini

467 708 723 788 iamque
801 705 1037 787 epulati
1106 707 1254 768 sunt
1317 704 1392 768 de
1460 704 1732 769 nouellis
1800 704 2051 785 iamque
2125 705 2435 769 duxerunt
2499 722 2764 786 sponsas

472 832 623 877 suas
692 832 880 894 quam
938 811 1003 874 hi
1062 811 1170 892 qui
1226 811 1522 875 nondum.
1592 811 1702 875 sed
1761 811 2056 893 quoniam
2114 811 2212 875 his
2269 811 2459 876 rebus
2517 812 2768 875 tenetur

471 920 789 984 humanus
857 918 1143 982 adfectus
1204 921 1267 981 et
1322 917 1533 1000 magni
1591 918 1968 982 extimantur
2031 918 2183 982 haec
2243 918 2318 981 ab
2377 916 2765 996 hominibus,

471 1024 970 1109 intellegendum
1032 1027 1131 1087 est
1186 1024 1262 1087 ab
1310 1023 1430 1088 hoc
1491 1024 1611 1087 ista
1674 1023 1799 1087 dici
1846 1024 1908 1087 in
1958 1024 2199 1088 bellum
2254 1023 2766 1106 procedentibUS,

476 1137 549 1196 ut
604 1131 890 1215 quisquis
956 1130 1163 1194 animo
1230 1129 1330 1193 his
1388 1133 1641 1194 tenetur
1705 1130 2003 1211 adpareat
2068 1149 2212 1195 cum
2269 1130 2631 1208 reuertitur,
2689 1150 2768 1195 ne
2831 1150 2860 1187 ⁵

472 1244 731 1323 propter
778 1239 897 1303 hoc
946 1238 1157 1301 minus
1206 1237 1457 1301 fortiter
1503 1242 1669 1320 agat,
1721 1236 1868 1300 dum
1920 1236 2123 1315 timet,
2165 1257 2240 1301 ne
2280 1241 2423 1301 ante
2462 1237 2771 1302 moriatur

475 1365 662 1429 quam
742 1345 1000 1410 domum
1079 1344 1468 1408 dedicauerit
1532 1348 1644 1407 aut
1709 1344 1785 1408 de
1850 1345 2106 1409 nouella
2170 1363 2286 1409 sua
2361 1344 2592 1409 biberit
2658 1349 2770 1408 aut

475 1472 775 1536 sponsam
851 1471 1031 1515 suam
1108 1451 1369 1515 duxerit.
1449 1470 1590 1514 nam
1658 1451 1879 1532 utique
1946 1452 2257 1531 quantum
2326 1450 2404 1514 ad
2469 1451 2768 1515 feminam

476 1560 768 1643 pertinet,
837 1559 1067 1622 melius
1125 1557 1307 1621 alteri
1365 1558 1548 1621 nubit
1601 1557 1842 1620 intacta
1899 1576 2084 1639 quarn
2145 1557 2365 1632 uidua;
2425 1557 2534 1621 sed
2590 1557 2769 1633 haec,

478 1671 551 1729 ut
600 1666 744 1742 dixi,
795 1665 1089 1728 instituta
1138 1667 1287 1728 sunt
1333 1667 1587 1746 propter
1631 1664 1914 1727 uirorum
1964 1665 2207 1728 animos
2248 1663 2679 1746 explorandos
2811 1685 2865 1723 ιο

569 1773 832 1837 ΧΧΧΙΙ.
882 1770 1049 1836 Non
1099 1774 1331 1835 erunt
1379 1789 1575 1835 uasa
1621 1769 1782 1834 uiri
1833 1790 2076 1852 super
2120 1770 2573 1835 mulierem:
2614 1790 2772 1834 uasa

479 1879 711 1943 bellica
767 1879 910 1943 uult
964 1878 1275 1961 intellegi,
1333 1878 1395 1940 id
1454 1882 1555 1941 est
1611 1897 1802 1943 arma.
1862 1897 2004 1941 narn
2074 1876 2329 1959 quidam
2401 1877 2591 1941 etiam
2650 1878 2771 1941 hoc

480 1985 879 2068 interpretati
929 1990 1095 2049 sunt.

570 2091 865 2157 XXXIII.
927 2090 1007 2156 Si
1055 2094 1319 2155 autem
1370 2090 1554 2172 quis
1603 2091 2019 2173 acceperit
2067 2110 2387 2154 uxorem
2436 2093 2513 2154 et
2560 2089 2775 2153 habi-

482 2198 803 2263 tauerit
861 2217 1028 2262 cum
1080 2217 1164 2262 ea
1223 2200 1299 2261 et
1357 2197 1626 2262 oderit
1683 2216 1844 2261 eam
1905 2201 1981 2261 et
2038 2197 2376 2280 inponat
2430 2196 2499 2260 ei
2558 2214 2773 2261 occa·
2816 2218 2867 2257 ιε

483 2306 747 2370 sionis
814 2305 1061 2369 uerba
1126 2308 1202 2369 et
1267 2304 1676 2368 detulerit
1742 2303 1810 2367 ei
1858 2322 2138 2368 nomen
2208 2302 2649 2387 malignum
2699 2306 2776 2366 et

487 2412 812 2476 dixerit:
862 2411 1282 2476 mulierem
1329 2412 1526 2475 hanc
1577 2410 1984 2494 accepiet
2030 2409 2429 2474 accedens
2478 2407 2569 2473 ad
2610 2428 2774 2473 eam

483 2539 628 2583 non
709 2519 990 2584 inueni
1067 2518 1243 2582 eius
1319 2517 1802 2601 uirginalia,
1880 2520 1960 2581 et
2042 2517 2462 2600 accipiens
2546 2520 2780 2599 pater

483 2627 813 2703 puellae
864 2629 940 2689 et
986 2628 1241 2689 mater
1285 2623 1742 2707 producent
1799 2623 2256 2707 uirginalia
2311 2623 2636 2705 puellae
2685 2621 2776 2686 ad

483 2735 853 2797 senatum
913 2731 1004 2794 ad
1060 2735 1371 2813 portam
1441 2734 1518 2793 et
1567 2730 1789 2795 dicet
1843 2734 2079 2812 pater
2132 2729 2460 2812 puellae
2519 2729 2772 2794 senio·
2811 2751 2866 2790 20

484 2840 744 2904 ribus:
794 2838 1061 2902 filiam
1108 2857 1353 2902 meam
1404 2837 1602 2901 hanc
1652 2837 1839 2901 dedi
1879 2836 2182 2901 homini
2221 2837 2411 2901 huic
2451 2855 2775 2900 uxorem

484 2952 563 3010 et
604 2945 784 3009 odio
825 2945 1129 3009 habens
1171 2963 1333 3008 eam
1373 2944 1550 3026 ipse
1589 2962 1793 3008 nunc
1832 2943 2155 3024 inponit
2195 2942 2267 3006 ei
2306 2942 2775 3007 occasionis

488 3052 732 3117 uerba
796 3052 1103 3117 dicens:
1171 3070 1317 3115 non
1387 3051 1671 3115 inueni
1737 3050 1972 3115 filiae
2038 3055 2223 3114 tuae
2289 3049 2774 3134 uirginalia,

486 3163 564 3223 et
631 3159 875 3223 haece
950 3157 1406 3241 uirginalia
1480 3157 1710 3222 filiae
1788 3176 2022 3221 meae.
2100 3161 2178 3221 et
2250 3156 2777 3239 replicabunt

485 3266 832 3347 pallium
865 3284 1125 3329 coram
1159 3263 1496 3329 senibus
1529 3263 2322 3341 ciuitatisillius,et
2360 3262 2776 3344 accipient
2812 3282 2863 3320 25

488 3391 720 3437 senes
798 3371 1185 3436 ciuitatis
1262 3370 1505 3434 illius
1582 3370 1978 3435 hominem
2058 3370 2295 3433 illum
2374 3372 2452 3433 et
2538 3367 2775 3433 casti-

488 3480 794 3563 gabunt
856 3497 1026 3542 eum
1085 3481 1162 3542 et
1218 3477 1875 3541 damnificabunt
1934 3495 2106 3542 eum
2155 3478 2481 3541 centum
2535 3474 2774 3540 siclis

490 3589 568 3650 et
652 3585 964 3649 dabunt
1043 3585 1260 3667 patri
1346 3583 2053 3660 adulescentulae‚
2140 3583 2330 3665 quia
2420 3580 2776 3665 protulit

489 3711 767 3757 nomen
799 3692 1092 3756 malum
1125 3710 1368 3773 super
1397 3690 1802 3774 uirginem
1833 3687 2774 3771 Israhelitem3etipsius

487 3800 649 3863 erit
730 3818 945 3875 uxor,
1032 3817 1180 3863 non
1258 3798 1573 3879 poterit
1655 3795 2078 3861 dimittere
2154 3816 2316 3861 eam
2382 3797 2864 3877 perpetuom>

672 3975 730 4026 11
776 3973 941 4026 Dent.
982 3971 1069 4035 22,
1109 3974 1141 4026 5
1254 3973 1321 4024 14
1360 3971 1524 4024 Deut.
1565 3971 1652 4032 22,
1696 3971 1901 4024 13—21

565 4081 589 4133 1
633 4079 862 4132 nouellis
903 4079 1015 4131 suis
1051 4077 1118 4131 N
1210 4079 1242 4131 3
1284 4077 1639 4130 aestimantur
1674 4074 2021 4129 PSVUde
2128 4072 2373 4126 omnibns
2410 4070 2470 4124 N
2558 4070 2594 4124 6
2629 4069 2774 4136 ante]

490 4170 630 4222 forte
659 4168 725 4221 N
814 4168 878 4220 18
908 4184 969 4221 ac
1001 4166 1269 4234 accipiens
1299 4166 1349 4219 T
1371 4170 1428 4230 et
1455 4165 1723 4235 accipiens
1752 4164 1804 4216 V
1891 4165 1956 4216 19
1995 4160 2349 4232 ati—puellae
2386 4178 2489 4216 om.
2516 4160 2614 4215 PS
2625 4158 2731 4212 1⁷1?
2735 4158 2782 4210 T

489 4260 560 4313 20
608 4257 880 4325 senatum]
931 4257 1169 4309 seniores
1209 4255 1281 4308 bd
1433 4256 1502 4308 22
1548 4254 1776 4323 inponet
1808 4252 1941 4305 ΡΗ*
1988 4253 2268 4320 imponens
2307 4249 2353 4304 S
2499 4250 2571 4302 24
2614 4248 2776 4301 haece

488 4347 710 4416 scripsi:
752 4363 873 4399 ecce
915 4345 1044 4399 libri
1115 4345 1186 4397 25
1223 4344 1372 4398 illins
1410 4358 1514 4397 om.
1552 4342 1614 4395 N
1699 4344 1767 4396 26
1805 4340 1952 4394 illius
1990 4357 2091 4394 om.
2130 4338 2482 4394 PSI'Ude
2551 4338 2618 4390 27
2658 4352 2775 4389 eum

485 4438 645 4506 prius
681 4453 781 4490 om.
822 4435 868 4490 S
971 4435 1038 4488 29
1077 4434 1411 4487 israhelitam
1448 4432 1512 4484 N
