3076 4976
416 512 545 574 226
1116 508 1167 561 S.
1226 506 1498 561 Aureli
1556 506 1995 575 Augustini

414 704 541 766 tale
590 705 714 767 alia
761 704 995 768 decem.
1045 702 1278 786 uiginti
1327 702 1491 766 enim
1542 705 1691 766 sunt
1734 701 2169 778 bina-decem,
2228 700 2378 783 quia
2421 701 2551 764 ueli
2599 719 2713 763 un-

416 809 643 874 decimi
720 810 935 875 cubita
1005 810 1270 893 triginta
1343 808 1767 891 duplicatione
1841 812 1902 872 et
1978 809 2372 873 subtectione
2449 808 2525 871 ab
2592 807 2711 870 hoc

417 919 660 983 ambitu
709 917 1140 982 detrahuntur.

511 1026 611 1088 17.
655 1024 778 1089 Sed
816 1024 1111 1107 quoniam
1153 1024 1218 1087 id
1257 1022 1426 1105 quod
1463 1023 1661 1087 latine
1699 1023 2177 1105 interpretatum
2209 1024 2339 1086 est:
2374 1021 2711 1086 cubitum

420 1150 502 1196 ex
560 1131 699 1197 hoc
759 1135 831 1195 et
888 1131 1224 1197 cubitum
1288 1149 1368 1194 ex
1426 1130 1564 1193 hoc
1623 1149 1702 1193 ex
1761 1148 1841 1193 eo
1901 1129 2095 1211 quod
2153 1132 2461 1211 superat
2517 1128 2714 1193 uelis
2782 1150 2810 1186 ⁵

419 1238 505 1302 de
569 1238 1057 1323 longitudine
1122 1239 1469 1301 uelorum
1537 1235 2019 1300 tabernaculi
2083 1236 2229 1300 erit
2303 1239 2715 1320 contegens

420 1365 644 1429 super
687 1347 929 1410 latera
974 1344 1475 1419 tabernaculi,
1519 1361 1784 1426 graecus
1824 1342 2016 1406 habet
2052 1341 2295 1423 πλάγια,
2336 1362 2496 1425 quae
2535 1342 2715 1408 latini

418 1453 704 1517 nonnulli
778 1472 897 1517 non
984 1453 1295 1528 „latera“
1388 1450 1500 1515 sed
1593 1449 1976 1531 „obliqua“
2067 1450 2461 1532 interpretati
2545 1454 2716 1524 sunt,

418 1561 643 1624 merito
707 1562 943 1635 mouet,
1007 1559 1154 1641 quia
1219 1558 1341 1623 etsi
1405 1557 1562 1621 nihil
1637 1558 1740 1621 hic
1813 1557 2107 1621 uideatur
2181 1557 2530 1639 obliquum,
2608 1557 2716 1620 ubi

421 1686 636 1730 omnes
694 1666 911 1750 anguli
958 1669 1260 1748 quattuor
1302 1665 1576 1729 laterum
1623 1664 1779 1729 recti
1829 1668 1997 1740 suut,
2045 1664 2267 1745 πλάγια
2323 1670 2530 1728 tamen
2595 1663 2720 1728 dici
2763 1689 2812 1724 ιο

417 1775 617 1838 latera
673 1773 784 1836 illa
841 1792 959 1837 non
1017 1776 1310 1854 possunt,
1371 1792 1636 1854 quorum
1697 1791 1894 1836 unum
1952 1774 2052 1835 est
2106 1771 2168 1834 in
2218 1772 2398 1848 facie,
2450 1771 2719 1834 alterum

420 1884 605 1955 retr0‚
654 1879 720 1943 id
768 1883 869 1944 est
915 1879 1216 1944 orientale
1267 1882 1332 1942 et
1378 1878 1788 1956 occidentale,
1838 1877 1950 1942 sed
1997 1878 2218 1959 πλάγια
2267 1878 2391 1941 dici
2448 1868 2721 1960 possunt

421 2005 457 2049 a
503 1985 715 2051 dextro
767 1989 830 2051 et
876 1986 1156 2063 sinistro,
1204 1987 1270 2050 id
1317 1991 1417 2050 est
1463 1985 1852 2066 aquilonium
1903 1990 1966 2050 et
2013 1985 2323 2050 australe:
2374 2004 2517 2049 cum
2568 2004 2715 2068 ergo

421 2112 541 2157 non
602 2094 730 2156 sint
786 2112 861 2157 ea
914 2092 1156 2171 πλάγια,
1216 2112 1373 2174 quae
1431 2092 1666 2156 habent
1714 2092 1926 2157 cubita
1975 2092 2436 2175 quinquagena,
2485 2092 2716 2174 quibus

418 2199 727 2263 lateribus
767 2199 1055 2283 tegendis
1093 2198 1393 2282 proficere
1431 2199 1720 2281 potuisse
1761 2199 2031 2263 diximus
2081 2204 2479 2281 superantem
2519 2198 2722 2282 longi·
2768 2216 2818 2254 ιε»

421 2305 709 2369 tudinem
738 2306 1212 2387 capillaciorum
1246 2306 1555 2381 uelorum,
1588 2306 1903 2388 quomodo
1937 2306 2056 2369 erit
2082 2325 2339 2369 uerum:
2382 2304 2720 2369 cubitum

427 2430 507 2475 ex
555 2413 696 2477 hoc
744 2417 818 2476 et
866 2412 1207 2476 cubitum
1258 2432 1335 2476 ex
1385 2412 1524 2475 hoc
1574 2433 1652 2476 ex
1694 2432 1774 2477 eo
1818 2413 2010 2495 quod
2051 2416 2362 2496 superat
2399 2411 2596 2477 uelis
2636 2411 2719 2474 de

426 2520 914 2604 longitudine
956 2521 1294 2583 uelorum
1334 2521 1813 2585 tabernaculi
1855 2522 1998 2584 erit
2036 2522 2446 2603 contegens
2496 2535 2721 2602 super

423 2627 668 2691 latera
713 2626 1237 2691 tabernaculi?
1288 2626 1397 2690 sed
1447 2627 1741 2691 nimirum
1795 2627 1869 2691 de
1917 2627 2045 2690 illis
2083 2627 2389 2690 lateribus
2430 2627 2720 2710 tegendis

425 2733 728 2814 loquitur,
787 2752 946 2816 quae
1005 2733 1198 2796 etiam
1254 2733 1438 2796 dorsa
1494 2733 1774 2815 appellat
1838 2734 2295 2815 quindenorum
2362 2734 2720 2797 cubitorum
2760 2749 2815 2788 εὑ

427 2841 988 2921 columnarumque
1026 2844 1366 2915 ternarum,
1410 2860 1568 2921 quae
1611 2861 1750 2903 cum
1795 2845 1977 2923 porta
2015 2841 2154 2904 atrii
2195 2840 2467 2904 habente
2507 2841 2723 2906 cubita

425 2946 658 3029 uiginti
717 2949 781 3009 et
827 2946 1152 3010 columnas
1201 2950 1501 3029 quattuor
1548 2947 2006 3031 quinquaginta
2055 2948 2351 3032 conplent
2398 2949 2613 3012 cubita
2659 2952 2723 3012 et

428 3054 754 3117 columnas
814 3051 1052 3116 decem.
1110 3053 1266 3117 haec
1313 3055 1510 3117 latera
1558 3073 1627 3116 ex
1675 3054 1821 3117 istis
1871 3055 2004 3118 suis
2053 3055 2283 3118 finibus
2332 3055 2391 3118 in
2440 3055 2721 3118 medium

429 3163 778 3241 posuerunt
845 3159 986 3222 atrii
1053 3163 1318 3239 portam,
1387 3180 1455 3224 ex
1522 3161 1653 3224 illis
1720 3167 1929 3224 autem
2001 3162 2237 3225 ostium
2293 3161 2717 3236 tabernaculi3

426 3265 589 3328 inter
623 3270 869 3348 portam
910 3265 1050 3329 atrii
1090 3270 1154 3331 et
1192 3267 1426 3330 ostium
1466 3268 1851 3332 tabernaculi
1891 3268 2166 3350 spatium
2199 3269 2383 3348 iacet,
2415 3272 2717 3350 quantum
2758 3283 2816 3322 2⁵

429 3372 644 3435 cubita
714 3372 826 3436 illa
899 3373 1287 3437 concludunt
1360 3374 1587 3458 uiginti
1664 3393 1700 3436 a
1761 3377 1941 3456 porta
2008 3378 2070 3438 et
2135 3374 2348 3439 dextra
2411 3376 2719 3456 laeuaque

430 3479 762 3561 quindena.
840 3481 901 3544 in
979 3500 1049 3544 eo
1127 3480 1332 3564 spatio
1411 3485 1510 3545 est
1584 3482 1777 3545 altare
1860 3482 2480 3546 holocaustomatum
2559 3484 2720 3545 intra

428 3588 673 3666 portam
721 3586 862 3649 atrii
912 3590 1052 3650 ante
1101 3587 1333 3651 ostium
1383 3587 1803 3662 tabernaculi3
1846 3591 1909 3652 et
1946 3589 2110 3652 inter
2146 3590 2339 3652 altare
2382 3592 2445 3652 et
2483 3589 2719 3653 ostium

430 3695 819 3757 tabernaculi
875 3694 1120 3757 labrum
1180 3714 1451 3771 aereum,
1511 3695 1620 3758 ubi
1682 3696 2041 3780 sacerdotes
2108 3715 2330 3759 manus
2399 3701 2463 3759 et
2525 3696 2718 3778 pedes

607 3852 642 3902 4
681 3850 771 3903 Ex.
814 3851 899 3914 26,
943 3852 1006 3903 13

507 3977 529 4027 1
575 3976 721 4045 sunt]
762 3976 898 4028 fiunt
935 3975 1217 4029 PSVTod
1327 3978 1456 4044 uelij
1501 3978 1585 4030 uel
1624 3976 1807 4030 P¹SV
1911 3978 2155 4031 undecim
2196 3977 2241 4031 S
2359 3979 2392 4031 3
2430 3978 2720 4030 trahuntur

432 4064 611 4117 P¹SV
735 4068 768 4117 4
827 4065 1009 4118 cubito
1056 4065 1101 4117 0
1234 4070 1264 4118 5
1322 4065 1501 4118 cubito
1550 4067 1595 4119 Ο
1719 4068 1749 4119 7
1801 4067 1983 4135 plagia
2032 4068 2227 4129 (sicin
2263 4071 2426 4135 seqq.)
2472 4066 2729 4120 CPSVY

431 4155 462 4206 9
502 4154 588 4206 hic
627 4172 727 4208 om.
775 4154 820 4207 C
965 4157 1028 4208 13
1069 4173 1098 4206 a
1137 4156 1358 4207 sinist-ro
1399 4155 1472 4207 bd
1619 4157 1683 4208 14
1724 4156 2121 4224 quinquaginta
2160 4156 2208 4208 V
2348 4158 2412 4209 16
2452 4156 2632 4209 cubito
2679 4156 2724 4209 C

437 4245 498 4295 17
531 4245 713 4296 cubito
751 4244 796 4296 C
873 4245 932 4295 18
963 4244 1306 4312 longitudino
1343 4245 1389 4296 C
1462 4247 1525 4297 19
1556 4245 1786 4297 latribus
1817 4245 1861 4298 S
1932 4247 1997 4298 23
2026 4245 2079 4298 in
2107 4262 2209 4299 om.
2248 4246 2293 4298 C
2399 4245 2574 4299 medio
2605 4244 2723 4300 de

432 4334 500 4385 25
539 4333 669 4384 iacit
714 4332 759 4384 0
898 4332 964 4384 27
1016 4332 1813 4386 holocaustomatum—ostium
1852 4349 1952 4388 om.
1994 4333 2174 4388 P¹SV
2314 4335 2380 4387 28
2420 4339 2584 4403 atque
2621 4334 2720 4387 ho-

433 4422 597 4472 stium
635 4420 792 4474 PSV
