3076 4976
448 496 577 560 348
1155 490 1208 544 S.
1265 487 1543 543 Aureli
1599 487 2037 557 Augustini

452 684 1087 770 purificationis
1145 687 1222 749 et
1285 682 1714 748 effundent
1783 703 2025 765 super
2087 683 2323 747 illum
2381 720 2468 730 --
2524 683 2590 746 id
2645 686 2747 747 est

449 812 640 875 super
714 792 978 857 eundem
1059 791 1328 856 cinerem
1393 828 1480 838 -
1550 810 1830 873 aquam
1895 790 2165 855 uiuam
2230 790 2304 854 in
2373 809 2598 867 uase;
2667 794 2743 855 et

450 898 871 981 accipiens
928 899 1369 981 hyssopum
1425 898 1907 981 intinguens
1966 897 2040 961 in
2098 915 2303 979 aqua
2357 897 2486 961 uir
2540 917 2744 961 mun-

450 1006 596 1070 dus
665 1009 742 1069 et
808 1004 1575 1089 circumaspergens
1651 1022 1895 1087 super
1968 1003 2277 1068 domum
2353 1006 2432 1068 et
2505 1022 2745 1085 super

449 1129 648 1176 uasa
706 1113 788 1175 et
843 1130 1086 1192 super
1150 1111 1492 1188 animas,
1563 1112 1968 1192 quotquot
2020 1108 2335 1174 fuerint
2388 1109 2605 1187 illic,
2666 1112 2745 1173 et

451 1237 698 1300 super
765 1235 935 1281 eum
1002 1217 1138 1298 qui
1204 1216 1598 1300 tetigerit
1656 1234 1737 1280 os
1794 1216 2218 1280 humanum
2276 1219 2414 1280 aut
2469 1217 2744 1280 uulne-

446 1326 715 1387 ratum
764 1326 907 1387 aut
951 1326 1355 1388 mortuum
1404 1327 1542 1387 aut
1588 1324 2188 1387 monumentum
2238 1326 2314 1386 et
2360 1325 2745 1406 asperget

446 1429 792 1494 mundus
850 1448 1099 1511 super
1153 1429 1629 1492 inmundum
1671 1428 1846 1501 <in)
1891 1429 2012 1492 die
2062 1428 2321 1492 tertio
2371 1429 2568 1492 etin
2618 1428 2744 1492 die

448 1534 803 1618 septimo
862 1538 941 1599 et
1005 1535 1613 1617 purificabitur
1678 1534 1804 1598 die
1872 1535 2218 1617 septimo
2287 1538 2363 1599 et
2427 1534 2746 1599 lauabit

447 1642 946 1707 uestimenta
987 1660 1128 1706 sua
1167 1645 1245 1705 et
1280 1641 1712 1705 lauabitur
1750 1660 1953 1723 aqua
1991 1645 2069 1705 et
2113 1641 2546 1705 inmundus
2588 1641 2745 1705 erit

449 1768 707 1830 usque
773 1747 865 1812 ad
928 1767 1377 1831 uesperam.
1462 1747 1589 1812 alia
1653 1751 1752 1811 est
1817 1767 1978 1831 aqua
2043 1747 2427 1828 aspersionis
2495 1749 2562 1810 et
2624 1747 2747 1811 alia

454 1855 677 1937 utique
716 1854 847 1931 illa,
888 1874 1012 1935 qua
1046 1855 1292 1919 lauabit
1327 1855 1712 1919 uestimenta
1751 1874 1886 1919 sua.
1936 1856 2012 1919 et
2055 1853 2480 1918 lauabitur
2525 1872 2744 1935 aqua,

457 1979 645 2043 quam
702 1965 857 2044 puto
917 1961 1269 2043 spiritalem
1323 1960 1817 2045 intellegendam
1871 1981 1985 2044 per
2030 1960 2578 2044 significationem,
2625 1979 2746 2023 non

447 2086 560 2150 per
622 2068 1093 2152 proprietatem.
1177 2087 1319 2132 nam
1392 2067 1527 2131 sine
1594 2068 1786 2133 dubio
1852 2068 2130 2132 nisibilis
2188 2071 2321 2132 erat
2378 2068 2547 2131 sicut
2599 2067 2746 2131 illae

451 2193 668 2239 omnes
724 2175 984 2240 umbrae
1040 2174 1421 2239 futurorum.
1496 2174 1757 2256 proinde
1822 2175 1930 2257 qui
1995 2177 2388 2239 sacramento
2443 2173 2745 2256 baptismi

450 2283 622 2346 recte
657 2281 957 2359 abluitur,
993 2281 1161 2363 quod
1198 2281 1312 2347 illa
1348 2282 1733 2364 aspersionis
1773 2300 1935 2363 aqua
1965 2281 2373 2366 figurabatur,
2404 2280 2749 2345 mundatur

452 2392 515 2453 et
564 2388 952 2472 spiritaliter,
1001 2388 1070 2452 id
1116 2392 1215 2453 est
1260 2388 1675 2453 inuisibiliter
1721 2391 1786 2452 et
1832 2388 1891 2452 in
1945 2405 2127 2452 carne
2175 2392 2240 2452 et
2283 2388 2346 2451 in
2396 2387 2626 2462 anima,
2673 2391 2748 2451 ut

448 2497 533 2561 sit
586 2496 864 2560 mundus
922 2501 987 2561 et
1042 2515 1302 2579 corpore
1362 2499 1426 2561 et
1483 2497 1734 2580 spiritu.
1815 2497 1986 2578 quod
2043 2514 2192 2560 uero
2251 2497 2531 2580 hyssopo
2590 2494 2746 2559 dixit

447 2622 673 2684 aquam
742 2601 1126 2684 aspersionis
1194 2601 1466 2686 aspergi,
1523 2622 1650 2684 qua
1712 2602 1907 2667 herba
1969 2622 2163 2686 supra
2217 2601 2489 2666 diximus
2554 2600 2742 2665 fidem

2784 1666 2838 1705 10

2786 2201 2840 2240 15

451 2707 813 2793 significari,
872 2707 1027 2790 quid
1082 2707 1256 2773 aliud
1314 2709 1591 2774 occurrit
1645 2709 1769 2774 nisi
1815 2710 1984 2792 quod
2031 2709 2341 2793 scriptum
2389 2710 2521 2773 est:
2579 2707 2743 2771 fide
2777 2733 2833 2773 ευ

447 2814 837 2878 mundans
887 2813 1130 2879 corda
1176 2820 1490 2880 eorum?
1567 2835 1688 2881 non
1739 2817 1904 2881 enim
1951 2817 2211 2900 prodest
2256 2815 2637 2897 baptismuS,
2687 2814 2740 2878 si

451 2921 620 2985 desit
665 2921 843 2985 rides.
921 2941 956 2985 a
1002 2922 1141 2985 uiro
1192 2924 1404 2986 autem
1452 2923 1688 2988 mundo
1738 2923 1898 2989 dixit
1942 2924 2062 2988 hoc
2120 2923 2277 3002 fieri,
2334 2922 2445 2986 ubi
2503 2920 2742 3006 signifi·

450 3032 671 3092 cantur
724 3028 999 3092 ministri
1056 3032 1378 3111 portantes
1435 3050 1765 3114 personam
1827 3030 2065 3095 domini
2123 3031 2244 3106 sui,
2294 3029 2401 3112 qui
2449 3047 2597 3093 uere
2645 3028 2745 3092 uir

445 3134 720 3199 mundus
762 3138 880 3200 est.
931 3154 1073 3198 nam
1122 3138 1186 3199 et
1233 3134 1310 3200 de
1360 3136 1459 3200 his
1507 3135 1818 3202 ministris
1866 3137 1929 3201 in
1979 3135 2517 3219 consequentibus
2557 3135 2740 3200 dicit:

447 3243 521 3305 et
607 3241 733 3323 qui
819 3240 1475 3326 circumasperget
1557 3262 1820 3326 aquam
1907 3244 2375 3325 aspersionis
2446 3241 2742 3307 lauabit
2776 3268 2833 3308 εει

452 3348 919 3411 uestimenta
967 3367 1102 3411 sua
1145 3384 1236 3394 —
1280 3348 1346 3412 id
1394 3352 1495 3413 est
1541 3350 1909 3415 obseruabit
1955 3353 2022 3415 et
2068 3369 2324 3432 corpore
2362 3386 2448 3396 —
2496 3351 2569 3412 et
2614 3348 2739 3429 qui

444 3452 805 3537 tetigerit
860 3471 1124 3535 aquam
1185 3456 1656 3537 aspersionis
1713 3456 2116 3522 inmundus
2175 3457 2319 3521 erit
2364 3474 2603 3539 usque
2651 3454 2737 3518 ad

446 3579 862 3643 uesperam.
947 3564 1020 3624 et
1096 3579 1305 3626 omne
1372 3563 1892 3645 quodcumque
1958 3563 2312 3647 tetigerit
2374 3562 2573 3626 illud
2636 3562 2735 3626 in-

619 3818 688 3872 20
724 3817 844 3874 Aet.
886 3819 968 3882 15,
1006 3819 1040 3872 9
1151 3821 1220 3874 25
1256 3818 1417 3879 Num.
1460 3821 1543 3886 19,
1584 3822 1670 3877 21.
1709 3823 1777 3876 22

515 3960 539 4012 1
583 3958 863 4012 effundens
906 3958 955 4013 0
1094 3962 1126 4012 5
1166 3959 1457 4029 quodquod
1502 3960 1551 4013 0
1688 3961 1809 4016 fuer
1850 3962 1905 4015 P
2045 3963 2077 4016 6
2115 3963 2379 4033 tetigeret
2423 3962 2470 4016 G
2610 3963 2643 4016 8
2680 3962 2736 4014 in

441 4046 642 4101 addidi
678 4063 798 4102 cum
828 4047 932 4101 bd.-
967 4063 1071 4101 om.
1110 4048 1266 4103 codd.
1376 4048 1432 4101 in
1470 4064 1572 4103 om.
1610 4049 1662 4103 T
1695 4066 1811 4119 exp.
1853 4049 1927 4103 V²
1996 4052 2030 4105 9
2067 4051 2385 4120 purificatur
2409 4052 2474 4105 N
2546 4052 2610 4105 11
2643 4051 2732 4121 ad]

439 4136 494 4189 in
521 4134 588 4188 N
743 4152 969 4205 uespera
1002 4137 1050 4190 0
1193 4138 1259 4190 12
1295 4135 1436 4190 labit
1470 4137 1518 4191 0
1550 4138 1688 4192 lauit
1714 4139 1829 4194 ΡΝ
1838 4139 1944 4193 VT
1976 4140 2188 4194 lauauit
2216 4139 2261 4196 S
2407 4142 2472 4195 17
2513 4144 2570 4194 et
2597 4140 2736 4194 med.

438 4240 542 4280 om.
572 4222 787 4279 PSVT
893 4225 958 4279 18
994 4242 1221 4295 ysopum
1274 4225 1553 4282 CNPVS·
1669 4230 1734 4282 19
1782 4245 1926 4298 aqua
1972 4227 2045 4283 1⁷²
2153 4231 2368 4301 aspargi
2407 4229 2470 4282 N
2575 4245 2737 4299 supra

435 4328 537 4366 om.
585 4311 637 4365 T
766 4311 926 4366 fidem
964 4312 1198 4368 diximus
1233 4314 1284 4368 T
1370 4315 1432 4368 21
1477 4315 1734 4384 prodeest
1758 4316 1821 4370 N
1909 4318 1985 4372 23
2015 4335 2151 4372 nero
2181 4319 2229 4373 0
2315 4320 2389 4373 24
2424 4324 2480 4373 et
2507 4335 2609 4373 om.
2639 4318 2738 4372 PS

435 4400 504 4453 27
532 4416 676 4470 aqua
708 4400 757 4455 0
860 4402 928 4456 28
966 4411 1197 4472 uespera
1234 4401 1283 4457 S
1420 4402 1560 4458 illud
1596 4419 1699 4460 om.
1745 4405 1796 4459 T
1935 4407 2225 4461 inmundus
2265 4407 2368 4462 del.
2416 4407 2468 4460 V
