3076 4976
640 513 1117 579 Quaestionum
1157 511 1266 566 lib.
1306 510 1374 565 ΙῘ.
1417 513 1700 575 (Quaest.
1742 510 1812 563 de
1853 509 2106 574 Exodo).
2431 516 2514 577 93

201 710 363 773 bene
412 710 648 773 fecisse
700 707 1185 773 obstetricibus:
1245 708 1357 770 sed
1416 714 1629 770 utrum
1688 727 1798 788 pro
1858 707 2290 771 misericordia
2341 708 2514 792 igno·

202 817 430 880 scebat
494 815 825 879 mendacio
894 835 967 878 an
1035 818 1097 878 et
1162 815 1370 896 ipsum
1439 815 1838 879 mendacium
1908 816 2169 897 dignum
2235 816 2511 899 praemio

202 924 556 997 iudicabat,
608 924 920 986 incertum
972 924 1088 985 est.
1139 922 1313 985 aliud
1362 922 1526 985 enim
1581 921 1898 986 faciebant
1937 923 2311 986 obstetrices
2352 923 2513 987 uiui-

202 1031 454 1094 ficando
503 1031 780 1093 infantes
828 1029 1152 1112 paruulos.
1214 1029 1384 1092 aliud
1436 1029 1744 1092 Pharaoni
1803 1029 2200 1099 mentiendo:
2258 1049 2402 1092 nam
2451 1030 2510 1092 in

144 1138 333 1201 siliis
387 1135 795 1199 uiuificandis
848 1154 1005 1216 opus
1065 1135 1537 1198 misericordiae
1597 1135 1751 1210 fuit3
1810 1135 2134 1199 mendacio
2193 1155 2343 1200 uero
2400 1136 2509 1200 illo

129 2760 179 2797 20

136 3293 186 3331 25

204 1265 313 1327 pro
381 1263 448 1306 se
506 1242 870 1308 utebantur.
928 1262 1004 1305 ne
1061 1246 1316 1305 noceret
1373 1242 1501 1304 illis
1558 1242 1821 1318 Pharao,
1881 1243 2049 1324 quod
2114 1244 2325 1324 potuit
2389 1263 2510 1308 non

205 1352 281 1414 ad
332 1351 617 1424 laudern,
668 1349 780 1413 sed
830 1349 906 1412 ad
955 1349 1205 1412 ueniam
1259 1350 1593 1430 pertinere.
1644 1369 1844 1430 neque
1883 1351 2030 1414 hinc
2069 1351 2510 1414 auctoritatem

207 1459 281 1521 ad
336 1457 776 1521 mentiendum
829 1476 969 1520 esse
1019 1457 1409 1539 propositam
1459 1457 1616 1519 mihi
1666 1456 1921 1520 uidetur
1976 1458 2087 1530 eis,
2146 1458 2221 1520 de
2280 1457 2509 1538 quibus

208 1565 460 1630 dictum
512 1567 643 1626 est:
707 1566 779 1626 et.
826 1583 962 1627 non
1017 1568 1132 1628 est
1177 1563 1570 1627 inuentum
1618 1563 1688 1627 in
1741 1583 1862 1627 ore
1921 1583 2169 1628 eorum
2228 1565 2510 1628 menda-

163 1672 430 1734 ·cium.
520 1670 909 1752 quomndam
989 1671 1155 1733 enim
1230 1670 1366 1733 uita
1438 1671 1627 1753 longe
1702 1670 1957 1734 inferior
2021 1691 2056 1734 a
2119 1671 2511 1752 professione

209 1783 582 1843 sanctorum
633 1778 685 1841 si
736 1777 965 1841 habeat
1012 1778 1137 1841 ista
1185 1777 1658 1841 mendaciorum
1707 1783 1986 1860 peccata.
2027 1782 2330 1859 prouectu
2370 1779 2509 1860 ipso

209 1889 271 1949 et
347 1885 563 1949 indole
636 1883 954 1960 feruntur,
1022 1884 1393 1967 praesertim
1460 1885 1511 1948 si
1580 1884 1888 1948 beneficia
1953 1885 2167 1948 diuina
2232 1886 2505 1949 nondum

208 1995 439 2056 norunt
488 1995 815 2073 expectare
866 1992 1183 2066 caelestia,
1236 1992 1346 2054 sed
1397 1992 1563 2056 circa
1620 1997 1866 2056 terrena
1923 1995 2331 2073 occupantur.
2401 1993 2505 2074 qui

210 2104 423 2162 autem
471 2098 565 2161 ita
612 2099 860 2170 uiuunt,
909 2101 983 2161 ut
1030 2119 1244 2161 eorum
1294 2099 1716 2172 conuersatio,
1758 2099 1926 2163 sicut
1964 2099 2120 2162 dicit
2157 2100 2506 2180 apostolus

156 2226 175 2262 τ,
211 2205 274 2268 in
322 2204 519 2268 caelis
572 2204 675 2280 sit,
727 2224 845 2269 non
898 2224 1005 2267 eos
1057 2204 1345 2268 existimo
1394 2205 1649 2287 linguae
1691 2225 1840 2269 suae
1879 2207 2160 2278 modum,
2201 2210 2505 2287 quantum

212 2312 287 2374 ad
371 2312 713 2375 ueritatem
798 2312 1205 2392 promendam
1291 2312 1529 2375 adtinet
1612 2313 2085 2395 falsitatemque
2161 2313 2506 2388 uitandam,

211 2419 493 2500 exemplo
554 2417 663 2481 illo
724 2418 1139 2482 obstetricum
1200 2419 1423 2481 debere
1478 2419 1769 2483 formare.
1848 2420 1958 2483 sed
2016 2419 2382 2503 diligentius
2432 2420 2506 2482 de

214 2526 327 2589 hac
377 2526 756 2607 quaestione
806 2526 1242 2590 disserendum
1294 2531 1394 2589 est
1437 2531 1694 2608 propter
1741 2528 1863 2590 alia
1911 2529 2192 2609 exempla
2239 2547 2396 2609 quae
2444 2527 2507 2590 in

216 2632 549 2712 scripturis
597 2633 1017 2714 reperiuntur.

302 2740 380 2803 ll.
431 2739 526 2803 De
576 2740 743 2804 facto
784 2740 1027 2823 Moyse,
1078 2759 1221 2804 cum
1271 2741 1507 2805 occidit
1542 2742 1930 2824 Aegyptium
1972 2743 2050 2805 ad
2087 2742 2506 2806 defendendos

218 2846 433 2908 fratres
493 2865 668 2921 suoS,
728 2848 883 2910 satis
934 2847 1409 2929 disputauimus
1466 2849 1527 2911 in
1586 2849 1694 2912 illo
1754 2869 1960 2931 opere,
2012 2848 2178 2931 quod
2239 2850 2313 2911 de
2372 2850 2502 2912 uita

217 2951 708 3033 patriarcharum
778 2954 1083 3018 aduersus
1141 2953 1448 3018 Faustum
1509 2956 1915 3037 scripsimus:
1983 2959 2198 3019 utrum
2261 2956 2505 3020 indoles

219 3057 277 3120 in
335 3078 405 3122 eo
472 3059 810 3123 laudabilis
876 3061 1088 3136 fuerit,
1158 3081 1280 3142 qua
1346 3062 1465 3125 hoc
1529 3065 1862 3143 peccatum
1931 3062 2273 3140 admiserit,
2342 3063 2507 3126 sicut

221 3164 377 3226 solet
420 3166 579 3229 uber
625 3168 826 3229 terrae
876 3167 1067 3230 etiam
1119 3172 1263 3232 ante
1311 3168 1496 3232 utilia
1545 3169 1787 3231 semina
1844 3170 2109 3249 quadam
2169 3169 2502 3232 herbarum

225 3272 507 3350 quamuis
560 3272 881 3337 inutilium
933 3275 1258 3338 feracitate
1307 3276 1571 3340 laudari.
1614 3297 1686 3339 an
1731 3276 1978 3339 omnino
2020 3276 2225 3356 ipsum
2269 3278 2503 3338 factum

224 3374 689 3443 iristificandum
740 3379 845 3446 sit.
923 3381 1092 3461 quod
1140 3381 1279 3444 ideo
1332 3402 1450 3445 non
1500 3383 1772 3449 uidetur.
1825 3382 1967 3463 quia
2015 3383 2251 3444 nullam
2301 3381 2505 3444 adhuc

224 3486 591 3560 potestatem
667 3488 927 3570 gerebat
1000 3488 1351 3572 legitimam
1428 3508 1541 3553 nec
1616 3494 1936 3572 acceptam
2016 3489 2324 3552 diuinitus
2391 3507 2503 3552 nec

392 3734 422 3785 9
459 3735 624 3803 Apoc,
670 3735 751 3791 14,
791 3737 823 3789 5
902 3736 967 3789 14
1008 3736 1073 3790 cf.
1112 3737 1252 3793 Phil.
1293 3739 1343 3801 3,
1382 3738 1450 3791 20
1524 3739 1593 3791 20
1633 3738 1697 3791 cf.
1741 3738 1830 3790 Ex.
1872 3739 1920 3802 2,
1965 3739 2027 3790 12
2102 3739 2169 3790 22
2210 3737 2274 3793 cf.
2318 3742 2500 3791 contra

231 3816 467 3874 Faustum
504 3822 663 3875 XXII
704 3823 772 3876 70

294 3978 323 4030 3
357 3980 701 4034 uiui-ficando
741 3980 787 4035 S
961 3985 995 4035 4
1035 3983 1090 4035 in
1129 3998 1229 4036 om.
1270 3982 1336 4036 N
1507 3984 1542 4036 8
1582 3983 1916 4053 propositum
1963 3983 2027 4037 0¹
2192 3985 2268 4037 eis
2307 4000 2407 4039 om.
2459 3985 2510 4037 Γ

232 4065 261 4116 9
295 4066 559 4122 inuentum
598 4085 702 4126 om.
749 4069 797 4123 C
904 4071 968 4124 12
1008 4070 1195 4125 diuina
1231 4089 1332 4127 om.
1374 4073 1404 4126 b
1519 4073 1585 4125 18
1625 4074 1967 4141 quaestiones
2006 4073 2070 4126 N
2173 4075 2241 4126 20
2278 4074 2413 4125 mosi
2451 4074 2507 4125 P

234 4157 383 4223 moysi
420 4156 654 4212 81⁷de
763 4158 1123 4213 defensandos
1165 4160 1275 4225 (fen
1315 4177 1356 4215 s.
1399 4161 1433 4213 l.
1474 4177 1542 4214 m.
1582 4165 1632 4227 1)
1673 4160 1720 4215 S
1754 4161 2092 4214 defendendo
2123 4160 2188 4213 N
2254 4162 2318 4213 21
2353 4165 2498 4229 suos}

236 4257 317 4294 uos
347 4244 410 4298 N
524 4247 593 4300 23
633 4264 794 4316 qnam
832 4248 888 4301 P
1006 4250 1073 4302 24
1114 4249 1334 4303 ubertas
1374 4250 1405 4303 b
1552 4253 1696 4303 terra
1733 4250 1892 4304 PSV
2031 4252 2084 4303 in
2124 4250 2405 4302 herbarum
2445 4250 2505 4303 N

235 4332 291 4383 27
322 4332 613 4404 legitimam
661 4342 795 4390 ante
837 4340 1167 4407 potestatem
1218 4339 1311 4408 leq.
1350 4340 1413 4392 in
1448 4338 1797 4394 1³8lede
2009 4342 2287 4408 acceptum
2334 4338 2381 4390 C
2414 4355 2501 4391 ac·

233 4425 367 4490 cepta
401 4424 456 4478 N
