3076 4976
883 489 1404 544 Adnotationum
1443 492 1507 544 in
1547 491 1660 545 Iob
1702 491 1883 544 liber
1920 492 1964 545 1.
2434 496 2560 559 547

271 686 380 750 ille
431 684 657 762 uoluit,
707 686 979 749 habeant
1027 685 1320 750 humiles,
1375 686 1746 750 inmissus
1805 690 1923 750 est
1971 688 2162 751 enim
2211 707 2335 771 pes
2395 688 2561 752 eius

272 792 343 855 in
412 793 791 875 laqueum:
858 793 994 875 ipse
1053 793 1217 857 enirn
1278 796 1500 874 captus
1561 798 1660 857 est
1716 794 2042 858 dominum
2106 794 2564 876 persequendo,

275 899 744 963 confortabit
775 918 1004 981 super
1033 919 1195 963 eum
1229 900 1614 964 sitientes:
1649 904 1721 965 ut
1749 901 2006 964 uincant
2038 920 2185 965 eum
2215 902 2566 965 esurientes

276 1012 340 1069 et
414 1006 704 1069 sitientes
789 1006 1121 1070 iustitiam.
1200 1007 1705 1071 absconditus
1791 1012 1906 1070 est
1982 1027 2205 1089 super
2288 1012 2564 1071 terram

210 1134 237 1172 5
275 1113 671 1176 funiculus
742 1113 933 1176 eius:
1003 1133 1125 1195 quo
1184 1113 1491 1195 capiatur,
1558 1113 1679 1177 hoc
1737 1118 1837 1177 est
1885 1133 1957 1176 ea
2015 1134 2175 1195 quae
2231 1114 2327 1177 illi
2384 1115 2567 1197 quasi

277 1219 729 1284 conceduntur.
789 1224 862 1283 et
917 1220 1168 1303 captio
1229 1219 1388 1284 eius
1437 1220 1507 1283 in
1568 1220 1896 1285 semitis:
1956 1241 2080 1302 qua
2135 1222 2380 1286 transit.
2440 1240 2571 1302 per

277 1328 684 1392 circuitum
726 1327 1046 1410 perdant
1084 1347 1243 1391 eum
1286 1327 1618 1392 dolores:
1660 1329 1957 1410 undique.
2001 1332 2072 1392 et
2107 1329 2330 1392 multi
2371 1329 2572 1392 circa

274 1435 507 1517 pedes
567 1434 729 1499 eius
789 1436 1101 1498 ueniant
1156 1436 1225 1499 in
1288 1437 1645 1519 angustia
1698 1436 1951 1500 famis:
2011 1436 2199 1499 multi
2255 1436 2362 1517 qui
2421 1455 2565 1500 eum

278 1546 635 1624 sequuntur
670 1542 775 1605 uel
815 1542 923 1624 qui
962 1542 1019 1606 ei
1059 1543 1512 1624 obsequuntur.
1557 1542 2044 1607 comedantur
2081 1542 2262 1606 rami
2303 1542 2569 1624 pedum

187 1667 242 1706 10
280 1649 473 1711 eius:
525 1647 949 1712 doctrinarum
1012 1649 1169 1724 eius,
1219 1649 1282 1712 id
1332 1653 1431 1714 est
1478 1669 1604 1730 qua
1648 1650 1719 1713 it.
1777 1654 2167 1733 rumpatur
2224 1649 2310 1712 de
2370 1649 2572 1712 habi-

281 1755 540 1819 taculo
602 1756 764 1818 eius
824 1756 1143 1820 sanitas:
1203 1757 1632 1838 tranquillitas
1689 1757 1880 1820 huius
1939 1756 2130 1820 uitae.
2192 1758 2264 1819 et
2319 1758 2575 1819 teneat

284 1881 449 1926 eum
490 1862 913 1927 necessitas
955 1881 1224 1926 causae
1264 1864 1577 1947 regalis:
1611 1864 2004 1945 oportunitas
2034 1863 2381 1944 punitionis
2414 1864 2572 1938 eine,

286 1988 449 2050 quae
479 1969 721 2032 ualebit
750 1970 828 2033 ad
858 1970 1123 2052 gloriam
1166 1970 1286 2042 dei,
1326 1973 1585 2051 propter
1620 1970 1789 2051 quod
1828 1970 2012 2034 modo
2053 1970 2146 2034 illi
2188 1970 2576 2053 permittitur

287 2076 608 2159 cupiditas
640 2096 775 2142 sua.
808 2096 1062 2141 causam
1102 2077 1381 2160 regalem
1420 2078 1595 2141 dicit.
1637 2078 1785 2160 quia
1823 2099 1888 2142 se
1930 2077 2254 2142 Christum
2292 2076 2575 2140 iactabit.

192 2201 245 2240 ιδ
288 2183 592 2246 habitet
650 2185 717 2247 in
788 2185 1279 2249 tabernaculo
1354 2185 1515 2248 eius
1575 2185 1643 2247 in
1703 2189 1920 2249 nocte
1980 2184 2168 2248 eius:
2227 2184 2575 2247 necessitas

287 2309 520 2354 causae
569 2290 803 2373 regalis
852 2292 1094 2355 cruciet
1141 2292 1591 2355 conscientiam
1642 2292 1798 2366 eins,
1850 2290 2155 2372 adpetitio
2196 2290 2575 2373 tyrannidis;

285 2395 359 2459 in
428 2404 675 2462 nocte:
755 2397 817 2460 in
896 2399 1209 2481 supplicio
1288 2398 1612 2461 caecitatis
1682 2396 1839 2466 eius.
1909 2397 2155 2479 quando
2224 2397 2575 2460 damnatur.

288 2510 794 2589 aspergentur
861 2507 1211 2588 speciosa
1277 2507 1439 2569 eius
1509 2505 1902 2588 sulphure:
1973 2505 2203 2587 quibus
2261 2504 2576 2587 placebat,

286 2612 437 2695 igne
486 2613 722 2677 foetido
773 2622 1267 2677 concrementur.
1330 2620 1403 2677 et
1468 2612 1554 2675 de
1613 2631 1910 2677 sursum
1976 2612 2230 2675 inruet
2293 2610 2576 2675 messio

190 2738 247 2777 20
292 2720 491 2783 eius:
542 2740 577 2783 a
624 2720 761 2784 deo.
813 2725 886 2783 et
934 2741 1072 2784 non
1124 2722 1226 2784 sit
1276 2740 1531 2784 nomen
1584 2721 1744 2783 eius
1793 2720 1863 2782 in
1916 2719 2110 2782 facie
2159 2718 2581 2799 platearum

291 2824 422 2887 ubi
473 2828 658 2889 erat:
717 2826 980 2890 tollatur
1026 2826 1102 2888 de
1151 2826 1452 2889 memoria
1510 2825 1750 2907 populi.
1820 2827 1892 2888 et
1958 2843 2092 2888 non
2162 2823 2265 2887 sit
2322 2842 2585 2907 cogno·

291 2931 600 2996 scibilis
650 2933 716 2995 in
768 2933 1044 3015 populo
1096 2952 1258 2996 suo:
1309 2932 1384 2995 ad
1436 2936 1674 2997 tantam
1745 2932 2160 2995 deiectionem
2232 2931 2461 3007 ueniat,
2513 2934 2586 2994 ut

292 3058 329 3102 a
380 3039 513 3101 suis
564 3059 682 3103 non
743 3042 1143 3122 agnoscatur.
1212 3059 1331 3102 nec
1380 3040 1812 3104 resaluetur
1860 3039 1994 3102 sub
2056 3039 2262 3102 caelo
2322 3037 2583 3102 domus

293 3146 513 3210 eius:
590 3146 788 3227 aliqui
854 3148 1018 3210 enim
1084 3147 1591 3213 resaluabuntur.
1669 3147 1807 3209 sed
1880 3146 1954 3209 in
2031 3145 2333 3228 populo
2410 3144 2586 3207 eius

193 3273 250 3310 25
294 3253 587 3316 uiuant
635 3252 919 3317 alteri:
969 3254 1109 3317 aliis
1159 3253 1537 3337 subiugetur
1585 3254 1860 3335 populus
1910 3252 2068 3316 eius,

482 3483 503 3533 1
548 3479 643 3532 Iob
688 3481 769 3544 18,
810 3481 843 3534 8
917 3482 949 3533 3
987 3481 1083 3534 Iob
1129 3481 1207 3541 18,
1248 3482 1278 3533 9
1353 3482 1386 3533 4
1424 3480 1521 3533 Iob
1566 3481 1645 3541 18,
1690 3481 1754 3532 10
1830 3481 1861 3532 6
1899 3480 1995 3532 Iob
2040 3480 2122 3541 18,
2165 3478 2340 3531 10.11
2421 3478 2449 3529 7
2491 3474 2586 3529 Iob

298 3572 383 3629 18,
426 3571 483 3621 11
584 3570 615 3622 9
654 3569 750 3624 Iob
796 3572 875 3632 18,
920 3572 984 3624 13
1080 3572 1144 3623 10
1182 3570 1278 3623 Iob
1324 3570 1404 3629 18,
1449 3572 1512 3623 14
1622 3571 1679 3623 11
1721 3567 1818 3621 Iob
1861 3570 1941 3631 18,
1987 3570 2050 3621 14
2158 3569 2219 3621 15
2258 3566 2353 3618 Iob
2399 3566 2479 3627 18,
2524 3566 2588 3617 15

299 3660 366 3713 18
404 3658 501 3711 Iob
544 3659 623 3717 18,
670 3661 733 3713 15
881 3660 945 3712 19
982 3660 1079 3713 Iob
1117 3658 1213 3712 Iob
1258 3660 1337 3721 18,
1381 3661 1444 3713 16
1582 3660 1650 3711 20
1689 3658 1784 3711 Iob
1828 3658 1910 3717 18,
1953 3659 2015 3710 17
2153 3658 2214 3709 21
2260 3654 2356 3708 Iob
2400 3654 2481 3714 18,
2526 3654 2590 3706 19

296 3750 367 3803 23
406 3748 502 3801 Iob
547 3750 630 3809 18,
674 3751 736 3802 19
846 3751 915 3803 24
954 3749 1050 3802 Iob
1094 3750 1173 3813 18,
1218 3750 1281 3801 19

376 3876 399 3927 1
445 3872 641 3941 uoluit]
682 3873 859 3925 uoluit
895 3872 983 3925 ide
1027 3872 1077 3925 G
1117 3873 1292 3925 noluit
1330 3873 1359 3925 b
1479 3874 1511 3925 2
1550 3873 1744 3940 laqueo
1786 3872 1828 3925 S
1945 3872 1977 3923 3
2017 3866 2347 3923 confortabit
2383 3865 2594 3920 SHier:

295 3962 630 4016 confortauit
672 3962 959 4015 GTPde
1065 3963 1310 4015 sitientes
1351 3962 1519 4016 Hier.-
1556 3963 1747 4013 sitiens
1791 3959 2115 4013 GTPCde
2185 3960 2217 4011 4
2257 3956 2434 4025 super]
2474 3955 2527 4007 in
2552 3952 2599 4007 S

297 4056 330 4106 5
372 4067 438 4103 ea
474 4067 575 4104 om.
623 4050 668 4103 C
844 4068 1055 4119 queque
1100 4052 1150 4104 G
1332 4051 1414 4104 illi
1452 4052 1605 4119 quasi
1644 4051 1725 4103 illi
1768 4049 1817 4103 G
1963 4052 1994 4101 6
2035 4045 2370 4101 et-sernitis
2409 4061 2509 4098 om.
2551 4042 2597 4095 S

297 4142 497 4195 semita
535 4140 574 4193 d
752 4140 783 4194 8
824 4141 1110 4208 eum—qui
1148 4157 1248 4196 om.
1291 4141 1343 4193 P
1524 4142 1590 4194 10
1631 4141 1726 4193 alt.
1768 4141 1880 4192 eius
1919 4155 2019 4192 om.
2065 4137 2172 4191 GP
2325 4134 2391 4201 it]
2431 4133 2510 4185 ait
2554 4131 2601 4184 C

303 4231 367 4283 12
409 4247 570 4283 causa
611 4228 735 4295 68¹,-
768 4230 864 4283 sed
900 4232 967 4296 cf.
1004 4247 1223 4284 uersum
1262 4235 1345 4283 15.
1385 4234 1456 4283 16
1533 4232 1597 4283 15
1627 4228 1974 4282 tabernacula
2001 4225 2245 4280 GTPsfb
2325 4224 2387 4276 18
2415 4238 2595 4291 asper-

297 4322 503 4388 gantur
539 4317 584 4372 S
724 4319 976 4387 sulphore
1015 4319 1061 4374 S
1170 4321 1232 4372 19
1269 4321 1424 4372 irruit
1463 4318 1509 4370 S
1614 4320 1676 4371 21
1722 4318 1813 4371 ubi
1854 4321 1969 4370 erat
2005 4333 2106 4371 om.
2140 4316 2179 4368 S
2320 4310 2596 4381 cognomi·

296 4409 451 4463 natio
490 4408 522 4460 b
632 4409 700 4461 23
737 4426 911 4477 neque
951 4410 982 4462 b
1126 4411 1451 4463 resalutctur
1488 4410 1531 4463 S
1639 4411 1706 4462 25
1746 4409 1838 4462 alii
1863 4408 1907 4478 ‚b

2389 4508 2487 4562 35*
