3076 4976
464 482 595 544 362
1174 478 1227 533 S.
1285 476 1562 530 Aureli
1618 478 2055 546 Augustini

464 674 682 739 iussus
751 676 848 738 est
912 676 1121 737 tamen
1180 672 1434 754 Moyses
1493 671 1550 735 ei
1608 690 1831 736 manus
1898 672 2212 753 inponere,
2278 691 2355 737 ne
2424 674 2756 755 quisquam

463 781 654 845 homo
722 780 1006 862 qualibet
1068 778 1465 861 praepollens
1534 778 1737 861 gratia
1814 784 2203 843 sacramenta
2269 780 2760 846 consecrationis

463 887 697 951 audeat
743 906 1057 951 recusare.

551 994 680 1058 LV.
750 994 917 1074 Quid
975 997 1072 1059 est
1129 993 1318 1075 quod,
1369 1012 1513 1057 cum
1574 991 1729 1057 deus
1776 991 1988 1074 Moysi
2044 993 2434 1076 praeciperet
2490 992 2566 1056 de
2613 993 2758 1057 Iesu

464 1101 667 1177 Naue,
710 1100 801 1164 ait
836 1100 1001 1165 inter
1038 1103 1271 1164 cetera:
1323 1102 1395 1163 et
1443 1098 1657 1164 dabis
1708 1098 1790 1162 de
1831 1099 2072 1183 gloria
2117 1101 2246 1163 tua
2287 1118 2513 1181 super
2552 1105 2757 1164 eum?
2820 1122 2848 1160 5

460 1227 605 1272 nam
656 1225 882 1291 graeca
927 1207 1250 1272 locutione
1295 1213 1400 1289 τῆς
1447 1205 1629 1290 δόξης
1677 1204 1886 1282 habet,
1929 1205 2095 1288 quod
2144 1206 2516 1270 tantundem
2563 1208 2758 1284 ualet,

459 1334 532 1378 ac
582 1314 637 1378 si
685 1314 923 1379 diceret
976 1313 1096 1389 „de
1146 1314 1451 1398 gloria“‚
1499 1312 1567 1376 id
1615 1316 1716 1377 est
1752 1308 1871 1374 ἀπὸ
1918 1320 2026 1395 τῆς
2073 1311 2757 1396 862n2.'latinia11tem

458 1420 747 1486 nonnulli
802 1420 1201 1504 interpretati
1259 1423 1438 1485 sunt:
1508 1420 1724 1484 dabis
1785 1420 2104 1503 gloriam
2172 1422 2402 1493 tuam,
2462 1438 2614 1484 non:
2674 1420 2758 1485 de

459 1527 707 1611 gloria
755 1532 902 1591 tua.
968 1527 1076 1591 sed
1127 1527 1264 1591 siue
1311 1526 1474 1590 illud
1522 1530 1713 1604 esset,
1761 1530 1835 1589 ut
1883 1526 2198 1610 gloriam
2247 1529 2449 1591 tuam
2499 1526 2756 1602 diceret,

459 1653 582 1699 uon
631 1634 773 1699 ideo
823 1654 960 1698 eam
1011 1654 1132 1699 non
1181 1633 1515 1697 habiturus
1568 1636 1700 1696 erat
1739 1634 2027 1716 Moyses;
2077 1652 2211 1710 nee,
2253 1633 2398 1714 quia
2438 1632 2594 1696 dixit
2638 1633 2759 1709 „de
2796 1660 2847 1697 ιο

459 1741 771 1824 gloria“,
820 1740 961 1805 ideo
1011 1740 1324 1804 minutum
1377 1744 1477 1804 est
1524 1738 1695 1822 quod
1739 1739 2036 1804 habebat.
2094 1739 2187 1803 sic
2235 1739 2402 1817 enim
2450 1739 2757 1821 accipien-

459 1847 612 1910 dum
663 1849 780 1922 est,
830 1865 900 1911 ac
951 1846 1006 1911 si
1055 1846 1320 1910 diceret:
1378 1846 1575 1910 facies
1627 1866 1770 1911 eum
1822 1847 2068 1912 socium
2120 1847 2358 1931 gloriae
2405 1850 2584 1924 tuae;
2635 1866 2756 1912 non

458 1956 670 2017 autem
747 1953 939 2017 huius
1013 1953 1185 2018 modi
1260 1972 1360 2017 res
1429 1953 1610 2035 quasi
1675 1954 1989 2036 partiliter
2053 1952 2300 2018 diuisae
2364 1953 2756 2023 minuuntur.

458 2059 571 2123 sed
636 2062 809 2123 totae
877 2063 1027 2124 sunt
1093 2060 1408 2137 omnibuS‚
1476 2063 1652 2124 tot-ae
1726 2061 1998 2145 singulis
2066 2060 2173 2142 qui
2239 2078 2454 2124 earum
2522 2060 2758 2124 habent

455 2165 848 2231 societatem.
2790 2196 2839 2236 15

548 2272 709 2336 LVI.
759 2272 993 2336 Homo
1044 2272 1259 2337 homo
1310 2272 1765 2355 quicumque
1813 2272 2120 2336 uouerit
2157 2275 2415 2337 uotum
2458 2271 2752 2336 domino

456 2383 592 2444 aut
637 2378 1020 2443 iurauerit
1064 2378 1575 2445 iuramentum
1625 2382 1753 2443 aut
1790 2378 2184 2442 definierit
2222 2376 2754 2442 definitionem

464 2487 548 2551 de
608 2487 851 2551 anima
908 2507 1069 2562 sua,
1130 2505 1266 2551 non
1324 2485 1758 2569 profanabit
1820 2486 2134 2551 uerbum
2201 2506 2443 2552 suum:
2512 2486 2755 2550 omnia

458 2612 981 2676 quaecumque
1047 2593 1372 2658 exierint
1437 2612 1516 2657 ex
1584 2612 1706 2659 ore
1765 2594 1928 2658 eius
1984 2593 2239 2659 faciet.
2318 2612 2437 2658 non
2497 2594 2618 2659 hoc
2678 2594 2754 2658 ad

459 2718 708 2764 omnem
783 2700 1161 2764 iurationem
1236 2700 1540 2782 pertinet,
1608 2700 1721 2765 sed
1786 2701 1863 2765 ad
1930 2721 2098 2778 eam,
2165 2701 2275 2765 ubi
2341 2700 2610 2783 quisque
2678 2702 2752 2765 de
2789 2730 2841 2770 20

457 2806 667 2870 anima
735 2825 852 2870 sua
915 2806 1170 2870 uouerit
1235 2806 1508 2870 alicuius
1568 2807 1786 2888 utique
1843 2808 1930 2871 rei
1989 2808 2457 2883 abstinentiam,
2515 2827 2640 2890 qua
2694 2808 2750 2872 ei

452 2912 685 2976 licebat
742 2913 837 2977 uti
894 2932 1005 2995 per
1059 2914 1289 2997 legem,
1350 2914 1461 2978 sed
1516 2932 1627 2996 per
1681 2917 1906 2979 uotum
1974 2914 2096 2979 sibi
2158 2915 2298 2996 ipse
2365 2914 2561 2978 efficit
2626 2934 2746 2979 uon

447 3018 661 3085 licere.

540 3125 738 3189 LVII.
824 3125 905 3190 Si
981 3129 1245 3190 autem
1324 3126 1618 3191 mulier
1692 3129 2024 3214 uouerit
2089 3132 2361 3193 uotum
2428 3126 2744 3193 domino

452 3236 590 3295 aut
647 3232 1084 3296 definierit
1144 3232 1725 3299 definitionem
1781 3235 1856 3298 in
1908 3235 2133 3299 domo
2182 3236 2444 3317 patris
2493 3236 2620 3300 sui
2667 3236 2743 3299 in
2781 3263 2834 3301 2·-

450 3338 896 3401 iuuentute
947 3356 1087 3401 sua
1135 3340 1215 3400 et
1260 3337 1626 3402 audierit
1678 3343 1911 3421 pater
1966 3341 2140 3405 eius
2199 3344 2391 3405 uota
2446 3342 2621 3406 eius
2672 3346 2745 3406 et

452 3443 999 3508 definitiones
1050 3443 1227 3508 eius
1277 3464 1477 3526 quas
1526 3445 1926 3510 definiuit
1964 3446 2363 3512 aduersus
2405 3448 2742 3512 animam

449 3569 674 3614 suam
725 3552 803 3613 et
848 3551 1211 3615 tacuerit
1248 3554 1481 3633 pater
1520 3551 1716 3630 eius,
1759 3557 1837 3617 et
1874 3553 2210 3618 stabunt
2253 3554 2514 3619 omnia
2552 3557 2743 3619 uota

448 3656 625 3721 eius
695 3661 774 3721 et
840 3675 1112 3723 omnes
1190 3656 1733 3724 definitiones
1813 3661 1990 3726 eius
2070 3679 2265 3742 quas
2346 3661 2742 3725 definiuit

449 3762 849 3828 aduersus
926 3764 1265 3828 animam
1342 3784 1564 3830 suam
1638 3767 2073 3832 manebunt
2142 3768 2231 3832 ei.
2326 3768 2395 3831 si
2472 3771 2833 3838 autemso

624 3991 656 4042 5
694 3989 855 4044 Num.
897 3990 982 4054 27,
1022 3990 1091 4045 20
1203 3992 1268 4046 16
1307 3990 1467 4046 Num.
1507 3992 1595 4058 30,
1635 3994 1667 4047 3
1778 3995 1848 4047 24
1884 3993 2046 4050 Num.
2086 3994 2173 4058 30,
2210 3995 2352 4048 4-6

513 4131 547 4182 4
586 4131 920 4200 praeciperet
957 4131 1130 4202 Moysi
1174 4132 1297 4186 de
1381 4136 1414 4188 6
1453 4138 1535 4188 tes
1576 4135 1735 4189 doxes
1781 4135 1988 4190 CPSN
1996 4136 2043 4188 V
2075 4141 2185 4192 tres
2225 4136 2387 4190 dores
2431 4136 2482 4190 T
2562 4138 2592 4190 7
2632 4155 2732 4206 apo

441 4222 525 4272 tes
566 4218 727 4272 dores
771 4218 972 4274 OSNP
1006 4226 1192 4291 aperte
1231 4221 1392 4276 doxes
1439 4224 1492 4276 V
1522 4227 1711 4294 apotes
1752 4225 1914 4278 doxes
1958 4225 2009 4278 T
2166 4226 2199 4280 8
2238 4225 2305 4279 de
2343 4225 2515 4295 gloria
2552 4229 2648 4279 tua
2692 4225 2740 4279 C

448 4308 511 4361 13
550 4324 633 4361 res
668 4307 977 4363 huiusmodi
1013 4309 1174 4365 PSN
1180 4311 1285 4365 VT
1394 4314 1457 4367 16
1499 4314 1596 4367 alt.
1636 4314 1796 4367 homo
1835 4330 1937 4369 om.
1987 4315 2040 4366 V
2156 4317 2220 4370 18
2261 4315 2568 4385 profanauit
2604 4313 2732 4369 διὰ*

441 4395 506 4448 21
551 4396 622 4464 ei]
665 4413 692 4450 e
728 4396 796 4450 N
896 4399 965 4453 28
1004 4403 1058 4463 et
1094 4399 1319 4454 stabunt
1367 4401 1473 4455 ΓΤ
