3076 4976
937 500 1461 557 Adnotationum
1502 500 1564 553 in
1607 501 1720 554 Iob
1761 500 1935 554 liber
1971 500 2012 553 Ι.
2486 504 2613 566 557

320 697 612 763 ueritas
662 697 855 760 enim
904 700 977 760 et
1022 697 1445 779 increpatio
1496 696 1581 761 ab
1632 715 1713 760 eo
1762 699 1906 760 est:
1956 696 2020 760 id
2070 699 2168 761 est
2214 716 2337 761 non
2385 697 2619 762 iniuste

321 807 625 886 increpat.
676 803 934 868 educit
982 805 1053 867 in
1101 804 1328 868 finem
1375 803 1748 868 iudicium
1789 823 2055 868 meum:
2107 804 2297 868 etiam
2338 804 2391 868 si
2430 804 2617 869 modo

324 911 607 994 corripit,
655 915 879 992 postea
925 910 1380 975 manifestabit.
1448 930 1611 974 nam
1661 911 1725 974 si
1773 911 2060 992 primus
2110 911 2616 988 ambulauer0‚

321 1020 593 1100 postea
647 1035 787 1081 non
846 1033 996 1079 ero:
1054 1034 1174 1079 non
1235 1017 1599 1098 arroganter
1647 1034 1914 1097 sperem,
1964 1035 2084 1079 non
2132 1016 2471 1080 infideliter
2517 1017 2620 1080 de-

256 1150 282 1188 5
324 1142 596 1205 sperem,
645 1123 765 1187 hoc
817 1124 943 1185 est:
993 1141 1115 1186 non
1166 1121 1477 1184 declinare
1528 1120 1743 1185 dextra
1790 1125 1902 1185 aut
1949 1122 2225 1186 sinistra.
2300 1124 2444 1187 inde
2492 1128 2617 1188 est:

322 1231 387 1295 si
437 1229 845 1294 ascendero
894 1229 966 1292 in
1019 1228 1337 1306 caelum,
1395 1231 1473 1291 tu
1532 1228 1640 1291 ibi
1700 1247 1796 1292 es,
1874 1229 2017 1311 quis
2065 1248 2165 1292 me
2213 1230 2359 1294 inde
2406 1234 2621 1312 potest

320 1337 599 1418 pellere?
653 1338 717 1399 et
758 1339 989 1399 cetera.
1038 1354 1073 1398 3
1120 1335 1337 1399 laeua
1385 1334 1564 1417 quid
1614 1338 1805 1418 aget,
1854 1355 1991 1400 non
2041 1336 2616 1417 adprehendam:

319 1443 647 1524 superiora
684 1442 938 1525 repetit.
1016 1462 1050 1506 a
1105 1442 1290 1506 laeua
1335 1444 1545 1506 autem
1599 1442 1754 1507 dicit
1797 1463 1918 1508 non
1968 1463 2035 1508 se
2082 1445 2618 1527 adprehensumm

323 1549 613 1613 deditum
660 1548 1143 1631 temporalibus
1222 1552 1714 1613 conuertetur
1761 1550 1846 1613 ad
1896 1550 2298 1628 dexteram,
2349 1553 2422 1615 et
2475 1569 2614 1614 non

229 1685 279 1723 ιο
319 1655 628 1724 uidebo:
689 1655 829 1720 ideo
889 1675 1006 1720 non
1060 1656 1258 1720 debeo
1308 1675 1450 1720 esse
1500 1675 1534 1719 a
1581 1657 1794 1730 laeua;
1856 1658 2347 1721 conuertetur
2401 1661 2616 1720 autem

319 1762 496 1836 dixit,
561 1763 707 1844 quia
766 1762 901 1843 ipse
956 1763 1019 1825 in
1083 1763 1478 1845 spiritalibus
1540 1766 1656 1838 est,
1718 1763 1880 1827 unde
1939 1781 2056 1846 ego
2113 1783 2214 1828 me
2272 1766 2510 1838 auerto,
2561 1764 2614 1826 si

322 1888 359 1932 a
407 1870 592 1934 laeua
637 1870 834 1935 fuero,
916 1870 1044 1933 sed
1093 1869 1244 1934 scit
1290 1869 1451 1953 ipse
1499 1870 1700 1934 uiam
1747 1888 2009 1933 meam:
2067 1874 2159 1947 ut,
2210 1870 2461 1934 etiamsi
2506 1888 2619 1952 per

315 1974 766 2039 tribulationes
825 1975 1090 2052 duxerit,
1151 1994 1399 2058 sequar.
1478 1975 1836 2059 probauit
1892 1995 2001 2039 me
2060 1975 2262 2040 sicut
2327 1995 2613 2040 aurum:

316 2082 383 2144 in
433 2082 914 2146 tentationibus,
977 2081 1326 2165 egrediar
1371 2082 1443 2146 in
1490 2083 1925 2165 praeceptis
1974 2082 2166 2146 eius:
2217 2081 2293 2145 de
2339 2082 2615 2146 tenebris

227 2220 280 2258 ιε»
316 2189 480 2252 meis
531 2208 765 2267 exeam,
819 2189 928 2252 sed
988 2190 1195 2253 tamen
1255 2190 1317 2253 in
1374 2190 1728 2272 praeceptis
1786 2189 1944 2252 eius.
2025 2189 2086 2252 si
2145 2192 2390 2251 autem
2451 2188 2614 2270 ipse

314 2294 700 2359 iudicauit
774 2296 915 2360 sic:
995 2299 1070 2359 ut
1134 2315 1244 2377 per
1308 2296 1751 2359 tribulationes
1819 2314 1919 2358 me
1984 2299 2312 2376 tamquam
2389 2313 2613 2358 aurum

313 2402 564 2483 probet.
642 2406 1050 2484 propterea
1099 2402 1181 2466 ad
1234 2422 1394 2466 eum
1452 2401 1852 2466 festinaui:
1913 2403 2062 2482 quia
2106 2420 2206 2464 me
2252 2401 2607 2476 tribulauit‚

315 2509 460 2574 ideo
511 2509 754 2573 relictis
803 2509 1262 2590 temporalibus
1312 2509 1389 2572 ad
1432 2528 1575 2573 eum
1615 2509 1937 2573 festinaui.
1990 2514 2062 2572 et
2109 2510 2606 2572 commonitus

311 2616 714 2681 sollicitus
763 2617 875 2680 fui
925 2615 1010 2679 de
1060 2635 1172 2679 eo:
1221 2619 1295 2680 ut
1341 2616 1441 2679 his
1490 2617 1711 2699 poenis
1760 2615 2115 2680 carnalibus
2164 2620 2417 2679 aeterna
2463 2635 2608 2698 sup·

208 2756 267 2795 20
304 2722 501 2805 plicia
558 2722 928 2786 deuitarem.
1007 2722 1296 2786 idcirco
1366 2741 1400 2785 a
1464 2722 1660 2786 facie
1729 2723 1898 2786 eius
1965 2721 2351 2785 turbabor:
2420 2722 2605 2786 modo

301 2830 628 2899 turbabor,
679 2834 752 2893 ut
799 2849 1055 2894 caueam
1106 2829 1392 2912 cogitans
1440 2829 1728 2892 futurum
1776 2829 2104 2905 iudicium,
2155 2828 2262 2891 ubi
2313 2828 2433 2891 erit
2469 2828 2607 2891 eius

304 2936 759 3001 manifestatio,
821 2940 890 2999 et
948 2936 1297 3000 dominus
1357 2937 1702 3000 molliuit
1758 2955 1881 3000 cor
1934 2954 2205 3000 meum:
2266 2940 2329 2999 et
2393 2936 2603 3016 ipsum

303 3044 551 3119 timere,
614 3063 735 3125 quo
797 3046 981 3107 canet
1035 3045 1280 3107 futuras
1338 3062 1595 3126 poenas,
1658 3043 2125 3107 misen'cordiae
2174 3042 2272 3106 dei
2320 3042 2604 3123 deputat.

301 3167 429 3211 non
492 3149 656 3212 enim
709 3148 900 3212 sciret
949 3152 1441 3231 superuenturas
1488 3169 1723 3231 poenas
1778 3153 1839 3213 et
1883 3148 2177 3212 tenebras
2225 3148 2436 3216 malis,
2485 3147 2608 3209 nisi

200 3291 257 3332 2⁵
301 3255 602 3318 dominus
705 3255 986 3319 molliret
1086 3275 1192 3318 cor
1283 3256 1420 3318 eius
1514 3256 1953 3338 praesentibus
2045 3254 2603 3319 tribulationibus:

300 3361 611 3424 aduersus
661 3360 843 3435 illud,
896 3360 1064 3442 quod
1112 3360 1363 3424 indurat
1412 3361 1567 3424 deus
1617 3380 1723 3424 cor
1767 3360 2137 3424 Pharaonis.

486 3586 510 3638 1
552 3585 650 3637 Iob
690 3572 775 3647 23,
818 3586 846 3637 7
957 3585 990 3637 2
1027 3584 1125 3637 Iob
1166 3586 1249 3648 23,
1292 3584 1321 3636 7
1444 3587 1475 3639 3
1514 3585 1613 3637 Iob
1653 3587 1737 3643 23,
1779 3588 1810 3637 8
1930 3588 1961 3639 6
2000 3585 2090 3642 Ps.
2133 3586 2249 3647 138,
2289 3586 2321 3637 8
2435 3586 2463 3637 7
2504 3583 2600 3635 lob

296 3674 389 3736 23,
428 3674 461 3726 9
576 3675 642 3727 10
681 3674 776 3726 Iob
817 3675 903 3735 23,
944 3674 976 3725 9
1090 3674 1155 3727 12
1196 3673 1292 3726 Iob
1333 3675 1418 3739 23,
1462 3674 1527 3727 10
1646 3675 1709 3727 13
1747 3673 1843 3726 Iob
1885 3676 1952 3727 23
1995 3676 2059 3727 10
2174 3675 2239 3727 14
2276 3673 2374 3726 Iob
2414 3674 2499 3733 23,
2534 3674 2593 3725 11

300 3764 370 3815 15
408 3761 505 3815 Iob
547 3763 633 3821 23,
678 3762 741 3815 13
930 3763 990 3814 17
1030 3760 1127 3813 Iob
1168 3763 1252 3823 23,
1298 3763 1362 3815 14
1548 3762 1614 3814 18
1652 3762 1748 3816 Iob
1789 3762 1873 3823 23,
1919 3763 1983 3815 14
2166 3762 2234 3814 20
2271 3762 2368 3815 101)
2408 3763 2492 3825 23,
2536 3763 2598 3814 15

294 3852 371 3904 22
407 3850 504 3904 Iob
545 3853 630 3914 23,
673 3853 737 3904 16
848 3852 916 3904 26
956 3852 1021 3903 cf.
1061 3850 1152 3906 Ex.
1196 3852 1243 3913 7,
1282 3853 1314 3905 3

376 3974 401 4027 1
447 3977 529 4026 est
568 3973 633 4025 ab
677 3989 737 4025 eo
784 3972 901 4027 Cbcl
990 3973 1022 4025 2
1061 3977 1116 4025 et
1156 3973 1347 4025 educet
1376 3974 1419 4026 S
1528 3974 1632 4026 fine
1668 3973 1720 4026 G-
1809 3975 1840 4026 3
1881 3975 1936 4025 et
1975 3973 2018 4024 si
2050 3972 2236 4025 SHier
2344 3972 2527 4025 abiero
2556 3973 2601 4025 S

292 4062 333 4115 4
370 4063 584 4131 ρυςΐ-εει]
626 4062 769 4114 ultra
807 4061 993 4115 SHier
1136 4079 1243 4114 non
1281 4062 1438 4131 mccl]
1480 4080 1604 4115 narn
1652 4064 1697 4114 G
1804 4066 1834 4115 5
1876 4062 2092 4114 dextera
2127 4062 2181 4114 P
2288 4064 2319 4114 6
2361 4060 2508 4114 caelo
2547 4062 2601 4114 P

288 4153 329 4221 ⁷7
372 4152 549 4219 agitet
587 4150 632 4203 S
774 4150 1117 4220 adprehende
1157 4151 1202 4205 S
1320 4153 1383 4205 10
1424 4150 1631 4204 debebo
1678 4152 1724 4204 C
1832 4152 1891 4204 11
1937 4151 2057 4219 ego]
2099 4167 2225 4218 ergo
2270 4150 2320 4203 G
2504 4149 2597 4202 ad-

296 4245 453 4293 uerto
499 4240 545 4292 0
654 4240 718 4293 12
757 4239 853 4292 sed
892 4257 991 4293 om.
1035 4240 1153 4293 (de
1264 4240 1328 4292 13
1369 4258 1451 4292 me
1491 4240 1704 4293 duxerit
1742 4240 1817 4293 bd
1958 4240 2152 4292 dixerit
2196 4240 2242 4292 C
2381 4243 2435 4291 et
2474 4256 2596 4308 pro-

292 4328 453 4381 bauit
491 4327 678 4381 SHier
765 4329 830 4380 14
866 4327 1311 4380 tribulationibus
1357 4327 1476 4380 de
1591 4328 1865 4396 ingrediar
1901 4327 1978 4381 Sb
2066 4329 2130 4380 19
2170 4331 2388 4380 aeterna
2416 4344 2517 4383 om.
2555 4330 2601 4381 G

293 4418 361 4470 21
406 4417 484 4470 eis
534 4414 632 4469 TC
736 4418 805 4469 24
844 4433 1043 4486 poenas
1084 4421 1138 4469 et
1176 4434 1275 4470 om.
1323 4416 1373 4469 G
