3076 4976
651 433 1126 499 Quaestionum
1164 435 1276 489 lib.
1315 436 1417 489 VII
1468 436 1757 502 (Quaest.
1800 438 1874 492 de
1913 439 2308 508 Iudicibus).
2491 448 2620 510 499

325 631 483 696 erit
541 631 858 694 domino
920 634 996 695 et
1054 632 1393 695 offeram
1454 651 1626 695 eum
1685 634 2328 701 holocaustoma.
2408 658 2621 719 quem-

325 739 483 802 libet
539 736 601 801 in
659 737 778 803 hoe
835 738 976 802 loeo
1036 737 1416 821 cogitauerit
1470 738 1692 819 Iephte
1760 740 2107 804 secundum
2169 742 2623 826 cogit-ationem

325 845 686 919 humanam,
737 863 855 908 non
906 843 1163 907 uidetur
1209 844 1461 908 unicam
1511 843 1705 909 filiam
1756 846 2108 929 cogitasse3
2167 848 2443 930 alioquin
2501 871 2622 915 non

324 952 581 1026 diceret,
634 969 775 1014 eum
823 950 998 1014 illam
1050 954 1333 1014 cerneret
1378 951 1765 1015 occurrisse:
1815 952 1962 1016 heu
2013 973 2143 1030 me,
2192 955 2378 1019 filia
2434 976 2619 1033 mea,

323 1057 730 1139 inpedisti
790 1075 938 1131 me3
1005 1056 1082 1121 in
1141 1057 1743 1122 offendiculum
1804 1059 2024 1122 faeta
2082 1080 2161 1124 es
2219 1061 2294 1126 in
2352 1063 2618 1126 oeulis

324 1164 548 1228 meis.
631 1163 1110 1247 „inpedisti“
1170 1164 1336 1226 enim
1387 1163 1478 1226 ita
1525 1163 1768 1227 dietum
1820 1167 1937 1240 est,
1995 1169 2319 1249 tamquam
2378 1169 2454 1231 ad
2501 1169 2619 1233 hoe

323 1290 391 1334 se
439 1269 791 1352 inpeditum
842 1269 1240 1347 indicauerit,
1289 1288 1366 1333 ne
1414 1269 1577 1333 illud
1617 1270 1783 1352 quod
1824 1272 2137 1354 cogitarat
2172 1273 2462 1356 inpleret.
2512 1275 2623 1338 sed

323 1396 508 1458 quem
565 1376 780 1459 potuit
845 1376 1125 1459 cogitare
1189 1375 1487 1457 primitus
1558 1381 2011 1454 occurrentem,
2072 1379 2176 1461 qui
2239 1380 2405 1445 filios
2462 1380 2620 1445 alios

276 1503 279 1506 ·
322 1503 442 1547 non
492 1483 814 1547 habebat?
882 1501 955 1545 an
1010 1482 1346 1566 coniugem
1400 1483 1758 1566 cogitauit?
1826 1488 1888 1548 et
1938 1487 2008 1547 ut
2053 1485 2173 1550 hoe
2229 1486 2409 1550 fieret
2463 1486 2620 1551 deus

231 1612 280 1648 ¹0

229 2144 280 2181 15

225 2678 279 2716 20

228 3215 283 3254 85

325 1590 530 1654 noluit
585 1593 650 1653 et
707 1593 779 1653 ut
834 1609 953 1656 non
1015 1588 1393 1669 relinqueret
1448 1590 1832 1670 inpunitum,
1892 1609 1968 1655 ne
2018 1592 2161 1673 quis
2210 1593 2509 1676 deinceps
2556 1594 2620 1657 id

321 1697 598 1772 anderen
661 1699 726 1759 et
780 1698 856 1759 ut
909 1714 1142 1781 magna
1197 1696 1598 1776 prouidentia
1656 1716 1727 1760 ex
1782 1697 1900 1762 hoe
1960 1719 2207 1782 quoque
2264 1701 2402 1781 ipso
2450 1701 2620 1783 quod

320 1804 554 1868 accidit
624 1807 1091 1868 sacramentum
1160 1803 1463 1867 ecelesiae
1531 1802 1879 1886 figuraret?
1954 1824 2024 1868 ex
2091 1810 2361 1888 utroque
2426 1808 2622 1891 igitur

318 1911 651 1992 prophetia
708 1913 1004 1991 coaptata
1061 1913 1191 1973 est:
1262 1913 1325 1973 et
1392 1929 1463 1973 ex
1529 1928 1601 1974 eo
1662 1910 1827 1992 quod
1887 1931 2128 1975 uouens
2189 1913 2503 1996 cogitauit
2558 1921 2622 1977 et

318 2037 389 2081 ex
461 2037 531 2083 eo
604 2017 772 2099 quod
841 2016 1077 2080 nolenti
1146 2016 1435 2100 contigit.
1523 2017 1577 2080 si
1645 2017 1810 2080 enim
1876 2018 2211 2100 coniugem
2288 2020 2616 2103 cogitauit».

321 2124 546 2188 coniux
609 2124 847 2190 Christi
905 2124 1175 2188 ecclesia
1232 2128 1363 2198 est3
1432 2127 1862 2206 propterea
1919 2125 2337 2206 relinquet
2391 2126 2616 2190 homo

318 2236 629 2313 patrem
697 2235 775 2294 et
838 2235 1170 2294 matrem
1239 2233 1316 2293 et
1379 2230 1860 2294 adhaerebit
1934 2231 2161 2294 uxori
2238 2250 2462 2304 suae;
2541 2237 2618 2296 et

317 2340 556 2402 erunt
604 2337 753 2401 duo
801 2337 876 2400 in
929 2355 1381 2400 carneuna.
1434 2340 2025 2400 sacramentum
2068 2337 2214 2401 hoc
2253 2358 2614 2420 magnum

318 2448 466 2518 est,
516 2443 728 2526 inquit
776 2444 1132 2525 apostolus,
1183 2462 1326 2527 ego
1376 2447 1643 2507 autem
1696 2442 1875 2508 dieo
1922 2443 1997 2507 in
2041 2443 2367 2509 Christo
2419 2449 2494 2509 et
2539 2443 2612 2507 in

316 2552 698 2616 eeclesia.
786 2551 898 2615 sed
966 2551 1116 2632 quia
1184 2551 1378 2615 huius
1443 2550 1666 2632 Iephte
1743 2550 1966 2615 coniux
2042 2550 2222 2634 uirgo
2290 2570 2428 2615 esse
2493 2570 2614 2613 non

319 2658 551 2741 potuit,
591 2658 653 2721 in
703 2678 774 2722 eo
826 2658 994 2740 quod
1042 2657 1171 2721 filia
1217 2658 1432 2739 potius
1482 2656 1759 2720 occurrit
1805 2660 1868 2721 et
1912 2657 2116 2721 inulta
2155 2676 2273 2721 non
2313 2658 2621 2720 remansit

315 2764 708 2845 prohibitum
757 2764 1137 2829 sacrificium
1187 2764 1485 2828 uouentis
1534 2762 1798 2826 audacia
1837 2767 1901 2828 et
1936 2763 2274 2847 uirginitas
2314 2763 2618 2829 eeclesiae

320 2871 588 2954 figurata
636 2874 751 2935 est.
831 2889 943 2934 nec
991 2871 1287 2934 abhorret
1332 2891 1368 2932 a
1416 2889 1586 2944 uere,
1646 2871 1812 2952 quod
1868 2870 2032 2934 filiae
2090 2871 2341 2934 nomine
2398 2870 2612 2934 eadem

317 2978 715 3060 significatur
763 2977 1063 3053 ecclesian
1114 2996 1257 3041 nam
1308 2978 1490 3041 cuius
1542 2979 1803 3042 alterius
1851 2981 2070 3060 typum
2124 2977 2381 3061 gerebat
2426 2978 2616 3041 etiam

315 3085 427 3148 illa
481 3085 729 3161 mulier,
788 3085 890 3149 eui
946 3088 1093 3167 post
1148 3088 1385 3148 tactam
1441 3084 1757 3147 fimbriam
1815 3104 1996 3148 suam
2055 3088 2308 3148 sanatae
2365 3085 2455 3148 ait
2511 3084 2616 3149 do-

322 3193 571 3257 minus:
612 3192 822 3267 filia,
863 3190 1076 3255 fides
1115 3194 1367 3255 tuate
1410 3191 1717 3254 saluam
1759 3190 1995 3265 feeit3
2037 3190 2235 3254 uade
2266 3191 2612 3272 inpaee‘?

319 3303 384 3365 et
441 3302 631 3373 certe,
689 3297 857 3363 uude
922 3298 1138 3361 nullus
1206 3297 1498 3380 ambigit,
1564 3297 1912 3378 discipulos
1981 3315 2132 3360 suos
2198 3295 2334 3378 ipse
2400 3297 2615 3378 sponsi

317 3406 484 3470 filios
541 3405 891 3489 appellauit
948 3423 1014 3468 se
1074 3403 1474 3486 apertissime
1532 3403 1817 3467 indicans
1875 3420 2199 3485 sponsum,
2250 3421 2396 3465 non
2445 3420 2613 3482 pos-

319 3515 544 3589 sunt,
611 3512 853 3594 inquit‚
918 3511 1293 3575 ieiunare
1360 3509 1532 3573 filii
1603 3509 1921 3591 sponsi,
1990 3508 2370 3591 quamdiu
2439 3527 2611 3572 eum

316 3619 505 3683 illis
565 3622 689 3683 est
750 3623 1152 3701 sponsus?
1228 3618 1564 3681 uenient
1621 3619 1885 3679 autem
1945 3615 2116 3679 dies
2176 3634 2344 3679 cum
2405 3614 2610 3678 aufe-

496 3846 530 3898 4
566 3843 685 3897 Iud.
730 3844 811 3904 11.
853 3845 922 3897 35
1073 3844 1135 3895 15
1176 3841 1376 3911 EpheS.
1415 3844 1467 3905 ὃ,
1507 3843 1592 3895 31.
1634 3842 1702 3895 32
1848 3841 1916 3893 24
1951 3839 2031 3893 'cf.
2070 3840 2266 3893 Matth.
2308 3840 2357 3901 9,
2399 3839 2610 3893 20—‘22

313 3934 383 3988 27
423 3932 619 3988 Matth.
659 3934 709 3995 9,
750 3935 817 3987 15

393 4094 416 4146 1
462 4099 517 4146 et
553 4109 669 4161 erp.
718 4092 769 4146 T
942 4091 1416 4145 holocaustomata
1452 4089 1499 4143 S
1639 4090 1672 4142 4
1709 4088 1851 4156 mea]
1892 4087 2028 4140 mihi
2065 4086 2120 4139 P
2154 4085 2260 4139 mei
2300 4084 2347 4138 S
2378 4084 2452 4136 mi
2490 4082 2614 4137 NV

318 4183 379 4237 11
423 4185 481 4236 et
517 4198 618 4236 om.
656 4182 712 4234 P
890 4185 987 4235 aut
1023 4182 1076 4234 P
1222 4180 1286 4233 13
1328 4183 1381 4232 et
1421 4184 1483 4243 (s,
1526 4178 1561 4231 l.
1600 4195 1666 4230 m.
1708 4180 1766 4241 2)
1808 4175 1907 4229 PS
1943 4192 2044 4229 om.
2096 4174 2143 4226 V
2315 4176 2372 4227 et-
2409 4188 2510 4225 om.
2563 4172 2612 4222 V

316 4272 384 4326 15
424 4271 653 4325 coniunx
690 4269 923 4325 P²NTd
1033 4270 1096 4322 17
1136 4269 1241 4322 duo
1270 4267 1459 4337 inquid
1488 4267 1556 4321 N
1659 4268 1724 4319 18
1763 4267 1817 4319 in
1836 4265 1941 4334 fin.
1973 4281 2076 4318 om.
2114 4264 2164 4317 V
2273 4263 2338 4315 19
2379 4260 2608 4314 coniunx

310 4359 492 4415 P²Vd
598 4361 667 4413 22
703 4376 809 4412 non
850 4358 896 4413 S
1001 4360 1068 4411 29
1108 4357 1293 4411 ueniet
1327 4356 1389 4410 N

2397 4456 2495 4509 32*
