<?xml version="1.0" encoding="UTF-8"?>
<!DOCTYPE html PUBLIC "-//W3C//DTD XHTML 1.0 Transitional//EN"
    "http://www.w3.org/TR/xhtml1/DTD/xhtml1-transitional.dtd">
<html xmlns="http://www.w3.org/1999/xhtml" xml:lang="en" lang="en">
 <head>
  <title>
</title>
<meta http-equiv="Content-Type" content="text/html;charset=utf-8" />
  <meta name='ocr-system' content='tesseract 3.04.00' />
  <meta name='ocr-capabilities' content='ocr_page ocr_carea ocr_par ocr_line ocrx_word'/>
</head>
<body>
  <div class='ocr_page' id='page_1' title='image "./corpusscriptoru31wissgoog_0181.png"; bbox 0 0 3076 4976; ppageno 0'>
   <div class='ocr_carea' id='block_1_1' title="bbox 666 538 2526 610">
    <p class='ocr_par' dir='ltr' id='par_1_1' title="bbox 666 538 2526 610">
     <span class='ocr_line' id='line_1_1' title="bbox 666 538 2526 610; baseline 0.005 -19"><span class='ocrx_word' id='word_1_1' title='bbox 666 539 1141 604; x_wconf 80' lang='lat' dir='ltr'><strong>Quaestionum</strong></span> <span class='ocrx_word' id='word_1_2' title='bbox 1179 538 1290 593; x_wconf 91' lang='lat' dir='ltr'>lib.</span> <span class='ocrx_word' id='word_1_3' title='bbox 1331 539 1385 592; x_wconf 92' lang='lat'>11</span> <span class='ocrx_word' id='word_1_4' title='bbox 1427 539 1713 606; x_wconf 84' lang='lat' dir='ltr'>(Quaest.</span> <span class='ocrx_word' id='word_1_5' title='bbox 1756 540 1830 594; x_wconf 90' lang='lat' dir='ltr'>de</span> <span class='ocrx_word' id='word_1_6' title='bbox 1870 541 2130 610; x_wconf 73' lang='lat' dir='ltr'>Exodo).</span> <span class='ocrx_word' id='word_1_7' title='bbox 2403 546 2526 609; x_wconf 79' lang='lat'>147</span> 
     </span>
    </p>
   </div>
   <div class='ocr_carea' id='block_1_2' title="bbox 175 733 2537 3592">
    <p class='ocr_par' dir='ltr' id='par_1_2' title="bbox 175 733 2537 3592">
     <span class='ocr_line' id='line_1_2' title="bbox 269 733 2534 817; baseline 0.002 -21"><span class='ocrx_word' id='word_1_8' title='bbox 269 752 390 797; x_wconf 90' lang='lat' dir='ltr'>non</span> <span class='ocrx_word' id='word_1_9' title='bbox 454 733 941 810; x_wconf 85' lang='lat' dir='ltr'>deformatus,</span> <span class='ocrx_word' id='word_1_10' title='bbox 1010 735 1542 798; x_wconf 76' lang='lat' dir='ltr'>detrimentum</span> <span class='ocrx_word' id='word_1_11' title='bbox 1601 735 1964 817; x_wconf 87' lang='lat' dir='ltr'>patietur:</span> <span class='ocrx_word' id='word_1_12' title='bbox 2025 739 2388 817; x_wconf 86' lang='lat' dir='ltr'>quantum</span> <span class='ocrx_word' id='word_1_13' title='bbox 2435 737 2534 801; x_wconf 92' lang='lat' dir='ltr'>in-</span> 
     </span>
     <span class='ocr_line' id='line_1_3' title="bbox 268 840 2534 925; baseline 0.001 -22"><span class='ocrx_word' id='word_1_14' title='bbox 268 840 527 904; x_wconf 81' lang='lat' dir='ltr'>dixerit</span> <span class='ocrx_word' id='word_1_15' title='bbox 572 842 694 904; x_wconf 91' lang='lat' dir='ltr'>uir</span> <span class='ocrx_word' id='word_1_16' title='bbox 738 841 1101 918; x_wconf 89' lang='lat' dir='ltr'>mulieris,</span> <span class='ocrx_word' id='word_1_17' title='bbox 1153 847 1224 905; x_wconf 89' lang='lat' dir='ltr'>et</span> <span class='ocrx_word' id='word_1_18' title='bbox 1270 841 1481 905; x_wconf 84' lang='lat' dir='ltr'>dabit</span> <span class='ocrx_word' id='word_1_19' title='bbox 1538 861 1698 905; x_wconf 91' lang='lat' dir='ltr'>cum</span> <span class='ocrx_word' id='word_1_20' title='bbox 1758 843 2302 925; x_wconf 80' lang='lat' dir='ltr'>postulatione.</span> <span class='ocrx_word' id='word_1_21' title='bbox 2378 843 2534 907; x_wconf 88' lang='lat' dir='ltr'>mihi</span> 
     </span>
     <span class='ocr_line' id='line_1_4' title="bbox 267 947 2533 1032; baseline 0.002 -23"><span class='ocrx_word' id='word_1_22' title='bbox 267 947 498 1010; x_wconf 88' lang='lat' dir='ltr'>uidetur</span> <span class='ocrx_word' id='word_1_23' title='bbox 561 947 1045 1030; x_wconf 86' lang='lat' dir='ltr'>significationis</span> <span class='ocrx_word' id='word_1_24' title='bbox 1112 948 1381 1012; x_wconf 82' lang='lat' dir='ltr'>alicuius</span> <span class='ocrx_word' id='word_1_25' title='bbox 1451 968 1641 1012; x_wconf 85' lang='lat' dir='ltr'>causa</span> <span class='ocrx_word' id='word_1_26' title='bbox 1706 948 1829 1012; x_wconf 88' lang='lat' dir='ltr'>dici</span> <span class='ocrx_word' id='word_1_27' title='bbox 1891 949 2044 1013; x_wconf 88' lang='lat' dir='ltr'>haec</span> <span class='ocrx_word' id='word_1_28' title='bbox 2092 950 2295 1031; x_wconf 84' lang='lat' dir='ltr'>magis</span> <span class='ocrx_word' id='word_1_29' title='bbox 2346 970 2533 1032; x_wconf 87' lang='lat' dir='ltr'>quam</span> 
     </span>
     <span class='ocr_line' id='line_1_5' title="bbox 265 1052 2534 1138; baseline 0.002 -22"><span class='ocrx_word' id='word_1_30' title='bbox 265 1055 554 1134; x_wconf 85' lang='lat' dir='ltr'>scriptura</span> <span class='ocrx_word' id='word_1_31' title='bbox 613 1056 781 1118; x_wconf 86' lang='lat' dir='ltr'>circa</span> <span class='ocrx_word' id='word_1_32' title='bbox 836 1052 1025 1118; x_wconf 82' lang='lat' dir='ltr'>huius</span> <span class='ocrx_word' id='word_1_33' title='bbox 1080 1055 1253 1119; x_wconf 90' lang='lat' dir='ltr'>modi</span> <span class='ocrx_word' id='word_1_34' title='bbox 1310 1056 1476 1118; x_wconf 86' lang='lat' dir='ltr'>facta</span> <span class='ocrx_word' id='word_1_35' title='bbox 1526 1059 1848 1138; x_wconf 82' lang='lat' dir='ltr'>occupata.</span> <span class='ocrx_word' id='word_1_36' title='bbox 1927 1075 2069 1119; x_wconf 87' lang='lat' dir='ltr'>nam</span> <span class='ocrx_word' id='word_1_37' title='bbox 2122 1057 2173 1119; x_wconf 90' lang='lat' dir='ltr'>si</span> <span class='ocrx_word' id='word_1_38' title='bbox 2221 1056 2382 1120; x_wconf 88' lang='lat' dir='ltr'>illud</span> <span class='ocrx_word' id='word_1_39' title='bbox 2431 1057 2534 1121; x_wconf 88' lang='lat' dir='ltr'>ad-</span> 
     </span>
     <span class='ocr_line' id='line_1_6' title="bbox 211 1160 2534 1245; baseline 0.003 -24"><span class='ocrx_word' id='word_1_40' title='bbox 211 1182 231 1221; x_wconf 78' lang='lat'>5</span> <span class='ocrx_word' id='word_1_41' title='bbox 262 1160 545 1237; x_wconf 79' lang='lat' dir='ltr'>tenderet,</span> <span class='ocrx_word' id='word_1_42' title='bbox 594 1181 674 1225; x_wconf 92' lang='lat' dir='ltr'>ne</span> <span class='ocrx_word' id='word_1_43' title='bbox 721 1181 1067 1244; x_wconf 75' lang='lat' dir='ltr'>praegnans</span> <span class='ocrx_word' id='word_1_44' title='bbox 1124 1163 1354 1225; x_wconf 88' lang='lat' dir='ltr'>mulier</span> <span class='ocrx_word' id='word_1_45' title='bbox 1407 1182 1713 1244; x_wconf 86' lang='lat' dir='ltr'>percussa</span> <span class='ocrx_word' id='word_1_46' title='bbox 1760 1163 1822 1226; x_wconf 91' lang='lat' dir='ltr'>in</span> <span class='ocrx_word' id='word_1_47' title='bbox 1871 1164 2161 1227; x_wconf 85' lang='lat' dir='ltr'>abortum</span> <span class='ocrx_word' id='word_1_48' title='bbox 2222 1165 2534 1245; x_wconf 89' lang='lat' dir='ltr'>conpelle-</span> 
     </span>
     <span class='ocr_line' id='line_1_7' title="bbox 262 1269 2530 1353; baseline 0.003 -24"><span class='ocrx_word' id='word_1_49' title='bbox 262 1271 433 1344; x_wconf 90' lang='lat' dir='ltr'>retur,</span> <span class='ocrx_word' id='word_1_50' title='bbox 481 1287 602 1331; x_wconf 89' lang='lat' dir='ltr'>non</span> <span class='ocrx_word' id='word_1_51' title='bbox 651 1272 913 1349; x_wconf 89' lang='lat' dir='ltr'>poneret</span> <span class='ocrx_word' id='word_1_52' title='bbox 961 1269 1119 1333; x_wconf 90' lang='lat' dir='ltr'>duos</span> <span class='ocrx_word' id='word_1_53' title='bbox 1159 1269 1487 1353; x_wconf 85' lang='lat' dir='ltr'>litigantes</span> <span class='ocrx_word' id='word_1_54' title='bbox 1528 1269 1720 1347; x_wconf 77' lang='lat' dir='ltr'>uirOS,</span> <span class='ocrx_word' id='word_1_55' title='bbox 1764 1289 1904 1333; x_wconf 89' lang='lat' dir='ltr'>cum</span> <span class='ocrx_word' id='word_1_56' title='bbox 1947 1271 2151 1352; x_wconf 88' lang='lat' dir='ltr'>possit</span> <span class='ocrx_word' id='word_1_57' title='bbox 2189 1275 2252 1334; x_wconf 89' lang='lat' dir='ltr'>et</span> <span class='ocrx_word' id='word_1_58' title='bbox 2292 1271 2365 1334; x_wconf 87' lang='lat' dir='ltr'>ab</span> <span class='ocrx_word' id='word_1_59' title='bbox 2407 1292 2530 1336; x_wconf 90' lang='lat' dir='ltr'>uno</span> 
     </span>
     <span class='ocr_line' id='line_1_8' title="bbox 260 1372 2534 1460; baseline 0.002 -24"><span class='ocrx_word' id='word_1_60' title='bbox 260 1372 365 1437; x_wconf 90' lang='lat' dir='ltr'>hoc</span> <span class='ocrx_word' id='word_1_61' title='bbox 417 1373 693 1448; x_wconf 81' lang='lat' dir='ltr'>admitti,</span> <span class='ocrx_word' id='word_1_62' title='bbox 752 1375 858 1455; x_wconf 88' lang='lat' dir='ltr'>qui</span> <span class='ocrx_word' id='word_1_63' title='bbox 915 1395 1060 1439; x_wconf 88' lang='lat' dir='ltr'>cum</span> <span class='ocrx_word' id='word_1_64' title='bbox 1105 1376 1246 1457; x_wconf 87' lang='lat' dir='ltr'>ipsa</span> <span class='ocrx_word' id='word_1_65' title='bbox 1292 1376 1555 1439; x_wconf 88' lang='lat' dir='ltr'>muliere</span> <span class='ocrx_word' id='word_1_66' title='bbox 1600 1375 1952 1460; x_wconf 87' lang='lat' dir='ltr'>litigauerit</span> <span class='ocrx_word' id='word_1_67' title='bbox 2008 1378 2112 1440; x_wconf 90' lang='lat' dir='ltr'>uel</span> <span class='ocrx_word' id='word_1_68' title='bbox 2171 1377 2360 1441; x_wconf 85' lang='lat' dir='ltr'>etiarn</span> <span class='ocrx_word' id='word_1_69' title='bbox 2415 1398 2534 1442; x_wconf 90' lang='lat' dir='ltr'>non</span> 
     </span>
     <span class='ocr_line' id='line_1_9' title="bbox 257 1482 2532 1564; baseline 0.003 -21"><span class='ocrx_word' id='word_1_70' title='bbox 257 1482 610 1564; x_wconf 82' lang='lat' dir='ltr'>litigauerit,</span> <span class='ocrx_word' id='word_1_71' title='bbox 682 1482 795 1545; x_wconf 89' lang='lat' dir='ltr'>sed</span> <span class='ocrx_word' id='word_1_72' title='bbox 859 1483 1097 1546; x_wconf 86' lang='lat' dir='ltr'>alienae</span> <span class='ocrx_word' id='word_1_73' title='bbox 1159 1483 1517 1564; x_wconf 80' lang='lat' dir='ltr'>posteritati</span> <span class='ocrx_word' id='word_1_74' title='bbox 1585 1503 1808 1547; x_wconf 90' lang='lat' dir='ltr'>nocere</span> <span class='ocrx_word' id='word_1_75' title='bbox 1867 1484 2135 1548; x_wconf 86' lang='lat' dir='ltr'>nolendo</span> <span class='ocrx_word' id='word_1_76' title='bbox 2185 1484 2248 1548; x_wconf 88' lang='lat' dir='ltr'>id</span> <span class='ocrx_word' id='word_1_77' title='bbox 2296 1485 2532 1549; x_wconf 88' lang='lat' dir='ltr'>fecerit.</span> 
     </span>
     <span class='ocr_line' id='line_1_10' title="bbox 259 1587 2532 1671; baseline 0.001 -22"><span class='ocrx_word' id='word_1_78' title='bbox 259 1587 409 1666; x_wconf 87' lang='lat' dir='ltr'>quod</span> <span class='ocrx_word' id='word_1_79' title='bbox 466 1607 619 1652; x_wconf 87' lang='lat' dir='ltr'>uero</span> <span class='ocrx_word' id='word_1_80' title='bbox 692 1609 812 1653; x_wconf 90' lang='grc'><strong>11011</strong></span> <span class='ocrx_word' id='word_1_81' title='bbox 878 1589 1216 1653; x_wconf 76' lang='lat' dir='ltr'>formatum</span> <span class='ocrx_word' id='word_1_82' title='bbox 1281 1589 1682 1671; x_wconf 87' lang='lat' dir='ltr'>puerperium</span> <span class='ocrx_word' id='word_1_83' title='bbox 1740 1590 1946 1654; x_wconf 91' lang='lat' dir='ltr'>noluit</span> <span class='ocrx_word' id='word_1_84' title='bbox 1994 1590 2072 1654; x_wconf 86' lang='lat' dir='ltr'>ad</span> <span class='ocrx_word' id='word_1_85' title='bbox 2120 1590 2532 1654; x_wconf 80' lang='lat' dir='ltr'>homicidium</span> 
     </span>
     <span class='ocr_line' id='line_1_11' title="bbox 184 1692 2532 1777; baseline 0.002 -23"><span class='ocrx_word' id='word_1_86' title='bbox 184 1719 225 1755; x_wconf 79' lang='grc' dir='ltr'>ιο</span> <span class='ocrx_word' id='word_1_87' title='bbox 256 1692 562 1772; x_wconf 85' lang='lat' dir='ltr'>pertinere,</span> <span class='ocrx_word' id='word_1_88' title='bbox 612 1694 896 1775; x_wconf 88' lang='lat' dir='ltr'>profecto</span> <span class='ocrx_word' id='word_1_89' title='bbox 944 1713 1060 1758; x_wconf 88' lang='lat' dir='ltr'>nec</span> <span class='ocrx_word' id='word_1_90' title='bbox 1106 1695 1424 1758; x_wconf 85' lang='lat' dir='ltr'>hominem</span> <span class='ocrx_word' id='word_1_91' title='bbox 1473 1695 1805 1776; x_wconf 87' lang='lat' dir='ltr'>deputauit</span> <span class='ocrx_word' id='word_1_92' title='bbox 1852 1696 2021 1777; x_wconf 89' lang='lat' dir='ltr'>quod</span> <span class='ocrx_word' id='word_1_93' title='bbox 2063 1696 2194 1763; x_wconf 75' lang='lat' dir='ltr'>‚tale</span> <span class='ocrx_word' id='word_1_94' title='bbox 2244 1695 2305 1758; x_wconf 90' lang='lat' dir='ltr'>in</span> <span class='ocrx_word' id='word_1_95' title='bbox 2355 1701 2532 1759; x_wconf 90' lang='lat' dir='ltr'>utero</span> 
     </span>
     <span class='ocr_line' id='line_1_12' title="bbox 256 1799 2528 1886; baseline 0.001 -24"><span class='ocrx_word' id='word_1_96' title='bbox 256 1799 496 1880; x_wconf 77' lang='lat' dir='ltr'>geritur.</span> <span class='ocrx_word' id='word_1_97' title='bbox 566 1801 672 1865; x_wconf 89' lang='lat' dir='ltr'>hic</span> <span class='ocrx_word' id='word_1_98' title='bbox 740 1801 814 1865; x_wconf 91' lang='lat' dir='ltr'>de</span> <span class='ocrx_word' id='word_1_99' title='bbox 882 1803 1090 1866; x_wconf 82' lang='lat' dir='ltr'>anima</span> <span class='ocrx_word' id='word_1_100' title='bbox 1156 1803 1441 1884; x_wconf 84' lang='lat' dir='ltr'>quaestio</span> <span class='ocrx_word' id='word_1_101' title='bbox 1518 1802 1682 1866; x_wconf 89' lang='lat' dir='ltr'>solet</span> <span class='ocrx_word' id='word_1_102' title='bbox 1748 1802 1992 1886; x_wconf 85' lang='lat' dir='ltr'>agitari,</span> <span class='ocrx_word' id='word_1_103' title='bbox 2070 1807 2285 1865; x_wconf 90' lang='lat' dir='ltr'>utrum</span> <span class='ocrx_word' id='word_1_104' title='bbox 2362 1803 2528 1884; x_wconf 89' lang='lat' dir='ltr'>quod</span> 
     </span>
     <span class='ocr_line' id='line_1_13' title="bbox 255 1905 2535 1991; baseline 0.002 -24"><span class='ocrx_word' id='word_1_105' title='bbox 255 1905 573 1970; x_wconf 88' lang='lat' dir='ltr'>formatum</span> <span class='ocrx_word' id='word_1_106' title='bbox 634 1927 759 1973; x_wconf 90' lang='lat' dir='ltr'>non</span> <span class='ocrx_word' id='word_1_107' title='bbox 819 1913 936 1986; x_wconf 86' lang='lat' dir='ltr'>est,-</span> <span class='ocrx_word' id='word_1_108' title='bbox 994 1929 1067 1972; x_wconf 88' lang='lat' dir='ltr'>ne</span> <span class='ocrx_word' id='word_1_109' title='bbox 1124 1909 1472 1972; x_wconf 86' lang='lat' dir='ltr'>animatum</span> <span class='ocrx_word' id='word_1_110' title='bbox 1531 1908 1788 1990; x_wconf 88' lang='lat' dir='ltr'>quidem</span> <span class='ocrx_word' id='word_1_111' title='bbox 1847 1909 2054 1991; x_wconf 85' lang='lat' dir='ltr'>possit</span> <span class='ocrx_word' id='word_1_112' title='bbox 2111 1908 2418 1991; x_wconf 82' lang='lat' dir='ltr'>intellegi,</span> <span class='ocrx_word' id='word_1_113' title='bbox 2471 1914 2535 1972; x_wconf 89' lang='lat' dir='ltr'>et</span> 
     </span>
     <span class='ocr_line' id='line_1_14' title="bbox 252 2012 2533 2097; baseline 0.003 -24"><span class='ocrx_word' id='word_1_114' title='bbox 252 2012 379 2075; x_wconf 89' lang='lat' dir='ltr'>ideo</span> <span class='ocrx_word' id='word_1_115' title='bbox 434 2034 553 2077; x_wconf 91' lang='lat' dir='ltr'>non</span> <span class='ocrx_word' id='word_1_116' title='bbox 619 2016 708 2079; x_wconf 89' lang='lat' dir='ltr'>sit</span> <span class='ocrx_word' id='word_1_117' title='bbox 764 2015 1197 2093; x_wconf 82' lang='lat' dir='ltr'>homicidium,</span> <span class='ocrx_word' id='word_1_118' title='bbox 1258 2015 1405 2097; x_wconf 86' lang='lat' dir='ltr'>quia</span> <span class='ocrx_word' id='word_1_119' title='bbox 1462 2035 1576 2079; x_wconf 90' lang='lat' dir='ltr'>nec</span> <span class='ocrx_word' id='word_1_120' title='bbox 1637 2016 2058 2078; x_wconf 80' lang='lat' dir='ltr'>exanimatum</span> <span class='ocrx_word' id='word_1_121' title='bbox 2121 2015 2242 2078; x_wconf 82' lang='lat' dir='ltr'>dici</span> <span class='ocrx_word' id='word_1_122' title='bbox 2298 2019 2533 2096; x_wconf 86' lang='lat' dir='ltr'>potest,</span> 
     </span>
     <span class='ocr_line' id='line_1_15' title="bbox 255 2118 2534 2204; baseline 0.002 -24"><span class='ocrx_word' id='word_1_123' title='bbox 255 2118 299 2181; x_wconf 89' lang='lat' dir='ltr'>si</span> <span class='ocrx_word' id='word_1_124' title='bbox 361 2119 562 2184; x_wconf 88' lang='lat' dir='ltr'>adhuc</span> <span class='ocrx_word' id='word_1_125' title='bbox 631 2122 905 2186; x_wconf 87' lang='lat' dir='ltr'>animam</span> <span class='ocrx_word' id='word_1_126' title='bbox 972 2142 1091 2186; x_wconf 90' lang='lat' dir='ltr'>non</span> <span class='ocrx_word' id='word_1_127' title='bbox 1157 2122 1449 2185; x_wconf 85' lang='lat' dir='ltr'>habebat.</span> <span class='ocrx_word' id='word_1_128' title='bbox 1502 2122 1790 2204; x_wconf 89' lang='lat' dir='ltr'>sequitur</span> <span class='ocrx_word' id='word_1_129' title='bbox 1856 2121 2022 2185; x_wconf 89' lang='lat' dir='ltr'>enim</span> <span class='ocrx_word' id='word_1_130' title='bbox 2089 2126 2152 2184; x_wconf 88' lang='lat' dir='ltr'>et</span> <span class='ocrx_word' id='word_1_131' title='bbox 2219 2122 2399 2185; x_wconf 89' lang='lat' dir='ltr'>dicit:</span> <span class='ocrx_word' id='word_1_132' title='bbox 2469 2123 2534 2185; x_wconf 90' lang='lat' dir='ltr'>si</span> 
     </span>
     <span class='ocr_line' id='line_1_16' title="bbox 182 2228 2532 2311; baseline 0.002 -24"><span class='ocrx_word' id='word_1_133' title='bbox 182 2252 217 2287; x_wconf 71' lang='lat'>13</span> <span class='ocrx_word' id='word_1_134' title='bbox 253 2229 478 2290; x_wconf 86' lang='lat' dir='ltr'>autem</span> <span class='ocrx_word' id='word_1_135' title='bbox 529 2229 935 2292; x_wconf 86' lang='lat' dir='ltr'>formatum</span> <span class='ocrx_word' id='word_1_136' title='bbox 984 2229 1237 2306; x_wconf 86' lang='lat' dir='ltr'>fuerit,</span> <span class='ocrx_word' id='word_1_137' title='bbox 1289 2228 1500 2292; x_wconf 87' lang='lat' dir='ltr'>dabit</span> <span class='ocrx_word' id='word_1_138' title='bbox 1548 2229 1861 2292; x_wconf 85' lang='lat' dir='ltr'>animam</span> <span class='ocrx_word' id='word_1_139' title='bbox 1909 2247 2036 2311; x_wconf 87' lang='lat' dir='ltr'>pro</span> <span class='ocrx_word' id='word_1_140' title='bbox 2088 2228 2355 2294; x_wconf 85' lang='lat' dir='ltr'>anima.</span> <span class='ocrx_word' id='word_1_141' title='bbox 2423 2229 2532 2292; x_wconf 87' lang='lat' dir='ltr'>ubi</span> 
     </span>
     <span class='ocr_line' id='line_1_17' title="bbox 254 2333 2530 2419; baseline 0.002 -25"><span class='ocrx_word' id='word_1_142' title='bbox 254 2333 386 2413; x_wconf 86' lang='lat' dir='ltr'>quid</span> <span class='ocrx_word' id='word_1_143' title='bbox 432 2335 608 2399; x_wconf 83' lang='lat' dir='ltr'>aliud</span> <span class='ocrx_word' id='word_1_144' title='bbox 656 2335 1050 2419; x_wconf 85' lang='lat' dir='ltr'>intellegitur</span> <span class='ocrx_word' id='word_1_145' title='bbox 1095 2336 1216 2400; x_wconf 90' lang='lat' dir='ltr'>nisi</span> <span class='ocrx_word' id='word_1_146' title='bbox 1274 2340 1373 2411; x_wconf 86' lang='lat' dir='ltr'>„et</span> <span class='ocrx_word' id='word_1_147' title='bbox 1418 2336 1556 2417; x_wconf 89' lang='lat' dir='ltr'>ipse</span> <span class='ocrx_word' id='word_1_148' title='bbox 1595 2336 1978 2400; x_wconf 79' lang='lat' dir='ltr'>morietur?“</span> <span class='ocrx_word' id='word_1_149' title='bbox 2026 2354 2167 2399; x_wconf 85' lang='lat' dir='ltr'>nam</span> <span class='ocrx_word' id='word_1_150' title='bbox 2208 2335 2326 2399; x_wconf 93' lang='lat' dir='ltr'>hoc</span> <span class='ocrx_word' id='word_1_151' title='bbox 2368 2338 2431 2398; x_wconf 86' lang='lat' dir='ltr'>et</span> <span class='ocrx_word' id='word_1_152' title='bbox 2467 2336 2530 2399; x_wconf 91' lang='lat' dir='ltr'>in</span> 
     </span>
     <span class='ocr_line' id='line_1_18' title="bbox 252 2441 2530 2525; baseline 0.003 -24"><span class='ocrx_word' id='word_1_153' title='bbox 252 2441 457 2505; x_wconf 86' lang='lat' dir='ltr'>ceteris</span> <span class='ocrx_word' id='word_1_154' title='bbox 507 2461 578 2507; x_wconf 83' lang='lat' dir='ltr'>ex</span> <span class='ocrx_word' id='word_1_155' title='bbox 628 2443 753 2507; x_wconf 88' lang='lat' dir='ltr'>hac</span> <span class='ocrx_word' id='word_1_156' title='bbox 802 2443 1125 2508; x_wconf 76' lang='lat' dir='ltr'>occasione</span> <span class='ocrx_word' id='word_1_157' title='bbox 1184 2443 1310 2507; x_wconf 86' lang='lat' dir='ltr'>iam</span> <span class='ocrx_word' id='word_1_158' title='bbox 1359 2442 1692 2525; x_wconf 83' lang='lat' dir='ltr'>praecipit:</span> <span class='ocrx_word' id='word_1_159' title='bbox 1761 2442 2058 2507; x_wconf 89' lang='lat' dir='ltr'>oculum</span> <span class='ocrx_word' id='word_1_160' title='bbox 2107 2461 2234 2524; x_wconf 89' lang='lat' dir='ltr'>pro</span> <span class='ocrx_word' id='word_1_161' title='bbox 2285 2442 2530 2520; x_wconf 88' lang='lat' dir='ltr'>ocn10,</span> 
     </span>
     <span class='ocr_line' id='line_1_19' title="bbox 251 2544 2529 2631; baseline 0.002 -23"><span class='ocrx_word' id='word_1_162' title='bbox 251 2544 522 2612; x_wconf 86' lang='lat' dir='ltr'>dentem</span> <span class='ocrx_word' id='word_1_163' title='bbox 572 2569 708 2631; x_wconf 90' lang='lat' dir='ltr'>pro</span> <span class='ocrx_word' id='word_1_164' title='bbox 760 2550 999 2627; x_wconf 88' lang='lat' dir='ltr'>dente,</span> <span class='ocrx_word' id='word_1_165' title='bbox 1048 2570 1339 2614; x_wconf 88' lang='lat' dir='ltr'>manum</span> <span class='ocrx_word' id='word_1_166' title='bbox 1387 2570 1515 2631; x_wconf 91' lang='lat' dir='ltr'>pro</span> <span class='ocrx_word' id='word_1_167' title='bbox 1566 2569 1804 2625; x_wconf 78' lang='lat' dir='ltr'>manu,</span> <span class='ocrx_word' id='word_1_168' title='bbox 1855 2549 2113 2631; x_wconf 88' lang='lat' dir='ltr'>pedem</span> <span class='ocrx_word' id='word_1_169' title='bbox 2152 2569 2278 2630; x_wconf 90' lang='lat' dir='ltr'>pro</span> <span class='ocrx_word' id='word_1_170' title='bbox 2321 2550 2529 2631; x_wconf 87' lang='lat' dir='ltr'>pede,</span> 
     </span>
     <span class='ocr_line' id='line_1_20' title="bbox 251 2654 2533 2738; baseline 0.003 -25"><span class='ocrx_word' id='word_1_171' title='bbox 251 2654 819 2720; x_wconf 85' lang='lat' dir='ltr'>conbustionem</span> <span class='ocrx_word' id='word_1_172' title='bbox 884 2676 1011 2738; x_wconf 89' lang='lat' dir='ltr'>pro</span> <span class='ocrx_word' id='word_1_173' title='bbox 1081 2657 1600 2731; x_wconf 82' lang='lat' dir='ltr'>conbustione,</span> <span class='ocrx_word' id='word_1_174' title='bbox 1670 2656 1946 2720; x_wconf 88' lang='lat' dir='ltr'>uulnus</span> <span class='ocrx_word' id='word_1_175' title='bbox 2005 2675 2133 2738; x_wconf 90' lang='lat' dir='ltr'>pro</span> <span class='ocrx_word' id='word_1_176' title='bbox 2193 2656 2533 2735; x_wconf 89' lang='lat' dir='ltr'>uulnere,</span> 
     </span>
     <span class='ocr_line' id='line_1_21' title="bbox 175 2759 2534 2846; baseline 0.001 -23"><span class='ocrx_word' id='word_1_177' title='bbox 175 2759 550 2827; x_wconf 77' lang='lat' dir='ltr'>2oliiiorem</span> <span class='ocrx_word' id='word_1_178' title='bbox 607 2783 743 2846; x_wconf 89' lang='lat' dir='ltr'>pro</span> <span class='ocrx_word' id='word_1_179' title='bbox 800 2764 1068 2841; x_wconf 89' lang='lat' dir='ltr'>liuore,</span> <span class='ocrx_word' id='word_1_180' title='bbox 1127 2763 1381 2828; x_wconf 88' lang='lat' dir='ltr'>talionis</span> <span class='ocrx_word' id='word_1_181' title='bbox 1442 2763 1741 2826; x_wconf 89' lang='lat' dir='ltr'>uidelicet</span> <span class='ocrx_word' id='word_1_182' title='bbox 1798 2763 2134 2844; x_wconf 80' lang='lat' dir='ltr'>aequitate.</span> <span class='ocrx_word' id='word_1_183' title='bbox 2218 2782 2374 2843; x_wconf 86' lang='lat' dir='ltr'>quae</span> <span class='ocrx_word' id='word_1_184' title='bbox 2435 2764 2534 2826; x_wconf 84' lang='lat' dir='ltr'>lex</span> 
     </span>
     <span class='ocr_line' id='line_1_22' title="bbox 252 2865 2535 2951; baseline 0 -22"><span class='ocrx_word' id='word_1_185' title='bbox 252 2865 378 2931; x_wconf 89' lang='lat' dir='ltr'>ideo</span> <span class='ocrx_word' id='word_1_186' title='bbox 427 2870 791 2947; x_wconf 88' lang='lat' dir='ltr'>constituit,</span> <span class='ocrx_word' id='word_1_187' title='bbox 841 2874 913 2934; x_wconf 88' lang='lat' dir='ltr'>ut</span> <span class='ocrx_word' id='word_1_188' title='bbox 960 2873 1418 2935; x_wconf 83' lang='lat' dir='ltr'>demonstraret</span> <span class='ocrx_word' id='word_1_189' title='bbox 1474 2890 1632 2951; x_wconf 89' lang='lat' dir='ltr'>quae</span> <span class='ocrx_word' id='word_1_190' title='bbox 1690 2870 1972 2933; x_wconf 87' lang='lat' dir='ltr'>uindicta</span> <span class='ocrx_word' id='word_1_191' title='bbox 2020 2869 2339 2932; x_wconf 86' lang='lat' dir='ltr'>debeatur.</span> <span class='ocrx_word' id='word_1_192' title='bbox 2415 2869 2535 2931; x_wconf 84' lang='lat' dir='ltr'>nisi</span> 
     </span>
     <span class='ocr_line' id='line_1_23' title="bbox 254 2975 2535 3060; baseline -0 -22"><span class='ocrx_word' id='word_1_193' title='bbox 254 2977 405 3040; x_wconf 90' lang='lat' dir='ltr'>enim</span> <span class='ocrx_word' id='word_1_194' title='bbox 485 2998 601 3060; x_wconf 89' lang='lat' dir='ltr'>per</span> <span class='ocrx_word' id='word_1_195' title='bbox 687 2978 895 3060; x_wconf 91' lang='lat' dir='ltr'>legem</span> <span class='ocrx_word' id='word_1_196' title='bbox 980 2978 1247 3041; x_wconf 76' lang='lat' dir='ltr'>sciretur</span> <span class='ocrx_word' id='word_1_197' title='bbox 1330 2976 1481 3058; x_wconf 88' lang='lat' dir='ltr'>quid</span> <span class='ocrx_word' id='word_1_198' title='bbox 1565 2975 1880 3039; x_wconf 85' lang='lat' dir='ltr'>uindictae</span> <span class='ocrx_word' id='word_1_199' title='bbox 1964 2975 2314 3049; x_wconf 88' lang='lat' dir='ltr'>deberetur,</span> <span class='ocrx_word' id='word_1_200' title='bbox 2372 2975 2535 3038; x_wconf 88' lang='lat' dir='ltr'>unde</span> 
     </span>
     <span class='ocr_line' id='line_1_24' title="bbox 253 3081 2535 3166; baseline 0 -21"><span class='ocrx_word' id='word_1_201' title='bbox 253 3083 504 3148; x_wconf 86' lang='lat' dir='ltr'>sciretur</span> <span class='ocrx_word' id='word_1_202' title='bbox 552 3084 710 3166; x_wconf 90' lang='lat' dir='ltr'>quid</span> <span class='ocrx_word' id='word_1_203' title='bbox 760 3084 944 3147; x_wconf 89' lang='lat' dir='ltr'>uenia</span> <span class='ocrx_word' id='word_1_204' title='bbox 990 3085 1315 3159; x_wconf 80' lang='lat' dir='ltr'>relaxaret,</span> <span class='ocrx_word' id='word_1_205' title='bbox 1375 3086 1447 3145; x_wconf 92' lang='lat' dir='ltr'>ut</span> <span class='ocrx_word' id='word_1_206' title='bbox 1504 3082 1626 3146; x_wconf 91' lang='lat' dir='ltr'>dici</span> <span class='ocrx_word' id='word_1_207' title='bbox 1684 3088 1933 3163; x_wconf 84' lang='lat' dir='ltr'>posset:</span> <span class='ocrx_word' id='word_1_208' title='bbox 1999 3086 2162 3154; x_wconf 90' lang='lat' dir='ltr'>&lt;et&gt;</span> <span class='ocrx_word' id='word_1_209' title='bbox 2236 3081 2535 3145; x_wconf 84' lang='lat' dir='ltr'>dimitte</span> 
     </span>
     <span class='ocr_line' id='line_1_25' title="bbox 254 3187 2535 3267; baseline -0.001 -15"><span class='ocrx_word' id='word_1_210' title='bbox 254 3191 452 3255; x_wconf 87' lang='lat' dir='ltr'>nobis</span> <span class='ocrx_word' id='word_1_211' title='bbox 521 3191 788 3255; x_wconf 88' lang='lat' dir='ltr'>debita</span> <span class='ocrx_word' id='word_1_212' title='bbox 855 3193 1131 3267; x_wconf 87' lang='lat' dir='ltr'>nostra,</span> <span class='ocrx_word' id='word_1_213' title='bbox 1200 3190 1404 3254; x_wconf 89' lang='lat' dir='ltr'>sicut</span> <span class='ocrx_word' id='word_1_214' title='bbox 1471 3194 1543 3252; x_wconf 90' lang='lat' dir='ltr'>et</span> <span class='ocrx_word' id='word_1_215' title='bbox 1607 3209 1739 3252; x_wconf 87' lang='lat' dir='ltr'>nos</span> <span class='ocrx_word' id='word_1_216' title='bbox 1808 3188 2270 3251; x_wconf 86' lang='lat' dir='ltr'>dimittimus</span> <span class='ocrx_word' id='word_1_217' title='bbox 2338 3187 2535 3250; x_wconf 83' lang='lat' dir='ltr'>debi-</span> 
     </span>
     <span class='ocr_line' id='line_1_26' title="bbox 178 3296 2537 3379; baseline -0.003 -17"><span class='ocrx_word' id='word_1_218' title='bbox 178 3298 536 3362; x_wconf 71' lang='lat' dir='ltr'>2⁵toribus</span> <span class='ocrx_word' id='word_1_219' title='bbox 618 3297 947 3362; x_wconf 80' lang='lat' dir='ltr'>nostris?</span> <span class='ocrx_word' id='word_1_220' title='bbox 1033 3296 1347 3361; x_wconf 88' lang='lat' dir='ltr'>debitores</span> <span class='ocrx_word' id='word_1_221' title='bbox 1431 3296 1629 3379; x_wconf 82' lang='lat' dir='ltr'>igitur</span> <span class='ocrx_word' id='word_1_222' title='bbox 1710 3296 1851 3378; x_wconf 86' lang='lat' dir='ltr'>lege</span> <span class='ocrx_word' id='word_1_223' title='bbox 1937 3299 2385 3371; x_wconf 84' lang='lat' dir='ltr'>monstrantur,</span> <span class='ocrx_word' id='word_1_224' title='bbox 2462 3297 2537 3356; x_wconf 91' lang='lat' dir='ltr'>ut</span> 
     </span>
     <span class='ocr_line' id='line_1_27' title="bbox 254 3401 2534 3490; baseline -0.001 -24"><span class='ocrx_word' id='word_1_225' title='bbox 254 3405 486 3484; x_wconf 87' lang='lat' dir='ltr'>quando</span> <span class='ocrx_word' id='word_1_226' title='bbox 563 3406 929 3490; x_wconf 88' lang='lat' dir='ltr'>ignoscitur</span> <span class='ocrx_word' id='word_1_227' title='bbox 1001 3404 1299 3486; x_wconf 86' lang='lat' dir='ltr'>adpareat</span> <span class='ocrx_word' id='word_1_228' title='bbox 1383 3403 1534 3486; x_wconf 89' lang='lat' dir='ltr'>quid</span> <span class='ocrx_word' id='word_1_229' title='bbox 1622 3402 1997 3466; x_wconf 87' lang='lat' dir='ltr'>dimittatur.</span> <span class='ocrx_word' id='word_1_230' title='bbox 2085 3421 2283 3483; x_wconf 88' lang='lat' dir='ltr'>neque</span> <span class='ocrx_word' id='word_1_231' title='bbox 2369 3401 2534 3464; x_wconf 89' lang='lat' dir='ltr'>enim</span> 
     </span>
     <span class='ocr_line' id='line_1_28' title="bbox 253 3507 2535 3592; baseline -0.001 -20"><span class='ocrx_word' id='word_1_232' title='bbox 253 3508 452 3575; x_wconf 88' lang='lat' dir='ltr'>debita</span> <span class='ocrx_word' id='word_1_233' title='bbox 519 3511 1014 3589; x_wconf 83' lang='lat' dir='ltr'>dimitteremus,</span> <span class='ocrx_word' id='word_1_234' title='bbox 1082 3511 1204 3574; x_wconf 89' lang='lat' dir='ltr'>nisi</span> <span class='ocrx_word' id='word_1_235' title='bbox 1272 3510 1424 3592; x_wconf 84' lang='lat' dir='ltr'>quid</span> <span class='ocrx_word' id='word_1_236' title='bbox 1489 3510 1669 3574; x_wconf 89' lang='lat' dir='ltr'>nobis</span> <span class='ocrx_word' id='word_1_237' title='bbox 1738 3509 2073 3573; x_wconf 82' lang='lat' dir='ltr'>deberetur</span> <span class='ocrx_word' id='word_1_238' title='bbox 2126 3509 2266 3591; x_wconf 91' lang='lat' dir='ltr'>lege</span> <span class='ocrx_word' id='word_1_239' title='bbox 2328 3507 2535 3570; x_wconf 84' lang='lat' dir='ltr'>indice</span> 
     </span>
    </p>
   </div>
   <div class='ocr_carea' id='block_1_3' title="bbox 421 3753 2142 3817">
    <p class='ocr_par' dir='ltr' id='par_1_3' title="bbox 421 3753 2142 3817">
     <span class='ocr_line' id='line_1_29' title="bbox 421 3753 2142 3817; baseline -0.001 -11"><span class='ocrx_word' id='word_1_240' title='bbox 421 3757 485 3807; x_wconf 83' lang='lat'>14</span> <span class='ocrx_word' id='word_1_241' title='bbox 526 3755 621 3808; x_wconf 84' lang='lat' dir='ltr'>Ex.</span> <span class='ocrx_word' id='word_1_242' title='bbox 664 3755 751 3810; x_wconf 87' lang='grc'>21.</span> <span class='ocrx_word' id='word_1_243' title='bbox 791 3755 860 3807; x_wconf 81' lang='grc'>23</span> <span class='ocrx_word' id='word_1_244' title='bbox 973 3755 1036 3807; x_wconf 81' lang='grc'>17</span> <span class='ocrx_word' id='word_1_245' title='bbox 1078 3753 1168 3807; x_wconf 79' lang='lat' dir='ltr'>Ex.</span> <span class='ocrx_word' id='word_1_246' title='bbox 1211 3755 1299 3817; x_wconf 91' lang='grc'>21,</span> <span class='ocrx_word' id='word_1_247' title='bbox 1340 3755 1423 3807; x_wconf 78' lang='grc'>24.</span> <span class='ocrx_word' id='word_1_248' title='bbox 1464 3754 1530 3807; x_wconf 78' lang='lat'>25</span> <span class='ocrx_word' id='word_1_249' title='bbox 1643 3755 1710 3807; x_wconf 79' lang='lat'>23</span> <span class='ocrx_word' id='word_1_250' title='bbox 1748 3753 1945 3808; x_wconf 81' lang='lat' dir='ltr'>Matth.</span> <span class='ocrx_word' id='word_1_251' title='bbox 1987 3753 2034 3816; x_wconf 88' lang='lat'>6,</span> <span class='ocrx_word' id='word_1_252' title='bbox 2079 3754 2142 3805; x_wconf 76' lang='lat'>12</span> 
     </span>
    </p>
   </div>
   <div class='ocr_carea' id='block_1_4' title="bbox 253 3927 2542 4532">
    <p class='ocr_par' dir='ltr' id='par_1_4' title="bbox 253 3927 2542 4532">
     <span class='ocr_line' id='line_1_30' title="bbox 321 3927 2540 3996; baseline -0.001 -16"><span class='ocrx_word' id='word_1_253' title='bbox 321 3930 341 3980; x_wconf 97' lang='lat' dir='ltr'>l</span> <span class='ocrx_word' id='word_1_254' title='bbox 400 3947 507 3981; x_wconf 87' lang='grc'><strong>11011</strong></span> <span class='ocrx_word' id='word_1_255' title='bbox 567 3928 928 3996; x_wconf 78' lang='lat' dir='ltr'>deformatus]</span> <span class='ocrx_word' id='word_1_256' title='bbox 987 3928 1225 3982; x_wconf 86' lang='lat' dir='ltr'>nondum</span> <span class='ocrx_word' id='word_1_257' title='bbox 1283 3928 1542 3981; x_wconf 85' lang='lat' dir='ltr'>formatus</span> <span class='ocrx_word' id='word_1_258' title='bbox 1583 3928 1656 3981; x_wconf 79' lang='lat' dir='ltr'>bd</span> <span class='ocrx_word' id='word_1_259' title='bbox 1835 3929 1866 3980; x_wconf 85' lang='grc'><strong>2</strong></span> <span class='ocrx_word' id='word_1_260' title='bbox 1923 3930 2008 3980; x_wconf 74' lang='grc' dir='ltr'>καὶ</span> <span class='ocrx_word' id='word_1_261' title='bbox 2047 3927 2202 3979; x_wconf 65' lang='grc' dir='ltr'>δώσει</span> <span class='ocrx_word' id='word_1_262' title='bbox 2240 3927 2356 3980; x_wconf 84' lang='lat' dir='ltr'>cod.</span> <span class='ocrx_word' id='word_1_263' title='bbox 2396 3927 2540 3980; x_wconf 64' lang='lat' dir='ltr'>Alea:</span> 
     </span>
     <span class='ocr_line' id='line_1_31' title="bbox 254 4014 2535 4086; baseline -0.001 -17"><span class='ocrx_word' id='word_1_264' title='bbox 254 4033 358 4070; x_wconf 83' lang='lat' dir='ltr'>cum</span> <span class='ocrx_word' id='word_1_265' title='bbox 397 4035 498 4071; x_wconf 86' lang='lat' dir='ltr'>om.</span> <span class='ocrx_word' id='word_1_266' title='bbox 545 4018 596 4071; x_wconf 80' lang='lat' dir='ltr'><em>C</em></span> <span class='ocrx_word' id='word_1_267' title='bbox 702 4020 737 4071; x_wconf 86' lang='lat'>4</span> <span class='ocrx_word' id='word_1_268' title='bbox 775 4018 1095 4086; x_wconf 88' lang='lat' dir='ltr'>scripturam</span> <span class='ocrx_word' id='word_1_269' title='bbox 1135 4018 1209 4071; x_wconf 76' lang='lat' dir='ltr'>bd</span> <span class='ocrx_word' id='word_1_270' title='bbox 1353 4023 1669 4086; x_wconf 85' lang='lat' dir='ltr'>occupatam</span> <span class='ocrx_word' id='word_1_271' title='bbox 1710 4017 1783 4070; x_wconf 79' lang='lat' dir='ltr'>bd</span> <span class='ocrx_word' id='word_1_272' title='bbox 1905 4021 1935 4071; x_wconf 78' lang='lat'>5</span> <span class='ocrx_word' id='word_1_273' title='bbox 1975 4016 2166 4069; x_wconf 87' lang='lat' dir='ltr'>abortu</span> <span class='ocrx_word' id='word_1_274' title='bbox 2206 4014 2252 4068; x_wconf 88' lang='lat' dir='ltr'><strong><em>S</em></strong></span> <span class='ocrx_word' id='word_1_275' title='bbox 2369 4015 2400 4067; x_wconf 88' lang='lat'>6</span> <span class='ocrx_word' id='word_1_276' title='bbox 2438 4031 2535 4082; x_wconf 89' lang='lat' dir='ltr'>po·</span> 
     </span>
     <span class='ocr_line' id='line_1_32' title="bbox 253 4101 2536 4176; baseline -0.002 -19"><span class='ocrx_word' id='word_1_277' title='bbox 253 4110 382 4160; x_wconf 83' lang='lat' dir='ltr'>teret</span> <span class='ocrx_word' id='word_1_278' title='bbox 418 4108 495 4160; x_wconf 78' lang='grc' dir='ltr'>Ρι</span> <span class='ocrx_word' id='word_1_279' title='bbox 540 4112 775 4176; x_wconf 84' lang='lat' dir='ltr'>poneret</span> <span class='ocrx_word' id='word_1_280' title='bbox 821 4123 885 4160; x_wconf 79' lang='lat' dir='ltr'>ex</span> <span class='ocrx_word' id='word_1_281' title='bbox 928 4109 1144 4176; x_wconf 86' lang='lat' dir='ltr'>poterat</span> <span class='ocrx_word' id='word_1_282' title='bbox 1180 4105 1226 4160; x_wconf 83' lang='lat' dir='ltr'><strong><em>S</em></strong></span> <span class='ocrx_word' id='word_1_283' title='bbox 1403 4106 1435 4159; x_wconf 81' lang='lat'>8</span> <span class='ocrx_word' id='word_1_284' title='bbox 1494 4107 1694 4175; x_wconf 86' lang='lat' dir='ltr'>poterit</span> <span class='ocrx_word' id='word_1_285' title='bbox 1741 4106 1818 4159; x_wconf 83' lang='lat' dir='ltr'>ati</span> <span class='ocrx_word' id='word_1_286' title='bbox 1855 4106 1918 4159; x_wconf 77' lang='lat' dir='ltr'><em>N</em></span> <span class='ocrx_word' id='word_1_287' title='bbox 2094 4106 2124 4156; x_wconf 89' lang='lat'>9</span> <span class='ocrx_word' id='word_1_288' title='bbox 2183 4104 2359 4156; x_wconf 89' lang='lat' dir='ltr'>uoluit</span> <span class='ocrx_word' id='word_1_289' title='bbox 2403 4101 2536 4154; x_wconf 83' lang='lat' dir='ltr'>PV¹</span> 
     </span>
     <span class='ocr_line' id='line_1_33' title="bbox 258 4191 2535 4265; baseline -0.001 -20"><span class='ocrx_word' id='word_1_290' title='bbox 258 4194 315 4246; x_wconf 86' lang='lat'>13</span> <span class='ocrx_word' id='word_1_291' title='bbox 342 4198 708 4250; x_wconf 81' lang='lat' dir='ltr'>examinatum</span> <span class='ocrx_word' id='word_1_292' title='bbox 737 4196 810 4249; x_wconf 79' lang='lat' dir='ltr'>bd</span> <span class='ocrx_word' id='word_1_293' title='bbox 921 4198 986 4249; x_wconf 81' lang='lat'>14</span> <span class='ocrx_word' id='word_1_294' title='bbox 1014 4196 1215 4249; x_wconf 81' lang='lat' dir='ltr'>babeat</span> <span class='ocrx_word' id='word_1_295' title='bbox 1246 4195 1293 4248; x_wconf 98' lang='lat' dir='ltr'><strong><em>S</em></strong></span> <span class='ocrx_word' id='word_1_296' title='bbox 1392 4198 1457 4249; x_wconf 90' lang='grc'>16</span> <span class='ocrx_word' id='word_1_297' title='bbox 1488 4197 1566 4265; x_wconf 86' lang='lat' dir='ltr'>et]</span> <span class='ocrx_word' id='word_1_298' title='bbox 1601 4200 1662 4248; x_wconf 90' lang='lat' dir='ltr'>ut</span> <span class='ocrx_word' id='word_1_299' title='bbox 1687 4196 1732 4249; x_wconf 89' lang='lat' dir='ltr'><strong><em>S</em></strong></span> <span class='ocrx_word' id='word_1_300' title='bbox 1854 4195 2115 4248; x_wconf 81' lang='lat' dir='ltr'>moriatur</span> <span class='ocrx_word' id='word_1_301' title='bbox 2143 4192 2187 4245; x_wconf 89' lang='lat' dir='ltr'><strong><em>S</em></strong></span> <span class='ocrx_word' id='word_1_302' title='bbox 2287 4191 2351 4243; x_wconf 81' lang='lat'>17</span> <span class='ocrx_word' id='word_1_303' title='bbox 2381 4206 2535 4259; x_wconf 85' lang='lat' dir='ltr'>prae·</span> 
     </span>
     <span class='ocr_line' id='line_1_34' title="bbox 256 4279 2535 4353; baseline -0.002 -18"><span class='ocrx_word' id='word_1_304' title='bbox 256 4285 389 4353; x_wconf 82' lang='lat' dir='ltr'>cepit</span> <span class='ocrx_word' id='word_1_305' title='bbox 421 4284 664 4339; x_wconf 74' lang='grc' dir='ltr'>ΟΝΤΡ2</span> <span class='ocrx_word' id='word_1_306' title='bbox 777 4287 841 4339; x_wconf 88' lang='grc'>18</span> <span class='ocrx_word' id='word_1_307' title='bbox 879 4285 1040 4339; x_wconf 88' lang='lat' dir='ltr'>dente</span> <span class='ocrx_word' id='word_1_308' title='bbox 1068 4285 1144 4337; x_wconf 77' lang='grc' dir='ltr'>Ρι</span> <span class='ocrx_word' id='word_1_309' title='bbox 1258 4286 1321 4338; x_wconf 88' lang='lat'>19</span> <span class='ocrx_word' id='word_1_310' title='bbox 1361 4283 1730 4338; x_wconf 66' lang='lat' dir='ltr'>cubus-tionem</span> <span class='ocrx_word' id='word_1_311' title='bbox 1772 4286 1817 4338; x_wconf 83' lang='lat' dir='ltr'><strong><em>C</em></strong></span> <span class='ocrx_word' id='word_1_312' title='bbox 1843 4284 2210 4337; x_wconf 80' lang='lat' dir='ltr'>cubustionem</span> <span class='ocrx_word' id='word_1_313' title='bbox 2241 4279 2307 4332; x_wconf 90' lang='lat' dir='ltr'><strong><em>N</em></strong></span> <span class='ocrx_word' id='word_1_314' title='bbox 2445 4286 2535 4331; x_wconf 77' lang='lat' dir='ltr'>cn-</span> 
     </span>
     <span class='ocr_line' id='line_1_35' title="bbox 256 4365 2536 4442; baseline -0.003 -19"><span class='ocrx_word' id='word_1_315' title='bbox 256 4371 497 4427; x_wconf 87' lang='lat' dir='ltr'>bustione</span> <span class='ocrx_word' id='word_1_316' title='bbox 542 4375 591 4428; x_wconf 79' lang='grc'><em>0</em></span> <span class='ocrx_word' id='word_1_317' title='bbox 699 4375 769 4428; x_wconf 88' lang='grc'>20</span> <span class='ocrx_word' id='word_1_318' title='bbox 806 4373 978 4428; x_wconf 71' lang='lat' dir='ltr'>liuore</span> <span class='ocrx_word' id='word_1_319' title='bbox 1019 4380 1108 4441; x_wconf 64' lang='grc' dir='ltr'>(Ν</span> <span class='ocrx_word' id='word_1_320' title='bbox 1146 4391 1216 4427; x_wconf 88' lang='lat' dir='ltr'>m.</span> <span class='ocrx_word' id='word_1_321' title='bbox 1253 4378 1290 4426; x_wconf 77' lang='lat'><em>2</em></span> <span class='ocrx_word' id='word_1_322' title='bbox 1330 4373 1484 4442; x_wconf 80' lang='lat' dir='ltr'>add.)</span> <span class='ocrx_word' id='word_1_323' title='bbox 1524 4374 1579 4425; x_wconf 83' lang='lat' dir='ltr'><em>P</em></span> <span class='ocrx_word' id='word_1_324' title='bbox 1721 4373 1961 4426; x_wconf 73' lang='lat' dir='ltr'>tullionis</span> <span class='ocrx_word' id='word_1_325' title='bbox 2007 4372 2053 4424; x_wconf 88' lang='lat' dir='ltr'><em>C</em></span> <span class='ocrx_word' id='word_1_326' title='bbox 2157 4370 2220 4422; x_wconf 84' lang='lat'>21</span> <span class='ocrx_word' id='word_1_327' title='bbox 2262 4365 2536 4420; x_wconf 86' lang='lat' dir='ltr'>nisi—de·</span> 
     </span>
     <span class='ocr_line' id='line_1_36' title="bbox 257 4454 2542 4532; baseline -0.003 -20"><span class='ocrx_word' id='word_1_328' title='bbox 257 4458 461 4516; x_wconf 63' lang='grc'><strong>09191111-</strong></span> <span class='ocrx_word' id='word_1_329' title='bbox 496 4464 561 4516; x_wconf 78' lang='lat' dir='ltr'>in</span> <span class='ocrx_word' id='word_1_330' title='bbox 598 4480 699 4532; x_wconf 70' lang='lat' dir='ltr'>my.</span> <span class='ocrx_word' id='word_1_331' title='bbox 740 4463 845 4529; x_wconf 74' lang='lat' dir='ltr'>inf.</span> <span class='ocrx_word' id='word_1_332' title='bbox 887 4462 1017 4516; x_wconf 79' lang='lat' dir='ltr'>add.</span> <span class='ocrx_word' id='word_1_333' title='bbox 1049 4480 1116 4516; x_wconf 87' lang='lat' dir='ltr'>m.</span> <span class='ocrx_word' id='word_1_334' title='bbox 1149 4465 1187 4514; x_wconf 82' lang='lat'><strong><em>2</em></strong></span> <span class='ocrx_word' id='word_1_335' title='bbox 1231 4463 1277 4515; x_wconf 79' lang='lat' dir='ltr'><em>C</em></span> <span class='ocrx_word' id='word_1_336' title='bbox 1382 4464 1449 4515; x_wconf 82' lang='lat'>23</span> <span class='ocrx_word' id='word_1_337' title='bbox 1491 4468 1545 4514; x_wconf 86' lang='lat' dir='ltr'>et</span> <span class='ocrx_word' id='word_1_338' title='bbox 1585 4462 1785 4515; x_wconf 69' lang='lat' dir='ltr'>addidi</span> <span class='ocrx_word' id='word_1_339' title='bbox 1812 4478 1902 4530; x_wconf 77' lang='lat' dir='ltr'>eqo</span> <span class='ocrx_word' id='word_1_340' title='bbox 2014 4462 2080 4513; x_wconf 81' lang='lat'>24</span> <span class='ocrx_word' id='word_1_341' title='bbox 2122 4457 2459 4512; x_wconf 85' lang='lat' dir='ltr'>demittimus</span> <span class='ocrx_word' id='word_1_342' title='bbox 2495 4454 2542 4508; x_wconf 81' lang='lat' dir='ltr'><em>G</em></span> 
     </span>
    </p>
   </div>
   <div class='ocr_carea' id='block_1_5' title="bbox 2330 4564 2426 4616">
    <p class='ocr_par' dir='ltr' id='par_1_5' title="bbox 2330 4564 2426 4616">
     <span class='ocr_line' id='line_1_37' title="bbox 2330 4564 2426 4616; baseline 0 0"><span class='ocrx_word' id='word_1_343' title='bbox 2330 4564 2426 4616; x_wconf 75' lang='lat'>10*</span> 
     </span>
    </p>
   </div>
  </div>
 </body>
</html>
