3076 4976
568 513 649 576 70
1268 508 1320 560 S.
1381 507 1658 560 Aureli
1715 505 2152 574 Augustini

566 704 724 768 dicit
788 706 862 769 de
928 683 1157 786 Ioseph
1236 722 1373 767 esse
1440 703 1503 766 in
1570 702 1681 767 illo
1751 702 2043 784 spiritum
2112 701 2232 766 dei.
2301 701 2577 764 nondum
2644 705 2850 766 tamen

561 810 840 894 legimus
890 810 1185 892 spiritum
1236 813 1547 873 sanctum.

660 915 968 981 CXXXV.
1017 917 1112 980 Et
1157 915 1532 998 inposuit
1579 916 1888 978 Pharao
1949 933 2226 978 nomen
2274 914 2563 994 Ioseph
2625 915 2854 978 Pson-

570 1021 1172 1104 thomplanech.
1243 1022 1363 1086 hoc
1429 1041 1653 1085 nomen
1729 1020 2124 1103 interpretari
2190 1020 2422 1084 dicitur
2493 1023 2857 1095 „occulta

566 1129 1049 1206 reuelauit“‚
1090 1146 1161 1191 ex
1200 1127 1311 1191 illo
1352 1128 1572 1209 utique
1604 1127 1774 1208 quod
1805 1127 2048 1191 somnia
2077 1126 2212 1209 regi
2242 1126 2519 1208 aperuit3
2563 1127 2857 1211 aegyptia
2926 1149 2951 1187 ε.

566 1255 717 1299 uero
773 1235 994 1319 lingua
1068 1235 1486 1309 „saluatorem
1555 1234 1810 1297 mundi⁴⁴
1884 1233 2216 1316 perhibent
2279 1233 2669 1316 appellatum
2731 1235 2856 1298 isto

570 1341 840 1405 nomine.

659 1448 997 1514 CXXXVI.
1065 1450 1163 1512 Et
1218 1448 1446 1512 dedit
1508 1448 1579 1512 ei
1640 1447 1997 1512 Aseneth
2066 1447 2334 1512 filiam
2400 1448 2858 1529 Petephrae

569 1555 1031 1620 sacerdotis
1083 1554 1300 1620 Solis
1351 1555 1742 1618 ciuitatis
1808 1555 1971 1637 ipsi
2019 1573 2360 1618 uxorem.
2413 1555 2628 1636 quaeri
2697 1555 2863 1618 solet

571 1663 753 1726 cuius
804 1663 1174 1745 Petephrae‚
1226 1666 1440 1726 utrum
1487 1662 1686 1736 illius,
1737 1661 1919 1725 cuius
1970 1680 2194 1725 seruus
2242 1661 2387 1736 fuit,
2437 1681 2512 1724 an
2563 1662 2858 1725 alterius:
2899 1686 2953 1722 ιο

568 1769 679 1834 sed
746 1768 1111 1833 credibilius
1189 1768 1587 1832 existimatur
1661 1768 1942 1832 alterius
2009 1787 2154 1831 nam
2223 1767 2298 1831 de
2364 1768 2476 1830 illo
2543 1767 2863 1849 quomodo

570 1875 879 1947 credatur,
928 1877 1131 1950 multa
1190 1880 1342 1938 sunt
1399 1894 1558 1955 quae
1616 1877 1932 1938 moueant.
1993 1875 2289 1956 primum,
2347 1873 2495 1954 quia
2551 1875 2866 1955 scriptura

567 2002 687 2046 non
738 1982 1277 2057 commemorauit,
1329 2000 1473 2045 cum
1522 1981 1817 2045 uideatur
1856 1982 1972 2045 hoc
2012 2001 2131 2045 non
2171 1980 2462 2062 potuisse
2499 1982 2865 2061 praeterire,

569 2089 738 2170 quod
795 2088 871 2151 ad
939 2088 1115 2151 illius
1181 2088 1430 2152 iuuenis
1498 2107 1618 2151 non
1685 2107 1943 2169 paruam
2014 2088 2280 2172 gloriam
2343 2087 2722 2169 pertinebat,
2791 2093 2870 2148 ut

571 2196 707 2261 eius
760 2195 956 2258 filiam
997 2195 1272 2272 duceret,
1315 2193 1496 2257 cuius
1536 2194 1816 2257 famulus
1856 2193 1998 2262 fuit.
2041 2193 2265 2257 deinde
2306 2194 2621 2275 quomodo
2663 2193 2866 2275 spado
2906 2215 2956 2254 15

570 2302 765 2365 filiam
816 2301 1042 2364 habere
1104 2300 1431 2382 potuerit?
1498 2300 1606 2363 scd
1673 2300 2118 2382 respondetur:
2188 2300 2501 2381 quomodo
2560 2303 2870 2363 uxorem?

569 2413 793 2492 postea
840 2408 1071 2490 quippe
1122 2407 1399 2470 creditur
1446 2407 1734 2471 abscisus
1783 2408 1889 2471 uel
1938 2426 2092 2470 casu
2138 2407 2421 2470 uulnen‘s
2469 2408 2574 2471 uel
2615 2407 2870 2490 propria

568 2517 919 2580 uoluntate.
972 2518 1035 2579 et
1101 2515 1268 2596 quod
1333 2516 1534 2579 honor
1582 2516 1717 2579 eius
1784 2535 1903 2579 non
1970 2516 2106 2597 ipse
2157 2518 2690 2579 commemoratur
2754 2514 2869 2596 qui

573 2624 755 2699 solet,
804 2622 868 2684 id
918 2625 1017 2685 est
1064 2621 1233 2703 quod
1282 2618 1708 2707 ἀρχιμάγειρος
1756 2622 1968 2698 fuerit,
2019 2642 2204 2703 quem
2246 2622 2592 2705 principem
2633 2641 2872 2702 coquo-

570 2749 709 2792 rum
774 2729 952 2792 latini
1021 2729 1391 2810 interpretes
1460 2731 1830 2809 posuerunt,
1897 2728 2241 2811 principem
2308 2732 2520 2792 autem
2595 2727 2871 2792 militiae
2909 2752 2959 2790 so

571 2835 825 2916 quidam
873 2835 1162 2918 intellegi
1210 2835 1454 2898 uolunt.
1506 2834 1618 2898 sed
1658 2835 1848 2898 etiam
1886 2835 1987 2898 hic
2027 2834 2442 2916 respondetur
2479 2835 2638 2898 duos
2675 2835 2866 2898 illum

571 2944 838 3006 honores
876 2942 1195 3020 habuisse,
1238 2945 1301 3005 et
1340 2942 1766 3006 sacerdotium
1808 2941 1974 3005 Solis
2014 2951 2077 3005 et
2106 2940 2372 3004 militiae
2401 2941 2864 3023 principatum:

572 3052 986 3132 congruenter
1050 3052 1263 3112 autem
1321 3048 1472 3111 alibi
1534 3048 1646 3111 ille
1704 3048 1901 3112 honor
1957 3048 2092 3112 eius
2149 3052 2680 3113 commemoratus
2740 3056 2863 3125 est,

573 3156 681 3237 qui
712 3156 948 3219 talibus
981 3155 1226 3219 actibus
1259 3154 1678 3237 congruebat;
1719 3155 1822 3219 hic
1860 3174 2033 3229 uero,
2075 3159 2486 3237 posteaquam
2529 3155 2589 3218 in
2628 3155 2863 3238 Ioseph

571 3262 861 3345 adparuit
934 3282 1051 3325 non
1130 3281 1325 3344 parua
1401 3261 1725 3337 diuinitas,
1801 3262 1936 3344 ipse
2005 3262 2204 3326 honor
2269 3262 2489 3326 debuit
2553 3262 2863 3326 nominari
2899 3286 2954 3326 25
3043 3300 3045 3317 .

572 3370 771 3433 soceri
801 3369 959 3444 eiua,
992 3368 1100 3450 qui
1131 3368 1473 3450 pertineret
1511 3368 1589 3431 ad
1630 3368 2028 3432 diuinitatem
2068 3388 2187 3431 non
2220 3387 2480 3449 paruam
2512 3368 2860 3432 secundum
3043 3398 3045 3451 i

574 3475 930 3558 opinionem
1004 3475 1461 3558 Aegyptiorum
1535 3475 1598 3537 in
1668 3474 2017 3539 sacerdotio
2087 3473 2273 3539 Solis.
2344 3494 2564 3538 uerum
2629 3475 2690 3538 in
2758 3476 2863 3539 his

574 3581 888 3657 omnibus,
939 3581 1087 3663 quia
1134 3587 1197 3645 et
1242 3583 1643 3663 praepositus
1691 3581 1816 3646 suit
1864 3581 2299 3645 custodiarum
2339 3582 2629 3660 carceris,
2672 3583 2863 3645 nimis

751 3822 782 3875 3
824 3822 955 3877 Gen.
994 3824 1083 3885 41,
1121 3824 1190 3875 45
1301 3823 1333 3875 8
1373 3822 1506 3876 Gen.
1548 3825 1635 3886 41,
1676 3826 1743 3877 45

646 3983 678 4035 3
718 3980 1109 4034 sonthonfanec
1153 3981 1200 4034 C
1233 3982 1628 4051 psothonfanec
1667 3983 1780 4035 PV
1813 3983 2204 4052 psonthofanec
2240 3985 2304 4039 N
2335 3984 2784 4054 psothonphanee
2824 3986 2870 4039 S

574 4070 1003 4139 psonthonsanec
1049 4070 1099 4122 T
1130 4071 1574 4140 psotonphanech
1617 4072 1647 4125 b
1805 4074 1837 4125 4
1877 4074 2148 4127 occultare
2186 4073 2395 4127 uelauit
2428 4074 2497 4127 N
2634 4076 2665 4127 8
2705 4090 2867 4126 asen-

573 4159 702 4212 neth
732 4159 842 4211 PT
876 4159 1136 4211 asenneht
1173 4159 1219 4212 S
1254 4164 1479 4213 asennet
1504 4160 1570 4213 N
1603 4161 1854 4225 asseneth
1895 4161 1945 4213 V
1979 4163 2229 4216 asseneth
2262 4164 2291 4216 b
2401 4164 2433 4215 8
2473 4164 2550 4233 (et
2581 4164 2666 4227 lo)
2708 4167 2866 4232 pete·

573 4248 690 4301 sarh
746 4247 808 4300 σι
862 4246 1067 4318 petefre
1112 4248 1331 4302 PSVN
1378 4249 1613 4317 petefres
1669 4250 1719 4301 T
1761 4250 2049 4319 phutisaris
2098 4252 2129 4304 b
2314 4254 2373 4306 11
2429 4237 2758 4305 aestimatur
2795 4252 2871 4306 ba

576 4335 865 4405 quomodo]
908 4354 999 4389 cur
1035 4354 1141 4389 non
1181 4337 1220 4390 d
1330 4339 1391 4391 17
1433 4337 1702 4391 abscissus
1742 4340 1779 4392 d
1893 4343 1954 4394 19
1994 4341 2380 4410 archimagiros
2424 4340 2683 4395 CPSVT
2729 4344 2869 4395 aroi-

575 4425 811 4494 magiros
857 4425 905 4477 T
1010 4426 1078 4478 22
1118 4426 1457 4479 sacerdotum
1498 4426 1529 4479 b
1641 4428 1708 4481 27
1750 4428 2108 4482 sacerdotium
2160 4430 2211 4482 V
2242 4428 2520 4483 sacerdote
2561 4430 2592 4482 b
