3076 4976
433 498 559 559 278
1145 490 1196 543 S.
1254 488 1525 542 Aureli
1582 489 2002 557 Augustini

432 688 834 752 humiliorem
885 686 1123 750 factum
1172 683 1335 748 cutis
1383 684 1617 761 locum,
1674 684 1738 747 in
1786 704 1909 766 quo
1959 688 2057 748 est
2105 684 2286 748 albus
2336 685 2527 757 color,
2574 688 2723 748 tunc

433 795 796 878 pronuntiet
870 794 1139 874 lepram,
1206 790 1270 855 id
1337 794 1436 854 est
1510 790 1795 872 inquinet
1867 791 2188 855 hominem
2263 791 2725 872 pronuntiando

434 903 779 983 leprosum.
830 902 892 964 si
943 903 1212 975 autem,
1263 898 1488 981 inquit,
1537 897 1843 961 lucidus
1891 898 2108 962 albus
2157 897 2392 962 fuerit
2437 898 2507 961 in
2556 903 2725 962 cute

435 1008 717 1072 coloris
768 1007 931 1070 eius
979 1043 1068 1051 —
1114 1006 1179 1069 id
1229 1010 1328 1069 est
1372 1005 1627 1068 lucidus
1676 1005 1857 1068 albus
1908 1005 2098 1069 suerit
2144 1006 2250 1069 ille
2306 1008 2543 1069 tactus:
2603 1025 2726 1088 quo

437 1115 686 1178 nomine
726 1113 985 1178 eandem
1026 1115 1342 1177 maculam
1381 1112 1663 1196 appellat
1699 1149 1783 1157 —
1824 1116 1899 1176 et
1945 1112 2257 1175 humilis
2307 1131 2444 1176 non
2492 1113 2727 1177 fuerit
2790 1126 2815 1165 ⁵

436 1224 801 1303 aspectus
861 1222 1024 1285 eius
1083 1241 1118 1285 a
1175 1224 1346 1284 cute
1409 1225 1480 1284 et
1537 1219 1740 1301 pilus
1799 1237 1935 1282 non
1995 1219 2141 1282 erit
2198 1238 2608 1283 conuersus
2657 1220 2725 1283 in

436 1328 720 1406 album,
778 1328 941 1410 ipse
1002 1331 1248 1392 autem
1309 1330 1425 1391 est
1482 1327 1853 1391 obscurus
1909 1362 1994 1370 -—
2051 1325 2117 1389 id
2173 1328 2273 1389 est
2335 1326 2472 1407 ipse
2536 1325 2725 1406 pilus,

438 1434 588 1515 quia
652 1454 771 1497 non
843 1439 942 1498 est
999 1434 1180 1497 albus
1236 1471 1323 1479 —
1382 1435 1455 1496 et
1519 1431 1958 1515 segregabit
2023 1430 2375 1495 sacerdos
2442 1435 2726 1496 tactum

437 1545 731 1622 septem
782 1541 965 1605 dies.
1017 1545 1090 1605 et
1138 1540 1435 1604 uidebit
1482 1538 1836 1603 sacerdos
1885 1540 2171 1603 tactum
2231 1538 2348 1602 die
2407 1539 2728 1620 septimo

435 1685 521 1693 —
570 1647 635 1711 id
694 1651 795 1711 est
850 1648 1026 1711 illam
1087 1648 1399 1711 maculam
1449 1683 1534 1693 -
1588 1648 1660 1709 et
1715 1663 1885 1709 ecce
1940 1647 2192 1709 tactus
2250 1649 2496 1709 manet
2561 1649 2730 1709 ante
2771 1664 2821 1702 ιο

436 1773 630 1828 eum,
690 1773 827 1818 non
890 1756 1399 1818 commutatus
1458 1755 1575 1816 est
1631 1754 1884 1815 tactus
1944 1752 2013 1814 in
2073 1754 2272 1816 cute.
2331 1751 2396 1815 id
2455 1754 2554 1815 est
2609 1772 2726 1816 non

437 1865 534 1925 est
585 1860 862 1925 discolor
909 1864 973 1925 et
1021 1860 1356 1925 dissimilis
1403 1859 1706 1923 inuentus
1757 1879 1792 1922 a
1839 1860 2003 1922 cute.
2081 1876 2227 1941 ergo
2286 1862 2576 1923 sanatum
2635 1865 2734 1924 est

439 1966 606 2048 quod
645 1968 950 2033 uitiosum
995 1971 1145 2031 erat.
1198 1966 1308 2031 sed
1348 1966 1557 2030 adhuc
1594 1966 1774 2029 iubet
1809 1965 2058 2047 probari
2097 1964 2355 2028 eandem
2398 1966 2729 2030 sanitatem

444 2092 557 2155 per
605 2073 765 2138 alios
816 2080 1058 2157 septem
1108 2075 1244 2138 dies
1292 2077 1483 2155 atque
1529 2073 1672 2137 ideo
1714 2072 2002 2154 sequitur
2041 2076 2106 2135 et
2143 2071 2325 2136 dicit:
2376 2076 2448 2135 et
2494 2091 2731 2156 segre-

437 2179 655 2261 gabit
703 2181 925 2244 illum
976 2180 1332 2245 sacerdos
1381 2183 1669 2261 septem
1721 2179 1880 2243 dies
1928 2179 1997 2242 in
2041 2179 2367 2243 secundo
2407 2179 2595 2243 -id
2635 2185 2734 2244 est
2774 2200 2823 2238 ιε

443 2290 685 2366 septem
739 2286 873 2350 dies
923 2288 1082 2351 alios
1128 2325 1217 2333 —
1265 2290 1338 2351 et
1383 2286 1685 2351 uidebit
1740 2288 1956 2350 illum
2010 2286 2364 2351 sacerdos
2414 2287 2529 2351 die
2580 2307 2733 2371 sep-

433 2393 621 2458 timo
689 2393 759 2455 in
830 2393 1188 2470 secundo,
1257 2398 1329 2457 et
1386 2412 1555 2457 ecce
1624 2394 1991 2457 obscurus
2058 2395 2316 2456 tactus
2374 2430 2458 2438 —
2514 2393 2579 2457 id
2635 2398 2734 2459 est

440 2499 584 2580 quia
634 2520 752 2563 non
805 2500 990 2565 albus
1039 2504 1103 2565 et
1149 2501 1400 2565 lucidus
1451 2520 1521 2564 ac
1570 2520 1681 2583 per
1725 2501 1843 2565 hoc
1892 2500 2185 2565 concolor
2222 2519 2370 2565 sano
2411 2501 2606 2566 colori
2646 2541 2730 2548 —

437 2625 573 2670 non
635 2612 750 2670 est
802 2613 1142 2672 mutatus
1201 2612 1456 2672 tactus
1517 2609 1586 2671 in
1647 2612 1817 2671 cute
1865 2644 1951 2654 —
2001 2607 2168 2671 sicut
2222 2611 2286 2671 et
2339 2609 2528 2688 paulo
2586 2612 2729 2673 ante

436 2711 612 2788 dixit,
672 2714 790 2778 hoc
852 2718 951 2778 est
1009 2734 1129 2779 non
1191 2718 1290 2779 est
1346 2715 1679 2778 dissimilis
1739 2734 1773 2777 a
1831 2717 2037 2778 cetera
2097 2718 2242 2778 cute
2295 2752 2385 2760 -—
2444 2720 2513 2779 et
2569 2737 2726 2798 pur·
2766 2738 2820 2777 20

438 2820 648 2900 gabit
698 2840 859 2885 eum
913 2822 1289 2898 sacerdOS‚
1339 2822 1402 2885 id
1452 2826 1552 2884 est
1597 2826 1939 2905 purgatum
1979 2821 2416 2903 pronuntiabit
2451 2842 2487 2885 a
2525 2823 2729 2904 suspi-

440 2927 617 2990 cione
666 2928 896 3010 leprae,
938 2948 1058 2992 non
1111 2928 1278 3010 quod
1325 2928 1621 2992 habuerit
1665 2928 1925 3009 lepram,
1967 2946 2154 3009 quam
2193 2927 2320 2990 iam
2358 2946 2478 2991 non
2518 2928 2727 3006 habet,

441 3032 552 3096 sed
601 3034 896 3115 quoniam
949 3036 1119 3118 lepra
1166 3055 1286 3100 non
1335 3036 1478 3112 fuit,
1527 3034 1697 3116 quod
1735 3035 1798 3097 in
1839 3035 1947 3099 illo
1985 3033 2199 3098 lucido
2240 3038 2304 3096 et
2341 3034 2482 3098 albo
2523 3035 2729 3099 colore

439 3142 669 3214 tactuS,
730 3141 793 3204 id
853 3146 952 3206 cst
1009 3143 1296 3206 maculae
1351 3142 1529 3205 illius
1588 3160 1749 3222 quae
1807 3141 2196 3224 adpamerat,
2246 3160 2391 3204 cum
2446 3145 2729 3222 expecta-

437 3249 610 3310 retur
674 3251 886 3312 utrum
957 3248 1261 3312 humilior
1324 3249 1502 3312 fieret
1566 3248 1747 3312 locus
1814 3252 1877 3312 et
1948 3247 2118 3329 pilus
2183 3247 2318 3311 illic
2383 3247 2442 3310 in
2513 3247 2724 3311 album
2766 3271 2818 3312 πᾶ

439 3359 931 3431 conuerteretur,
989 3375 1110 3419 non
1170 3355 1460 3434 contigit,
1520 3354 1632 3418 sed
1699 3354 1932 3435 potius·
1979 3354 2087 3418 ille
2151 3357 2384 3429 tactUS‚
2444 3355 2551 3436 qui
2606 3354 2730 3417 fuit

438 3463 582 3524 ante
640 3461 895 3525 lucidus
956 3466 1020 3526 et
1077 3462 1280 3532 albus,
1342 3461 1650 3526 obscurus
1708 3461 2007 3525 inuentus
2066 3464 2183 3537 est,
2240 3461 2306 3524 id
2354 3464 2454 3525 est
2499 3460 2727 3525 similis

440 3571 647 3631 cetero
697 3569 913 3642 colori,
965 3588 1084 3632 non
1132 3568 1407 3632 lucidus.
1465 3587 1587 3632 non
1642 3572 1775 3632 erat
1821 3586 1969 3651 ergo
2016 3568 2218 3649 lepra3
2269 3568 2562 3650 signum
2613 3570 2728 3630 est

441 3674 653 3746 enim,
705 3694 822 3738 non
873 3675 1065 3756 lepra,
1115 3674 1284 3756 quod
1333 3675 1424 3738 sic
1474 3674 1783 3757 adparuit.
1831 3679 2036 3738 tamen
2089 3675 2277 3739 etiam
2318 3679 2573 3758 propter
2609 3673 2726 3737 hoc

437 3785 748 3864 purgatus
799 3800 832 3843 a
882 3781 1244 3862 suspicione
1301 3781 1508 3862 leprae
1576 3781 1855 3854 „lauabit
1906 3782 2288 3845 uestimenta
2345 3787 2526 3858 sua“‚
2582 3780 2729 3862 quia
2765 3808 2819 3845 ao

615 4005 646 4058 3
687 4004 815 4060 Lcu.
859 4006 940 4068 13,
979 4008 1030 4060 4.
1070 4009 1120 4060 5.
1160 4010 1192 4061 6
1303 4010 1371 4060 28
1410 4008 1538 4061 Len.
1586 4008 1665 4070 13,
1704 4008 1737 4060 6

514 4129 536 4180 1
561 4128 708 4180 locus
729 4127 795 4180 N
860 4130 892 4183 3
916 4128 1070 4181 albus
1095 4129 1304 4182 lucidus
1335 4129 1381 4182 C
1452 4130 1482 4182 7
1505 4132 1589 4182 est
1608 4134 1788 4182 autem
1811 4129 1919 4182 PT
2026 4130 2126 4183 erit
2142 4129 2288 4197 pr.S
2362 4129 2425 4183 13
2447 4129 2726 4194 uitiosum}

439 4216 612 4268 uisum
658 4216 705 4266 1'
773 4219 838 4270 14
865 4218 999 4270 alios
1030 4234 1096 4272 ex
1131 4218 1255 4272 illos
1281 4217 1328 4272 S
1401 4220 1464 4273 16
1493 4218 1629 4271 alios
1669 4218 1781 4271 dies
1813 4218 1887 4270 bd
1996 4218 2110 4272 <lies
2142 4234 2227 4272 om
2278 4217 2322 4271 S
2395 4218 2461 4271 18
2490 4216 2653 4271 calori
2686 4216 2731 4269 S

444 4305 506 4357 19
559 4305 613 4358 in
662 4310 783 4358 cute
829 4310 1008 4360 tactus
1056 4307 1102 4361 S
1279 4308 1346 4360 20
1396 4308 1652 4376 purgauit
1699 4304 1882 4359 P¹SN
2055 4307 2119 4359 21
2182 4309 2467 4376 purgatum
2517 4322 2636 4358 eum
2685 4305 2729 4358 S

439 4393 507 4446 22
547 4394 711 4464 quod]
749 4413 852 4465 quo
891 4396 1030 4448 P¹V
1134 4397 1201 4450 26
1242 4396 1510 4464 contingit
1548 4395 1690 4448 ΝῘη
1800 4397 1868 4449 30
1904 4395 2111 4448 lababit
2151 4394 2216 4447 N
