3076 4976
706 407 1183 473 Quaestionum
1222 410 1334 464 lib.
1374 410 1421 463 V
1461 410 1750 479 (Quaest.
1792 410 1865 465 de
1903 412 2465 480 Deuteronomio).
2597 416 2733 478 407

428 605 742 686 patribus,
808 625 880 671 ac
943 624 1057 688 per
1101 605 1221 670 hoc
1286 609 1398 670 aut
1460 606 1553 670 ita
1617 607 2028 690 propinquior
2097 607 2302 673 defuit
2348 608 2426 673 ad
2474 627 2730 674 uxorem

431 711 718 775 defuncti
766 711 887 777 sibi
933 711 1372 793 copulandam,
1422 715 1494 776 ut
1543 712 1719 796 origo
1769 713 2163 797 cognationis
2220 702 2431 778 Dauid
2488 720 2730 797 repete·

436 821 634 894 retur;
685 823 795 883 aut
841 818 1093 901 adoptio
1143 818 1296 882 fecit
1352 819 1620 884 alterum
1678 823 1922 901 patrem
1982 839 2171 902 quem
2225 824 2446 903 posset
2500 823 2728 888 habere

435 926 685 1008 Ioseph.

363 1054 395 1093 5
524 1032 780 1097 XLVII.
831 1031 999 1111 Quid
1038 1035 1136 1096 est
1174 1031 1342 1113 quod
1380 1031 1545 1097 inter
1580 1032 1691 1096 illa
1731 1052 1890 1115 quae
1927 1032 2108 1098 iubet
2145 1033 2349 1098 dicere
2387 1035 2728 1113 hominem,

437 1140 548 1222 qui
613 1140 675 1203 in
743 1138 966 1204 dandis
1030 1139 1293 1204 decimis
1361 1144 1425 1203 et
1490 1159 1927 1222 quaecumque
1994 1139 2139 1205 dare
2215 1141 2316 1204 uel
2391 1141 2730 1226 inpendere

436 1247 652 1311 iussus
713 1247 812 1311 est
869 1246 1079 1310 omnia
1134 1245 1431 1310 mandata
1489 1246 1857 1329 compleuit,
1918 1247 2106 1311 etiam
2162 1246 2282 1311 hoc
2341 1266 2485 1312 curn
2540 1248 2728 1313 laude

437 1358 499 1417 et
567 1352 1110 1417 commendatione
1178 1372 1292 1417 sua
1359 1352 1567 1417 dicere
1633 1353 1918 1417 iubetur:
1994 1373 2142 1420 non
2209 1353 2390 1418 dedi
2458 1373 2543 1418 ex
2607 1354 2726 1417 eis

434 1463 800 1524 mortuo?
875 1478 951 1522 an
1018 1478 1129 1541 per
1193 1461 1311 1523 hoc
1375 1460 1671 1543 prohibet
1733 1460 2097 1543 parentalia,
2164 1480 2323 1543 quae
2394 1461 2727 1525 obseruare

342 1587 394 1625 ιο
434 1570 656 1651 gentes
705 1567 960 1632 solent?

522 1674 811 1739 XLVIII.
869 1673 1040 1738 Non
1089 1673 1592 1754 praeteribis
1642 1674 1731 1738 ab
1782 1674 2152 1738 omnibus
2202 1673 2477 1738 uerbis
2527 1693 2723 1755 quae

434 1800 580 1865 ego
629 1781 909 1846 mando
960 1782 1118 1846 tibi
1166 1780 1406 1846 hodie
1457 1782 1737 1846 dextra
1795 1784 1932 1846 aut
1988 1782 2334 1847 sinistra
2380 1781 2494 1846 ire
2540 1787 2727 1864 post

434 1889 623 1952 deos
690 1888 901 1953 alios
960 1889 1276 1954 seruire
1330 1888 1536 1953 illis.
1615 1889 1831 1970 quaeri
1885 1892 2100 1972 potest
2155 1888 2466 1971 quomodo
2520 1889 2728 1972 possit

432 1995 721 2079 intellegi
770 1995 856 2060 ire
904 1996 969 2060 in
1019 1997 1253 2075 dextra,
1303 1996 1410 2078 qui
1456 2000 1604 2079 post
1652 1996 1803 2061 deos
1841 1996 2080 2062 alienos
2119 1995 2266 2060 ierit
2300 1996 2536 2061 seruire
2573 1996 2723 2073 illis,

346 2126 397 2164 ιε»
438 2121 583 2166 cum
632 2102 846 2168 dextra
883 2102 944 2166 in
992 2103 1179 2168 laude
1225 2106 1515 2185 ponatur,
1563 2103 1726 2167 illud
1774 2106 1986 2167 autem
2042 2122 2387 2185 numquam
2442 2102 2725 2167 laudabi-

433 2209 579 2273 liter
623 2209 756 2274 fien'
804 2210 1041 2292 possit;
1090 2230 1237 2274 nam
1286 2214 1351 2275 et
1396 2210 1565 2293 quod
1610 2210 2092 2294 reprehenditur
2135 2210 2198 2274 in
2246 2210 2351 2274 uia
2396 2210 2567 2274 uitae
2615 2210 2723 2291 qui

434 2315 710 2380 declinat
772 2316 836 2381 in
903 2317 1135 2393 dextra,
1201 2337 1325 2381 non
1388 2317 1477 2381 ibi
1544 2336 1616 2381 ea
1680 2317 2220 2399 reprehenduntur
2283 2335 2443 2399 quae
2507 2317 2723 2381 dextra

433 2424 602 2501 sunt,
652 2423 763 2487 sed
812 2422 920 2486 ille
969 2423 1078 2507 qui
1126 2423 1403 2488 declinat
1448 2424 1509 2486 in
1561 2443 1652 2502 ea,
1699 2422 1766 2487 id
1814 2427 1915 2488 est
1952 2423 2058 2506 qui
2099 2422 2222 2488 sibi
2260 2423 2526 2509 adrogat
2560 2444 2721 2508 quae

434 2529 534 2594 dei
575 2535 743 2595 sunt.
790 2531 932 2595 ideo
974 2531 1208 2596 dicitur
1244 2532 1304 2595 in
1343 2531 1740 2595 Prouerbiis:
1789 2551 1879 2595 ne
1919 2530 2287 2595 declines
2326 2530 2400 2594 in
2441 2531 2720 2597 dextra

336 2653 393 2691 20
432 2636 679 2701 autin
720 2638 1094 2714 sinistra3
1135 2638 1315 2703 uias
1354 2637 1561 2702 enim
1596 2657 1794 2719 quae
1834 2657 1869 2702 a
1909 2637 2218 2702 dextris
2258 2641 2447 2703 sunt
2487 2640 2719 2704 nouit

432 2744 835 2820 dominus;
899 2764 1339 2828 peruersae
1398 2747 1663 2808 autem
1721 2747 1910 2809 sunt
1965 2764 2163 2827 quae
2222 2764 2258 2808 a
2313 2744 2714 2810 sinistris

431 2869 579 2933 ergo
639 2851 838 2916 bonae
896 2855 1047 2916 sunt
1103 2852 1378 2929 dextrae,
1429 2870 1586 2933 quas
1641 2851 1825 2916 nouit
1879 2851 2207 2928 dominus3
2264 2851 2497 2916 nouit
2551 2852 2716 2916 enim

431 2954 804 3023 dominus
870 2958 1049 3022 uias
1117 2959 1557 3034 iustorum,
1624 2959 1796 3022 sicut
1848 2957 1911 3021 in
1965 2958 2213 3039 psalmo
2276 2958 2533 3042 legitur.
2609 2979 2721 3023 cur

430 3081 577 3146 ergo
645 3063 886 3128 dictum
955 3065 1073 3129 sit:
1150 3083 1242 3128 ne
1309 3062 1673 3128 declines
1740 3064 1815 3127 in
1883 3062 2193 3140 dextra,
2261 3069 2719 3147 consequenter

330 3186 393 3225 2⁵
434 3171 709 3235 ostendit
747 3170 1067 3236 addendo:
1115 3171 1291 3253 ipse
1332 3170 1536 3235 enim
1576 3173 1847 3235 rectos
1888 3170 2143 3234 faciet
2180 3189 2469 3234 cursus
2506 3174 2714 3235 tuos,

429 3276 594 3341 absit
648 3281 882 3354 autem,
944 3280 1014 3341 ut
1071 3276 1341 3346 dextras,
1391 3296 1548 3358 quas
1604 3277 1789 3341 nouit
1843 3276 2159 3354 dominrm,
2209 3295 2516 3360 negemus
2574 3296 2713 3341 esse

427 3385 668 3458 rectas;
730 3384 861 3461 sed,
911 3389 984 3448 ut
1032 3383 1177 3460 dixi,
1238 3383 1549 3448 declinare
1605 3383 1667 3447 in
1728 3402 1834 3447 eas
1891 3387 1990 3447 est
2045 3402 2167 3447 non
2222 3383 2400 3447 illius
2455 3382 2712 3468 gratiae,

386 3489 537 3553 ,sed
585 3490 708 3555 sibi
755 3490 1034 3555 tribuere
1081 3492 1249 3555 uelle
1299 3491 1467 3572 quod
1515 3493 1761 3555 rectum
1810 3493 1927 3555 est.
1977 3491 2266 3574 denique,
2305 3495 2378 3555 ut
2417 3490 2563 3569 dixi,
2610 3490 2715 3552 ad-

602 3733 635 3787 8
672 3734 836 3787 Dent.
876 3735 963 3796 26,
1006 3735 1073 3787 14
1185 3735 1246 3788 11
1288 3734 1452 3788 Dent.
1492 3733 1581 3797 28,
1623 3734 1690 3787 14
1802 3734 1867 3787 19
1904 3734 2065 3787 Ρ1011.
2102 3735 2153 3798 4,
2193 3735 2261 3787 27
2372 3735 2440 3788 22
2477 3734 2566 3788 Ps.
2599 3734 2645 3794 1,
2678 3735 2711 3787 6

494 3895 527 3948 2
557 3911 588 3948 a
617 3893 779 3948 dauid
821 3893 925 3947 V²b
1071 3893 1223 3947 dauit
1250 3894 1317 3947 N
1419 3896 1449 3948 7
1480 3895 1775 3965 cornpleui*
1812 3894 1865 3948 U
2005 3910 2124 3948 cum
2151 3892 2253 3946 hoc
2281 3892 2394 3946 PV
2493 3892 2526 3946 8
2557 3891 2708 3945 iube-

418 3985 569 4036 retur
595 3981 909 4037 PSV¹UT¹
938 3983 1091 4036 iubet
1126 3983 1176 4036 T
1177 3981 1273 4036 ²bd
1383 3983 1443 4037 11
1476 3989 1581 4034 τῶν
1611 3980 1780 4052 λόγων
1811 3983 1928 4036 cod.
1959 3982 2119 4036 Alex.
2148 3988 2199 4035 et
2227 3981 2367 4050 Lay.
2481 3981 2545 4035 13
2573 3980 2709 4034 alios

416 4072 640 4140 scripsi:
679 4072 883 4126 alienos
923 4072 1084 4137 libm
1122 4071 1191 4140 cf.
1236 4076 1372 4138 408,
1410 4075 1481 4124 14
1648 4073 1714 4125 14
1770 4070 1990 4125 dextera
2036 4071 2086 4124 T
2259 4072 2320 4124 16
2376 4068 2520 4138 quod
2559 4073 2613 4122 et
2650 4070 2716 4123 N

424 4162 487 4214 17
516 4178 609 4229 pr.
646 4159 865 4215 dextera
910 4161 960 4214 T
1059 4161 1124 4216 18
1164 4161 1397 4215 declinet
1443 4160 1513 4213 Γι
1619 4162 1684 4214 19
1721 4176 1829 4213 11οη
1876 4159 2000 4213 Vbd
2095 4161 2165 4213 20
2204 4159 2321 4227 aut]
2359 4158 2446 4211 uel
2485 4157 2533 4213 S
2651 4160 2706 4212 in

412 4264 522 4303 om.
562 4249 667 4303 SU
787 4249 857 4303 22
896 4251 1061 4320 enim]
1101 4254 1281 4304 autem
1320 4249 1432 4303 PT
1554 4250 1624 4302 24
1663 4248 1881 4302 dextera
1926 4248 1975 4301 T
2079 4250 2146 4301 25
2186 4247 2352 4302 faciet
2388 4251 2565 4301 rectos
2603 4247 2713 4301 PT

413 4354 600 4391 cursos
640 4338 698 4391 N
