3076 4976
694 476 1171 543 Quaestionum
1212 478 1326 531 lib.
1365 477 1468 531 VII
1508 477 1779 547 (Quaest
1837 478 1911 532 de
1951 478 2342 544 Iudicibus).
2530 483 2663 545 455

463 673 634 736 VIII.
706 673 797 737 Et
863 692 1002 737 non
1067 673 1527 738 hereditauit
1593 674 1983 738 Manasses
2049 675 2407 743 Bethsan,
2477 692 2662 755 quae

374 782 490 843 est
538 779 989 863 Scytharum
1040 780 1340 844 ciuitas.
1397 780 1538 864 ipsa
1585 780 1773 847 hodie
1830 781 2198 863 perhibetur
2256 780 2660 864 Scythopolis

370 886 517 951 dici.
563 889 780 969 potest
826 889 1039 951 autern
1087 906 1366 963 mouere,
1417 887 1732 968 quomodo
1780 887 1840 951 in
1890 887 2019 952 illis
2058 889 2346 970 partibus
2385 887 2662 951 multum

370 993 446 1057 ab
516 992 778 1076 Scythia
851 992 1121 1057 diuersis
1195 995 1476 1077 potuerit
1550 1013 1690 1059 esse
1767 993 2144 1077 Scytharum
2221 996 2470 1059 ciuitas.
2550 994 2662 1059 sed

308 1125 332 1160 ⁵
372 1100 668 1164 similiter
736 1102 953 1181 potest
1015 1118 1293 1175 mouere,
1361 1100 1679 1182 quomodo
1745 1104 1875 1165 tam
1941 1101 2126 1185 longe
2193 1121 2228 1165 a
2292 1100 2662 1166 Macedonia

369 1206 632 1271 Macedo
707 1206 1059 1270 Alexander
1131 1206 1485 1271 condiderit
1555 1207 1994 1271 Alexandriam
2074 1208 2423 1283 ciuitatem,
2492 1207 2661 1289 quod

371 1312 591 1395 utique
638 1313 791 1376 fecit
834 1313 1022 1396 longe
1068 1313 1323 1395 lateque
1387 1313 1703 1378 bellando.
1753 1315 1842 1378 ita
1912 1315 2125 1391 etiam,
2174 1335 2318 1379 cum
2385 1315 2660 1398 Scythae

370 1418 707 1501 aliquando
755 1418 1049 1482 bellando
1096 1419 1160 1481 in
1206 1419 1511 1501 loginqua
1566 1420 2111 1504 progrederentur,
2156 1421 2346 1485 istam
2398 1419 2661 1484 condere

368 1529 731 1607 potuerunt.
792 1545 929 1588 nam
980 1526 1216 1609 legitur
1259 1526 1322 1589 in
1371 1525 1641 1591 historia
1698 1527 1985 1610 gentium
2041 1528 2406 1591 uniuersam
2460 1546 2658 1610 paene

279 1657 329 1694 ιο
369 1633 585 1697 Asiam
633 1630 898 1714 Scythas
947 1632 1284 1714 aliquando
1334 1634 1641 1707 tenuisse,
1692 1653 1838 1697 cum
1884 1634 2017 1717 regi
2054 1634 2513 1718 Aegyptiorum
2563 1634 2659 1697 illi

367 1739 475 1822 qui
522 1739 613 1802 eis
661 1738 828 1802 ultro
877 1738 1115 1800 bellum
1161 1737 1472 1801 indixerat
1516 1739 1683 1801 irent
1730 1739 2005 1815 obuiam,
2056 1759 2321 1821 quorum
2380 1740 2658 1804 aduentu

365 1845 624 1909 territus
675 1864 741 1909 se
789 1846 848 1908 in
899 1865 1088 1909 suum
1136 1863 1397 1928 regnum
1438 1845 1695 1926 recepit.

454 1952 659 2016 VIIII.
726 1953 815 2016 Et
861 1971 998 2016 non
1055 1951 1525 2016 hereditauit
1591 1952 1980 2017 Manasses
2037 1953 2391 2031 Bethsan‚
2462 1971 2651 2034 quae

367 2062 482 2123 est
528 2059 975 2141 Scytharum
1017 2058 1321 2133 ciuitas,
1371 2076 1607 2140 neque
1655 2056 1868 2121 filias
1909 2058 2093 2126 eius,
2141 2058 2394 2133 „filias
2444 2061 2646 2124 eius“

278 2193 328 2230 ιε»
366 2163 521 2228 dicit
567 2165 886 2241 ciuitateS,
937 2184 1092 2247 quas
1141 2165 1281 2247 ipsa
1328 2165 1509 2246 quasi
1559 2163 1926 2246 metropolis
1973 2164 2357 2230 instituerat.

454 2272 532 2338 X.
607 2273 699 2335 Et
772 2273 1053 2336 factum
1133 2277 1250 2336 est
1325 2271 1617 2353 quando
1691 2270 2129 2352 praeualuit
2201 2272 2514 2350 Israhel,
2582 2277 2657 2337 et

363 2378 625 2461 posuit
673 2378 1197 2444 chananaeum
1244 2379 1316 2442 in
1364 2377 1734 2442 tributum
1786 2380 1859 2440 et
1906 2377 2255 2442 auferens
2303 2398 2439 2444 non
2500 2379 2655 2442 abs-

365 2484 551 2549 tulit
601 2506 780 2550 eum.
842 2485 964 2550 iam
1022 2488 1149 2551 tale
1199 2484 1439 2568 aliquid
1497 2484 1738 2549 dictum
1799 2487 1896 2548 est
1942 2485 2003 2549 in
2050 2484 2211 2550 libro
2268 2485 2416 2550 Iesu
2473 2484 2652 2549 Naue

361 2611 560 2675 paene
606 2593 765 2675 ipsis
814 2594 1048 2658 uerbis.
1085 2594 1344 2676 proinde
1385 2596 1496 2656 aut
1531 2592 1635 2655 hic
1673 2610 1787 2673 per
1825 2591 2380 2675 anacephalaeosin
2422 2591 2656 2657 dicitur

270 2730 323 2766 ρο
364 2701 477 2764 aut
522 2700 654 2764 illic
700 2719 813 2782 per
848 2701 1167 2783 prolepsin
1208 2701 1449 2764 dictum
1491 2701 1610 2777 est,
1649 2699 1716 2763 id
1755 2703 1853 2763 est
1891 2702 2001 2762 aut
2037 2699 2142 2763 hic
2178 2699 2652 2782 recapitulando

363 2811 475 2870 aut
521 2806 654 2870 illic
700 2808 1243 2890 praeoccupando,

450 2914 561 2980 XI.
646 2914 738 2977 Et
812 2914 1372 2979 contribulauit
1451 2914 1962 2980 Amorrhaeus
2048 2914 2261 2979 filios
2348 2915 2500 2979 Dan
2579 2915 2649 2979 in

358 3025 631 3096 monte,
690 3022 1037 3102 quoniam
1089 3041 1228 3085 non
1279 3021 1632 3105 permisit
1682 3041 1806 3086 eos
1867 3021 2325 3086 descendere
2382 3022 2451 3085 in
2500 3023 2650 3086 ual-

359 3128 525 3193 lem.
576 3130 641 3190 et
694 3128 814 3192 hoc
872 3128 1168 3192 similiter
1214 3134 1325 3192 aut
1368 3128 1429 3191 in
1478 3128 1642 3192 libro
1700 3128 1847 3191 Iesu
1897 3127 2076 3192 Naue
2132 3129 2649 3211 praeoccupando

265 3261 318 3297 τε,
359 3238 927 3298 commemoratum
974 3237 1073 3298 est
1120 3238 1233 3298 aut
1278 3234 1380 3298 hic
1427 3234 1926 3317 recapitulando.

541 3546 565 3598 1
607 3545 725 3600 Iud.
768 3548 813 3608 1,
851 3546 921 3598 27
1035 3546 1100 3599 13
1137 3545 1258 3599 Iud.
1299 3547 1345 3608 1,
1383 3547 1450 3599 27
1568 3547 1632 3600 16
1668 3546 1785 3600 Iud.
1831 3548 1877 3608 1,
1916 3547 1984 3600 28
2099 3547 2163 3601 18
2203 3547 2268 3601 cf.
2308 3548 2411 3601 Ios.
2457 3548 2536 3608 17,
2582 3548 2645 3600 13

356 3634 427 3687 22
464 3632 580 3687 Iud.
624 3636 670 3696 1,
710 3635 779 3688 34
888 3635 958 3688 24
997 3634 1063 3687 cf.
1102 3634 1207 3688 Ios,
1250 3637 1333 3698 19,
1371 3637 1441 3688 47
1481 3635 1594 3704 (48)

430 3861 455 3914 1
499 3859 920 3932 ἐκληρονόμησεν
957 3861 1074 3915 cod.
1114 3862 1272 3916 Alex.
1383 3878 1632 3916 manases
1671 3862 1781 3916 ΒΝ
1879 3862 2125 3915 bethsam
2163 3862 2277 3914 PV
2309 3861 2517 3913 betsam
2547 3861 2656 3915 ΒΝ

354 3953 388 4006 2
428 3955 699 4019 scytarum
737 3949 897 4004 PSV
927 3951 1181 4004 scitatum
1220 3951 1288 4004 N
1396 3951 1679 4020 scitopolis
1715 3950 1929 4005 PSVT
1960 3949 2251 4019 scytopolis
2288 3950 2354 4002 N
2427 3951 2461 4002 4
2500 3951 2647 4018 squi-

351 4041 435 4093 tia
472 4038 583 4093 SN
612 4039 783 4106 scytia
817 4038 958 4092 P¹V
1149 4040 1391 4109 potuerit
1423 4040 1624 4108 scripsi
1658 4056 1779 4093 cum
1817 4039 1916 4092 bd.-
1951 4039 2153 4108 poterit
2190 4038 2345 4092 codd.
2520 4039 2553 4092 8
2592 4039 2646 4091 iu

352 4146 455 4183 om,
493 4126 731 4182 PSNV¹
872 4130 937 4182 10
974 4129 1159 4182 scitasi
1196 4128 1259 4181 N
1389 4131 1454 4182 12
1492 4145 1552 4182 se
1588 4144 1691 4182 om.
1741 4127 1810 4180 V¹
1955 4128 2010 4180 in
2050 4142 2201 4179 suum
2240 4143 2297 4178 se
2335 4126 2443 4180 SN
2447 4125 2650 4180 1⁷²de

354 4219 423 4271 13
460 4216 712 4269 bethsam
748 4217 863 4271 ΡΝ
895 4217 1107 4271 betsam
1146 4217 1251 4271 SV
1358 4219 1419 4271 17
1460 4217 1721 4271 tributum
1760 4216 1959 4284 scripsi
1993 4231 2113 4268 cum
2151 4214 2250 4269 bd.-
2300 4215 2645 4268 tributarium

351 4306 511 4361 codd.
664 4307 730 4359 19
769 4306 1165 4360 anacefaleosin
1201 4306 1475 4361 PSNVT
1630 4308 1699 4361 20
1738 4305 2029 4375 prolemsin
2066 4304 2285 4359 PSVT
2315 4305 2550 4373 prolesin
2586 4304 2654 4360 N

350 4397 421 4450 25
458 4395 570 4464 hic]
605 4394 719 4449 illic
754 4395 809 4448 P
