3076 4976
493 532 620 594 502
1198 528 1251 582 S.
1310 526 1585 580 Aureli
1638 527 2079 596 Augustini

499 722 882 805 rogabam
933 741 1102 786 eum
1151 721 1354 786 unde
1404 726 1628 786 esset
1685 724 1762 786 et
1817 741 2092 786 nomen
2151 740 2406 786 suum.
2464 741 2614 785 non
2673 720 2789 784 ad—

492 829 919 893 nuntiauit
973 829 1199 906 mihi,
1262 830 1478 911 quaeri
1534 833 1752 912 potest
1796 832 2009 893 utrum
2057 847 2281 893 uerum
2328 829 2580 904 dixerit,
2640 847 2790 910 quo-

492 935 660 999 niam
700 955 822 1000 non
861 935 1116 1019 legitur,
1159 953 1303 1000 cum
1336 934 1393 998 ei
1424 936 1689 1019 angelus
1720 935 2101 1018 loqueretur.
2142 934 2253 999 sed
2290 934 2792 1017 intellegendum

492 1045 592 1106 est
656 1043 778 1106 hoc
845 1042 933 1105 ibi
1000 1042 1375 1125 scripturam
1442 1042 1746 1119 tacuisse,
1814 1041 1918 1105 hic
1983 1043 2194 1105 autem
2261 1059 2791 1106 commemorasse

497 1147 667 1230 quod
732 1148 822 1213 ibi
888 1152 1196 1214 tacuerat.
1281 1149 1441 1213 illud
1509 1149 1724 1226 etiam,
1794 1147 1963 1230 quod
2028 1167 2151 1212 non
2216 1147 2336 1210 ait:
2401 1147 2794 1232 interrogaui
2849 1170 2876 1207 ε,

497 1274 643 1318 eum
702 1256 853 1338 quid
910 1260 1247 1321 uocaretur
1301 1259 1366 1320 et
1423 1276 1649 1321 nomen
1714 1275 1902 1320 suum
1969 1275 2090 1319 non
2159 1254 2560 1318 adnuntiauit
2612 1255 2793 1333 mihi,

494 1362 608 1426 sed
656 1361 776 1427 ait:
828 1363 1218 1447 interrogaui
1265 1363 1468 1427 unde
1519 1365 1768 1439 esset,
1818 1362 2076 1426 uidetur
2117 1361 2576 1444 inconsequens
2624 1361 2794 1444 quod

497 1468 776 1533 addidit:
838 1471 917 1534 et
963 1489 1237 1534 nomen
1298 1489 1525 1534 suurn
1584 1490 1731 1534 non
1790 1469 2322 1533 adnuntiauit
2375 1468 2592 1533 mihi.
2670 1488 2793 1533 non

492 1575 661 1639 enim
719 1594 944 1641 nomen
1007 1576 1145 1640 eius
1202 1577 1724 1658 interrogauerat,
1784 1595 1927 1640 cnm
1987 1578 2312 1656 quaereret
2377 1576 2543 1639 unde
2601 1580 2793 1653 esset,

492 1682 610 1746 sed
673 1682 884 1746 locum
954 1682 1058 1747 uel
1125 1683 1481 1761 ciuitatem,
1561 1703 1705 1746 cum
1781 1682 2098 1746 hominem
2163 1684 2437 1765 putaret.
2520 1701 2662 1745 nam
2732 1687 2795 1746 et
2835 1703 2882 1740 ιο

497 1787 821 1852 hominem
874 1789 974 1853 dei
1023 1809 1166 1852 eum
1217 1788 1584 1873 appellauit,
1635 1789 1843 1871 specie
1891 1792 2100 1851 tamen
2148 1787 2253 1852 nel
2299 1787 2521 1851 habitu
2571 1790 2797 1872 angelo

499 1895 800 1972 similem,
852 1896 971 1960 hoc
1022 1899 1140 1972 est,
1192 1896 1340 1977 quia
1388 1899 1516 1959 tarn
1565 1895 1957 1978 praeclarum
2015 1894 2201 1971 uidit,
2258 1894 2430 1958 sicut
2471 1894 2615 1975 ipsa
2662 1913 2796 1958 nar-

498 2001 691 2066 rauit.
742 2002 856 2066 sed
894 2002 948 2066 si
987 2002 1079 2065 ita
1119 2002 1581 2085 distinguatur:
1623 2005 1698 2066 et
1737 2001 2341 2085 interrogabam
2381 2020 2552 2065 eum
2595 2001 2796 2065 unde

501 2111 726 2172 esset
765 2111 843 2173 et
879 2128 1154 2173 nomen
1195 2128 1450 2184 suum,
1490 2111 1566 2172 ut
1602 2108 2021 2173 subaudiatur
2064 2108 2565 2191 „interrogabam
2603 2114 2787 2170 eum⁴·

500 2215 565 2276 et
619 2218 843 2296 postea
899 2215 1207 2279 inferatur
1271 2234 1456 2291 „non
1516 2214 2049 2279 adnuntianit
2104 2213 2366 2292 mihi“,
2424 2232 2546 2277 non
2605 2212 2798 2276 habet
2841 2242 2887 2280 ιε»

501 2319 970 2400 quaestionem;
1022 2320 1098 2384 ad
1146 2325 1486 2402 utrumque
1537 2320 1701 2384 enim
1742 2320 1957 2383 referri
1994 2322 2228 2402 potest,
2269 2319 2438 2402 quod
2475 2318 2598 2383 ait:
2649 2338 2794 2382 non

496 2424 1037 2491 adnuntiauit
1086 2427 1310 2504 mihi,
1361 2427 1423 2491 id
1467 2430 1566 2492 est
1603 2447 1716 2492 nec
1756 2426 1920 2491 unde
1960 2430 2130 2491 esset
2165 2445 2278 2491 nec
2316 2445 2541 2491 nomen
2584 2445 2793 2491 suum.

591 2533 726 2595 LII.
801 2534 963 2597 Item
1032 2535 1199 2616 quod
1269 2535 1357 2598 ait
1424 2534 1641 2598 eadem
1709 2534 1938 2597 mulier
2004 2533 2245 2598 dictum
2322 2532 2445 2597 sibi
2511 2551 2655 2596 esse
2720 2533 2794 2596 ab

504 2640 733 2722 angelo
801 2640 1178 2721 quoniam
1238 2640 1701 2703 Nazaraeus
1760 2638 1887 2703 dei
1955 2640 2112 2703 erit
2168 2657 2363 2721 puer
2417 2658 2451 2701 a
2510 2644 2793 2703 uentre

500 2765 755 2827 usque
824 2745 913 2809 ad
983 2745 1187 2808 diem
1266 2746 1550 2809 mortis
1629 2764 1852 2821 suae,
1930 2765 2048 2808 non
2123 2745 2361 2829 legitur
2425 2745 2501 2809 ab
2569 2746 2879 2830 angelozo

495 2853 765 2919 dictum.
843 2855 906 2915 et
962 2851 1130 2933 quod
1187 2851 1423 2934 legitur
1480 2851 1757 2916 dictum:
1829 2852 2004 2933 ipse
2059 2851 2410 2936 incipiet
2474 2853 2792 2915 saluum

491 2961 775 3023 facere
815 2957 1134 3022 Israhel
1184 2957 1272 3022 de
1320 2977 1551 3022 manu
1598 2958 2084 3034 Philistiim,
2135 2977 2255 3022 non
2304 2962 2403 3023 est
2449 2978 2484 3022 a
2529 2959 2792 3023 muliere

500 3069 1092 3129 commemoratum.
1169 3063 1383 3145 itaque
1451 3068 1515 3129 et
1580 3064 1818 3146 aliquid
1883 3085 2006 3130 non
2064 3065 2241 3142 dixit,
2299 3064 2465 3146 quod
2522 3063 2790 3140 audiuit,

505 3176 571 3235 et
627 3176 836 3235 tamen
895 3171 1053 3234 nihil
1112 3170 1420 3235 crede1.da
1477 3178 1577 3235 est
1632 3171 1884 3249 dixisse,
1945 3172 2114 3253 quod
2180 3191 2298 3235 non
2357 3170 2625 3243 audiuit,
2685 3170 2792 3234 sed

503 3280 883 3360 scripturam
956 3278 1170 3360 potius
1248 3297 1367 3342 non
1445 3278 1652 3342 omnia
1728 3277 1920 3342 uerba
1994 3279 2199 3362 angeli
2264 3278 2579 3361 posuisse,
2647 3296 2788 3342 cum
2831 3298 2883 3337 25

496 3384 710 3467 ipsum
785 3383 1034 3448 mulieri
1108 3385 1475 3467 loquentem
1552 3386 1856 3449 insereret
1932 3384 2289 3449 narrationi.
2372 3384 2512 3448 ideo
2579 3389 2788 3447 autem

510 3490 748 3554 dictum
792 3494 925 3556 est:
974 3509 1009 3555 a
1057 3495 1339 3555 uentre
1387 3511 1644 3573 usque
1694 3491 1784 3556 ad
1824 3491 2027 3555 diem
2068 3491 2352 3555 mortis
2393 3510 2605 3567 suae,
2645 3490 2790 3572 quia

504 3597 808 3661 Nazaraei
857 3597 1226 3662 dicebantur
1271 3598 1331 3661 in
1381 3599 1543 3682 lege,
1593 3597 1672 3661 ad
1718 3601 1972 3679 tempus
2021 3598 2128 3680 qui
2178 3601 2401 3662 uotum
2454 3596 2789 3668 habebant,

502 3702 851 3766 secundum
919 3723 991 3767 ea
1058 3723 1217 3785 quae
1285 3704 1596 3786 scriptura
1650 3725 1763 3786 per
1815 3705 2077 3787 Moysen
2135 3706 2555 3787 praeceperat.
2629 3703 2789 3768 unde

683 3931 748 3984 19
787 3930 903 3983 Iud.
947 3932 1030 3993 13,
1071 3932 1101 3982 7
1214 3931 1277 3982 21
1319 3929 1438 3983 Iud.
1482 3930 1565 3989 13,
1609 3932 1639 3983 ὃ
1750 3930 1818 3982 29
1860 3929 1925 3982 cf.
1966 3928 2126 3983 Num.
2168 3929 2217 3991 6,
2259 3930 2427 3982 2--21

579 4091 602 4142 1
645 4106 751 4142 non
792 4105 892 4143 om.
939 4088 989 4141 T
1130 4089 1448 4143 annuntiaui
1481 4089 1541 4140 N
1644 4091 1677 4142 3
1716 4090 1845 4158 non]
1882 4089 1983 4142 hoc
2019 4106 2126 4142 non
2155 4089 2229 4142 bd
2333 4089 2367 4141 4
2405 4088 2671 4157 scriptura
2700 4084 2792 4140 PS

502 4182 533 4233 6
574 4178 1036 4231 annuntiauerunt
1073 4177 1139 4229 N
1257 4180 1292 4232 8
1332 4178 1486 4232 addit
1521 4178 1678 4232 PSV
1802 4180 1834 4231 9
1875 4180 1987 4231 eius
2026 4194 2218 4231 nomen
2268 4178 2319 4231 T
2427 4178 2491 4230 12
2528 4177 2706 4230 simile
2742 4175 2791 4228 P

504 4269 568 4320 19
607 4283 707 4320 sec.
748 4266 867 4320 cod.
897 4267 1051 4320 Alea:⁴
1201 4283 1458 4321 nazareus
1487 4265 1762 4321 PSNVT
1863 4268 1932 4320 22
1969 4267 2237 4337 philistim
2265 4264 2499 4320 PSNV¹
2609 4266 2678 4318 23
2714 4266 2786 4317 ita

504 4355 661 4410 PSV
774 4358 842 4408 §25
883 4355 1147 4424 profuisse
1187 4357 1241 4409 P
1277 4356 1517 4425 potuisse
1557 4356 1621 4410 8¹
1742 4357 1809 4409 26
1850 4356 2084 4409 narratio
2123 4355 2178 4408 P
2291 4355 2359 4407 29
2399 4371 2460 4407 ea
2499 4353 2786 4407 secundum

502 4464 560 4497 en
610 4445 659 4498 T
