3076 4976
652 473 1125 538 Quaestionum
1169 472 1275 525 lib.
1316 472 1395 525 111
1435 471 1723 541 (Quaest.
1766 472 1840 525 dc
1879 473 2229 539 Leuitico).
2453 480 2582 542 259

291 669 640 751 appellauit
708 668 1035 746 salutaris,
1112 688 1231 731 non
1310 669 1833 732 commemorauit
1905 668 2151 751 adipem
2225 672 2587 751 pectusculi

295 775 680 840 offerendum
756 775 1007 839 domino
1087 778 1275 857 atque
1339 775 1548 856 ipsum
1616 776 2061 856 pectusculum
2130 780 2194 840 et
2256 777 2585 842 brachium

296 882 582 946 dextrum
643 882 842 946 danda
903 882 1244 955 sacerdoti;
1313 882 1423 946 sed
1480 881 1541 943 in
1599 881 1711 945 illo
1770 882 1886 946 hoc
1945 882 2078 945 fieri
2141 883 2351 960 iussit,
2419 886 2587 966 quod

293 991 519 1070 postea
574 986 730 1051 dicit
785 987 1161 1051 sacrificium
1224 987 1518 1051 salutaris
1577 987 1705 1050 sui:
1766 987 1934 1068 quod
1989 990 2148 1052 forte
2195 988 2591 1071 intellegitur

233 1098 257 1136 ⁵
297 1095 689 1178 singulorum
741 1112 1131 1176 quorumque
1178 1094 1521 1176 priuatum,
1572 1113 1691 1157 non
1739 1093 2071 1174 publicum
2126 1094 2587 1162 uniuersorum.

295 1221 437 1265 nam
487 1204 551 1264 et
595 1202 853 1284 Moyses
903 1200 1140 1264 obtulit
1186 1200 1494 1264 sacrificia
1541 1200 1839 1263 salutaris
1887 1218 2001 1263 nec
2049 1199 2290 1263 dictum
2348 1207 2447 1266 est
2500 1203 2590 1266 ibi

305 1308 638 1383 „salutaris
687 1308 860 1383 sui“;
922 1307 1128 1384 credo,
1180 1308 1475 1389 quoniam
1523 1327 1636 1389 pro
1684 1307 1919 1389 populo
1979 1307 2275 1372 uniuerso
2335 1310 2589 1375 obtulit.

296 1415 407 1478 ubi
466 1419 674 1479 autem
734 1414 1036 1489 uniuersi,
1095 1414 1183 1477 ibi
1244 1417 1307 1478 et
1363 1414 1627 1498 singuli;
1695 1433 1815 1478 non
1883 1418 2092 1477 autem
2162 1415 2272 1478 ubi
2330 1417 2588 1500 singuli,

300 1523 595 1586 continuo
635 1522 722 1585 ibi
756 1521 1060 1585 uniuersi.
1101 1521 1355 1606 singula
1392 1522 1558 1584 enim
1598 1525 1870 1602 possunt
1906 1540 2043 1585 esse
2084 1521 2220 1585 sine
2259 1523 2588 1599 uniuerso3

215 1633 263 1671 ¹⁰
298 1629 581 1693 uniuersi
632 1633 842 1693 autem
895 1648 1014 1691 non
1063 1632 1337 1711 possunt
1390 1627 1512 1690 nisi
1572 1646 1642 1691 ex
1700 1627 1972 1711 singulis
2030 1628 2390 1710 quibusque
2449 1649 2588 1693 con-

299 1741 485 1800 stare.
534 1756 677 1799 nam
729 1736 966 1819 singuli
1016 1735 1248 1817 quique
1297 1734 1660 1817 congregati
1708 1735 1812 1798 uel
1861 1734 1920 1797 in
1962 1753 2276 1798 summam
2315 1738 2590 1818 reputati

299 1843 537 1925 faciunt
584 1842 936 1906 uniuersos.

387 1949 752 2013 Notandum
811 1954 912 2012 est
966 1968 1135 2026 sane,
1194 1968 1339 2012 cum
1394 1967 1504 2029 pro
1562 1948 1798 2030 populo
1857 1948 2206 2011 offeruntur
2263 1949 2592 2045 sacrificia,

302 2058 364 2119 et
409 2075 518 2137 pro
568 2058 826 2137 peccato
878 2055 1186 2119 sacrificia
1239 2055 1417 2118 iussa
1472 2074 1612 2118 esse
1669 2054 1875 2118 offerri
1924 2057 1990 2116 et
2034 2054 2479 2118 holocaustum
2530 2061 2594 2120 et

217 2168 266 2206 1⁵
305 2162 612 2225 sacrificia
669 2161 995 2230 salutaris:
1061 2180 1172 2244 pro
1232 2161 1559 2224 sacerdote
1617 2163 1830 2224 autem
1888 2160 2171 2224 oblatum
2230 2161 2427 2226 fuisse
2481 2182 2592 2244 pro

301 2272 561 2349 peccato
612 2272 675 2332 et
723 2269 1171 2332 holocaustum
1222 2271 1287 2331 et
1333 2266 1921 2343 consummationis,
1980 2286 2099 2331 non
2160 2270 2371 2331 autem
2430 2271 2595 2333 salu-

302 2375 477 2440 taris.
565 2375 675 2438 sed
733 2374 1298 2439 consummationis
1355 2378 1507 2438 tunc
1567 2374 1849 2438 oblatum
1911 2377 2026 2451 est,
2087 2374 2335 2456 quando
2393 2394 2596 2441 sacer·

303 2481 483 2546 dotes
533 2481 910 2547 sanctificati
958 2484 1126 2554 sunt,
1176 2484 1251 2545 ut
1297 2480 1648 2547 sacerdotio
1696 2481 2129 2566 fungerentur,
2178 2485 2241 2545 et
2287 2481 2440 2547 haec
2490 2483 2596 2547 ob-

303 2590 455 2653 tulit
500 2589 759 2671 Moyses
805 2608 917 2671 pro
965 2589 1171 2654 Aaron
1221 2593 1286 2653 et
1331 2589 1478 2652 filiis
1529 2589 1684 2654 eius.
1741 2591 1966 2671 postea
2011 2608 2160 2651 uero
2208 2589 2413 2652 Aaron
2460 2590 2597 2672 ipse

215 2701 266 2738 ²⁰
304 2697 425 2759 iam
477 2694 911 2759 sanctificatus
963 2701 1026 2759 et
1073 2695 1421 2759 sacerdotio
1481 2696 1752 2778 fungens
1812 2695 2029 2759 offerre
2085 2713 2196 2776 pro
2256 2714 2323 2758 se
2379 2696 2597 2760 iussus

305 2805 404 2866 est
440 2802 715 2865 uitulum
755 2821 865 2883 pro
905 2805 1164 2883 peccato
1205 2806 1269 2865 et
1306 2802 1565 2866 arietem
1607 2802 1667 2865 in
1709 2801 2184 2874 holocaustum:
2224 2822 2345 2866 non
2383 2807 2598 2868 autem

303 2909 516 2973 iussus
586 2912 686 2972 est
748 2926 859 2990 pro
927 2928 995 2972 se
1062 2908 1280 2972 offerre
1346 2908 1943 2983 consummationis,
2012 2907 2159 2989 quia
2231 2915 2384 2972 tunc
2455 2910 2597 2975 ideo

307 3014 590 3079 oblatum
649 3018 774 3091 est,
832 3018 906 3078 ut
961 3018 1506 3079 consummaretur
1571 3014 2070 3078 sanctificatione
2128 3017 2193 3078 et
2247 3016 2598 3081 sacerdotio

306 3120 484 3204 fungi
532 3124 772 3202 posset,
823 3141 945 3203 quo
995 3121 1115 3184 iam
1167 3122 1462 3204 quoniam
1504 3121 1889 3204 fungebatur
1925 3141 2045 3185 non
2085 3141 2245 3203 opus
2286 3125 2418 3185 erat
2455 3142 2601 3187 eum

218 3231 270 3269 2⁵
301 3226 530 3291 itemm
577 3228 1024 3291 consummari.

394 3335 658 3399 XXVH.
734 3335 826 3398 Et
891 3334 996 3397 ait
1052 3334 1351 3416 Moyses
1409 3334 1497 3398 ad
1552 3335 1823 3399 Aaron:
1893 3333 2159 3398 accede
2218 3335 2304 3398 ad
2361 3336 2598 3400 altare

311 3445 385 3505 et
433 3443 549 3505 sac
599 3441 794 3523 quod
841 3459 973 3524 pro
1022 3444 1338 3522 peccato
1386 3444 1515 3506 tuo
1568 3444 1640 3504 et
1686 3441 2223 3505 holocaustum
2272 3445 2477 3505 tuum
2528 3445 2601 3506 et

310 3567 528 3612 exora
574 3566 700 3631 pro
751 3550 823 3611 te
875 3553 947 3611 ct
993 3547 1204 3611 domo
1255 3549 1400 3612 tua.
1452 3547 1682 3610 mirum
1724 3551 1825 3612 est
1862 3548 2176 3629 quomodo
2216 3549 2391 3631 prius
2431 3549 2603 3614 dicat

486 3811 520 3862 4
567 3809 633 3862 cf.
688 3813 896 3878 quaest.
945 3807 1099 3861 XXII
1285 3809 1348 3861 13
1397 3807 1461 3862 cf.
1513 3807 1643 3863 Leu.
1693 3809 1725 3861 8
1908 3809 1970 3861 21
2023 3809 2089 3861 cf.
2138 3809 2269 3861 Len.
2319 3810 2369 3871 9,
2409 3811 2441 3862 2
2482 3827 2597 3880 sqq.

309 3898 376 3951 26
415 3900 546 3952 Len.
586 3899 635 3961 9,
676 3900 704 3951 7

380 4040 412 4092 2
452 4039 782 4092 offer-andum
823 4039 870 4092 S
1035 4040 1066 4092 3
1108 4038 1347 4092 destrum
1389 4039 1435 4091 C
1602 4040 1634 4092 5
1671 4039 2009 4108 priuatorum
2048 4038 2112 4091 N
2268 4041 2300 4090 6
2338 4038 2429 4090 ubi
2470 4039 2606 4091 P¹T

314 4130 377 4183 10
415 4129 612 4198 quibus
648 4128 788 4182 P¹S¹
832 4128 1258 4197 quibuscumque
1297 4128 1371 4181 bd
1508 4129 1568 4182 11
1611 4144 1820 4181 summa
1863 4126 1909 4180 G
2042 4128 2108 4180 14
2146 4126 2452 4179 olocautum
2494 4127 2601 4178 (ita

309 4219 370 4270 in
404 4217 751 4286 sequentibus
778 4217 1118 4286 plerumque)
1165 4217 1212 4270 0
1340 4219 1404 4270 15
1442 4234 1538 4287 pro
1578 4220 1800 4287 peccato
1839 4233 1940 4272 om.
1980 4215 2045 4268 N
2178 4217 2239 4268 17
2282 4219 2365 4268 est
2401 4231 2503 4268 om.
2542 4215 2609 4267 N

313 4307 559 4361 sacerdos
607 4306 659 4359 V
789 4308 859 4360 24
897 4305 1039 4375 quod
1085 4304 1262 4359 0P²T
1416 4323 1522 4375 quo
1561 4307 1666 4359 iam
1708 4323 1808 4360 om.
1848 4305 1913 4357 N
2039 4307 2105 4358 ‘25
2146 4319 2515 4357 consummare
2561 4303 2607 4356 C

313 4397 378 4448 27
420 4395 563 4465 qnod
611 4395 664 4449 V

2397 4497 2494 4552 17*
