3076 4976
946 494 1476 549 Adnotationum
1516 495 1582 548 in
1621 494 1735 547 Iob
1775 494 1950 547 liber
1987 494 2028 547 Ι.
2501 498 2629 561 533

337 694 464 755 est:
527 695 754 755 uocat
810 709 891 754 ea
949 709 1135 772 quae
1194 710 1331 755 non
1390 693 1568 754 sunt
1624 692 1998 771 tamquam
2060 709 2246 772 quae
2305 694 2506 766 sunt,
2564 689 2629 754 id

336 804 437 863 est
476 798 824 863 secundum
865 798 1353 881 ignobilitatem.
1407 801 1534 862 aut
1571 797 1933 879 numquid
1981 817 2118 860 non
2169 801 2285 861 est
2330 803 2626 879 tempus

331 925 644 987 paruum
693 906 899 969 uitae
948 910 1196 969 meae?
1262 925 1381 969 non
1433 905 1597 968 enim
1646 907 1901 988 propter
1944 904 2408 988 longitudinem
2456 907 2627 969 uitae

330 1030 511 1076 meae
558 1015 847 1076 mortuus
896 1031 1015 1077 non
1067 1032 1230 1089 sum,
1281 1031 1425 1076 cum
1482 1012 1706 1094 utique
1762 1031 2027 1094 paruum
2088 1013 2174 1076 sit
2227 1012 2394 1093 quod
2453 1012 2624 1076 uiuo.

267 1143 290 1178 ⁵
330 1124 596 1201 patere
646 1138 775 1195 me,
827 1118 1061 1182 donec
1109 1119 1583 1200 requiescam
1628 1119 2024 1200 pusillum:
2081 1121 2228 1201 post
2273 1119 2625 1183 misericor-

331 1226 500 1290 diam
568 1245 691 1307 qua
757 1225 831 1289 de
896 1224 1048 1289 limo
1114 1225 1325 1289 fecisti
1380 1245 1480 1289 me
1540 1229 1604 1289 et
1657 1228 1972 1289 mutatum
2037 1227 2424 1290 mortalitate
2490 1246 2625 1308 per-

328 1332 593 1397 cussisti
668 1350 769 1395 me
837 1335 901 1395 et
963 1331 1104 1414 ipsa
1176 1331 1565 1396 mortalitate
1643 1331 2006 1397 consolatus
2075 1351 2143 1397 es
2208 1352 2329 1406 me,
2399 1333 2624 1397 deinde

264 1495 279 1510 ,
326 1437 664 1503 exercuisti
710 1457 809 1502 me
857 1438 1401 1502 tribulationibus.
1471 1444 1685 1520 patere
1736 1458 1883 1521 ergo
1931 1458 2054 1514 me,
2111 1442 2186 1502 ut
2230 1440 2623 1521 requiescam

324 1546 385 1608 in
436 1549 520 1622 te,
570 1547 975 1625 antequam
1026 1563 1179 1608 eam
1230 1545 1301 1608 in
1350 1564 1629 1626 poenas
1678 1545 1869 1609 unde
1907 1546 2191 1609 reuerti
2230 1566 2366 1609 non
2405 1546 2617 1620 licet;

228 1670 279 1707 ιο
322 1651 398 1715 ab
458 1651 558 1715 his
619 1651 806 1729 enim,
866 1670 1021 1732 quas
1080 1670 1271 1733 supra
1329 1653 1870 1727 commemorauit,
1926 1652 2081 1716 licet
2134 1652 2388 1728 reuerti,
2449 1653 2504 1717 si
2552 1673 2619 1717 se

321 1759 510 1822 homo
561 1758 636 1822 ad
686 1758 874 1821 deum
923 1758 1325 1822 conuerterit.
1376 1759 1521 1822 uult
1568 1763 1781 1823 autem
1826 1759 2244 1841 requiescere,
2284 1762 2618 1841 antequam

320 1869 423 1930 eat
469 1866 531 1928 in
579 1883 813 1946 poenas
864 1868 1170 1941 aeternam,
1221 1864 1298 1929 ad
1346 1866 1467 1929 hoc
1512 1867 1756 1948 utique,
1815 1869 1889 1930 ut
1942 1885 2062 1929 non
2124 1869 2243 1931 eat.
2322 1865 2618 1947 quemad-

317 1973 578 2037 modum
646 1971 700 2036 si
759 1970 1043 2036 dicamus
1113 1972 1333 2036 alicui:
1400 1973 1643 2057 corrige
1707 1976 1800 2051 te,
1868 1979 2204 2054 antequam
2271 1973 2615 2046 damneris;

317 2097 439 2142 non
493 2078 660 2142 enim
711 2097 854 2142 cum
906 2097 972 2142 se
1023 2079 1379 2152 correxerit,
1441 2079 1866 2144 damnabitur.
1939 2080 2066 2143 ubi
2126 2099 2263 2143 non
2322 2083 2439 2144 est
2491 2080 2614 2143 lux

220 2206 273 2242 ιε»
316 2204 447 2249 nec
480 2189 597 2250 est
625 2185 886 2249 uidere
916 2185 1152 2248 uitam
1186 2186 1596 2250 hominum:
1637 2187 1749 2250 illa
1779 2190 1878 2251 est
1906 2187 2070 2251 enim
2099 2187 2234 2250 uita
2261 2187 2610 2263 hominum,

309 2293 421 2357 ubi
471 2295 569 2356 est
612 2292 828 2356 lumen
875 2312 1118 2370 uerum,
1168 2292 1361 2375 quod
1422 2293 1828 2357 inluminat
1876 2313 2159 2357 omnem
2211 2294 2607 2357 hominem.

314 2399 436 2462 alia
486 2403 584 2463 est
628 2401 796 2462 terra
841 2398 1222 2476 uiuentium,
1273 2400 1396 2463 alia
1440 2402 1608 2464 terra
1653 2400 2079 2464 morientium.

401 2506 514 2570 XI.
601 2505 844 2588 Sophar
916 2506 1151 2570 Minaei
1227 2507 1439 2571 uerba.
1535 2512 1672 2572 aut
1744 2507 2135 2590 numquid
2211 2507 2605 2589 eloquens

312 2612 739 2677 uidebitur
802 2612 1080 2677 iustus
1149 2614 1378 2680 esse?
1459 2618 1647 2696 putat
1711 2615 1878 2679 enim
1944 2615 2056 2679 Iob
2122 2615 2333 2679 uerbis
2400 2615 2605 2697 magis

205 2743 263 2781 ρο
310 2739 495 2802 quarn
566 2718 865 2800 operibus
933 2720 1269 2785 abundare.
1354 2722 1647 2785 beatus
1714 2725 1950 2785 natus
2017 2723 2245 2786 homo
2320 2720 2602 2784 breuis

308 2826 566 2890 uitae:
645 2826 1024 2889 sententiam
1095 2846 1272 2890 suam
1341 2828 1437 2892 illi
1505 2828 1787 2911 replicat,
1856 2848 2042 2911 quam
2110 2829 2255 2892 uult
2315 2827 2604 2911 intellegi

305 2932 660 3015 loquaciter
707 2932 939 2996 dictam
993 2936 1055 2996 et
1102 2934 1390 2997 inaniter.
1468 2954 1636 2998 cum
1688 2955 1905 2999 nemo
1956 2936 2068 2999 sit
2115 2934 2248 3017 qui
2299 2941 2603 2999 contra-

305 3040 528 3104 dicat
570 3039 763 3104 tibi:
824 3040 971 3122 quia
1018 3041 1267 3122 quando
1320 3040 1590 3115 dicebat,
1654 3061 1834 3105 nemo
1884 3042 1936 3105 ei
1991 3040 2385 3105 contradixit.
2464 3041 2601 3104 sed

304 3144 699 3225 quomodo
751 3145 1562 3229 dominus'loquatur
1619 3148 1707 3211 ad
1758 3152 1878 3212 te?
1939 3168 2011 3211 ea
2058 3149 2313 3229 loquere
2361 3147 2598 3229 potius,

193 3279 256 3317 εδ
303 3250 536 3333 quibus
582 3251 963 3316 misereatur
1019 3255 1113 3317 tui
1166 3253 1340 3318 deus.
1421 3254 1607 3336 quia
1655 3255 1945 3335 duplex
1996 3255 2153 3318 erit
2201 3274 2441 3336 super
2486 3258 2598 3317 te:

302 3358 695 3439 corripiendo
773 3364 836 3424 et
913 3361 1318 3428 consolando,
1405 3367 1482 3424 et
1555 3364 1743 3425 tunc
1817 3362 2031 3425 scies
2109 3361 2295 3444 quia
2360 3360 2596 3443 digne

482 3619 503 3670 1
548 3615 699 3668 Rom.
740 3619 789 3679 4,
834 3619 897 3670 17
1062 3619 1094 3671 2
1131 3618 1228 3672 Iob
1272 3620 1353 3683 10,
1395 3622 1464 3674 20
1629 3623 1660 3674 5
1699 3621 1795 3674 Iob
1839 3621 1920 3681 10,
1960 3622 2029 3675 20
2193 3624 2224 3675 9
2262 3622 2359 3675 Iob
2403 3623 2485 3683 10,
2524 3621 2587 3674 21

300 3705 365 3757 14
404 3703 500 3757 Iob
546 3705 626 3763 10.
665 3706 728 3758 21
858 3707 921 3760 16
959 3707 1075 3759 Iob.
1119 3709 1166 3771 1,
1206 3710 1239 3761 9
1362 3709 1426 3762 18
1466 3709 1562 3762 Iob
1606 3710 1688 3772 11,
1725 3711 1757 3762 2
1877 3711 1945 3764 20
1982 3710 2079 3764 Iob
2123 3712 2204 3775 11,
2245 3713 2276 3764 3
2386 3712 2455 3763 22
2492 3709 2590 3764 Iob

297 3793 382 3857 11,
421 3794 454 3846 3
563 3794 633 3846 23
669 3794 767 3847 Iob
810 3797 890 3859 11,
932 3797 963 3849 5
1074 3798 1159 3852 25.
1199 3799 1265 3851 26
1306 3798 1420 3852 Iob.
1468 3801 1545 3861 11.
1588 3800 1620 3854 6

364 3960 400 4013 2
438 3976 663 4028 paruum
700 3965 911 4031 tempus
952 3963 998 4017 S
1083 3966 1115 4018 3
1154 3982 1339 4034 parum
1387 3968 1437 4021 T
1522 3970 1554 4021 5
1595 3968 1784 4037 donec]
1828 3971 1890 4021 ut
1926 3967 2156 4023 SCHier
2253 3971 2283 4022 6
2323 3972 2588 4020 mutatum

287 4064 380 4103 om
441 4049 489 4101 C
564 4050 599 4103 9
637 4050 692 4102 in
730 4067 930 4120 poenas
969 4068 1068 4106 om.
1111 4053 1297 4109 SHier
1404 4057 1601 4109 reuerti
1640 4075 1743 4110 non
1783 4058 1936 4125 licet]
1974 4074 2080 4110 non
2127 4062 2366 4110 reuertar
2402 4054 2591 4110 SHier

288 4137 362 4191 10
402 4137 541 4190 enim
580 4154 681 4192 om.
727 4140 772 4192 0
949 4144 1295 4195 commerauit
1337 4143 1386 4197 G
1573 4148 1638 4198 14
1678 4146 1817 4215 cum]
1857 4148 1901 4199 si
1946 4146 1995 4200 G
2180 4149 2244 4199 15
2285 4146 2400 4198 uita
2441 4144 2593 4199 GCS

288 4226 436 4280 enim
485 4232 569 4279 est
612 4227 658 4281 C
839 4229 902 4282 18
950 4229 1130 4282 Verba
1177 4230 1385 4300 Sophar
1430 4233 1631 4287 Minaei
1671 4234 1709 4288 d
1921 4236 2143 4303 Minaei]
2180 4236 2513 4288 naamathite
2553 4235 2585 4287 b

284 4314 568 4368 uidebitur
605 4316 861 4385 eloquens
900 4319 976 4370 bd
1156 4321 1220 4372 19
1258 4326 1455 4389 putant
1499 4322 1547 4374 C
1722 4324 1793 4376 20
1837 4324 2028 4377 beatos
2066 4330 2222 4377 natos
2260 4325 2506 4377 homines
2545 4324 2590 4379 S

284 4404 451 4456 homo
490 4408 651 4457 natus
690 4407 847 4459 homo
887 4405 1028 4459 Hier
1137 4409 1199 4461 21
1243 4409 1350 4462 illis
1395 4409 1554 4463 GPC
1662 4414 1729 4466 23
1770 4414 1841 4482 ei]
1885 4418 1940 4467 et
1983 4414 2028 4468 C
