3076 4976
533 501 661 563 578
1248 498 1300 552 S.
1357 498 1627 552 Aureli
1686 497 2126 567 Augustini

530 694 793 758 matris
842 713 1043 757 meae
1092 693 1233 756 dux
1284 693 1392 757 eis
1441 693 1579 758 fni:
1631 693 1706 756 ab
1755 692 1936 756 initio
1988 692 2150 756 enim
2194 692 2294 757 sui
2333 691 2490 756 haec
2531 694 2824 773 operatur

533 802 821 865 eeclesia.
856 804 985 864 aut
1015 800 1076 865 si
1109 801 1413 881 despexi
1443 800 1721 863 nudum
1751 803 2188 880 pereuntem
2230 802 2301 863 et
2339 818 2480 862 non
2530 798 2822 878 operui:

533 908 586 971 si
660 927 779 971 non
847 907 967 971 fide
1033 907 1423 972 remissionis
1489 909 1894 988 peccatorum
1966 909 2285 988 tamquam
2356 905 2637 969 tunicam
2706 923 2822 967 non

530 1016 863 1079 habentem
913 1014 1125 1077 ueiaui
1176 1034 1211 1078 a
1259 1014 1544 1078 nuditate
1591 1013 1940 1088 foeditatiS,
1989 1013 2054 1076 id
2103 1017 2201 1076 est
2246 1012 2513 1094 peccati,
2561 1030 2825 1092 pereun-

530 1126 688 1194 tem;
736 1122 860 1184 iam
909 1121 1072 1185 enim
1122 1121 1413 1202 desperat
1459 1119 1868 1185 multitudine
1916 1123 2337 1201 peccatorum.
2390 1123 2456 1182 et
2500 1119 2645 1182 hinc
2696 1122 2824 1182 est:
2881 1141 2906 1180 s

535 1232 606 1291 et
680 1247 989 1309 quorum
1068 1230 1273 1291 tecta
1349 1230 1524 1290 sunt
1597 1229 1934 1308 peccata.
2009 1226 2479 1290 infirmorum
2557 1226 2618 1288 si
2687 1244 2823 1289 non

459 1383 462 1390 ³
533 1333 1081 1398 benedixerunt
1144 1333 1326 1397 mihi
1393 1333 1714 1397 humeri:
1783 1353 1895 1414 spe
1962 1332 2436 1396 inmortalitatis
2502 1336 2823 1413 tamquam

529 1441 722 1522 pallio
800 1440 1070 1521 desuper
1143 1438 1442 1522 cooperti.
1520 1457 1596 1502 ne
1673 1442 1887 1502 autem
1962 1440 2111 1520 post
2174 1438 2362 1501 tidem
2430 1437 2825 1501 remissionis

530 1551 929 1631 peccatorum
990 1544 1276 1608 sufficere
1331 1548 1629 1625 putarent
1692 1544 2174 1625 praeteritarum
2239 1563 2581 1627 poenarum
2652 1548 2822 1608 metu

531 1674 737 1718 carere
812 1657 877 1716 et
948 1652 1293 1732 inciperent
1367 1671 1616 1734 sperare
1691 1651 2085 1732 temporalia,
2160 1651 2320 1715 bene
2396 1651 2660 1714 adiecit:
2740 1652 2824 1714 de
2868 1673 2910 1708 ιο

531 1765 844 1824 tonsura
908 1757 1158 1820 ouium
1215 1776 1540 1820 mearum
1599 1757 1961 1821 calefacti
2023 1761 2228 1832 sunt,
2291 1757 2458 1838 quod
2507 1777 2543 1819 a
2589 1757 2822 1841 frigore

533 1866 667 1947 spei
712 1869 989 1929 terrenae
1035 1864 1290 1928 illorum
1340 1863 1645 1927 uindicati
1692 1867 1841 1927 sunt
1888 1863 2408 1941 consideratione,
2459 1864 2513 1926 si
2554 1865 2827 1928 carnalia

531 1992 641 2055 per
695 1971 1222 2035 renuntiationem
1280 1974 1629 2052 posuerunt
1685 1971 1968 2053 exemplo
2019 1971 2232 2054 gregis
2282 1970 2711 2035 detonsarum.
2763 1972 2822 2034 si

531 2078 789 2142 leuaui
832 2097 1054 2160 super
1091 2077 1465 2160 pupillum
1510 2097 1799 2141 manum
1843 2097 2102 2141 meam:
2147 2077 2254 2159 qui
2289 2097 2409 2141 non
2442 2077 2822 2141 inueniendo

530 2188 773 2267 patrem
817 2189 1066 2265 poterat
1114 2187 1460 2249 creaturam
1512 2186 1617 2247 uel
1674 2184 1991 2247 hominem
2053 2183 2254 2265 sequi.
2312 2184 2588 2260 fidenS,
2652 2184 2824 2266 quia
2860 2205 2903 2244 ιε»

530 2291 713 2355 mihi
774 2293 890 2354 est
945 2290 1408 2354 adiutorium
1466 2290 1828 2354 multum:
1886 2290 2110 2354 uolens
2161 2290 2252 2354 eis
2303 2291 2629 2354 dominari.
2683 2290 2824 2354 dis-

532 2398 749 2462 cedat
804 2397 1157 2461 humerus
1214 2415 1419 2460 meus
1479 2416 1514 2460 a
1563 2396 1829 2479 iugulo
1881 2417 2070 2461 meo:
2123 2397 2291 2479 quod
2340 2397 2439 2460 his
2488 2398 2819 2481 contingit,

531 2507 640 2587 qui
689 2525 753 2569 se
802 2506 878 2569 ab
929 2504 1191 2569 ecclesia
1242 2507 1555 2585 separant,
1605 2504 1754 2568 dum
1805 2505 2032 2568 uolunt
2078 2505 2333 2588 populis
2383 2504 2715 2579 dominari,
2755 2510 2824 2568 ut

530 2611 983 2695 praecisionem
1039 2611 1448 2693 praecisionis
1505 2610 1850 2692 patiantur.
1912 2630 2022 2693 per
2069 2611 2403 2674 humerum
2452 2614 2669 2674 autern
2718 2615 2823 2673 aut

532 2717 858 2781 brachium
898 2716 1335 2800 significantur
1382 2717 1684 2781 actiones,
1737 2716 1965 2780 timor
2011 2718 2200 2781 enim
2254 2717 2642 2781 continuit
2688 2736 2819 2781 me:
2856 2739 2903 2776 zo

533 2843 609 2887 ne
655 2823 897 2887 leuaret
942 2842 1197 2886 manum
1249 2844 1439 2905 super
1484 2823 1824 2906 pupillum.
1877 2827 1951 2887 et
1999 2843 2033 2886 a
2078 2823 2402 2905 pondere
2465 2823 2629 2887 eius
2690 2843 2819 2886 non

535 2930 972 2994 sustinebo:
1051 2931 1106 2993 si
1183 2930 1302 2995 hoc
1375 2932 1571 2994 uelim
1643 2934 1718 2994 ut
1782 2930 2095 3012 pupillum
2164 2930 2536 3012 opprimam.
2605 2929 2820 3010 posui

535 3056 792 3100 aurum
860 3036 1084 3101 robur
1143 3056 1415 3101 meum:
1465 3036 1773 3118 numquid
1820 3035 2220 3119 praesumpsi
2268 3036 2343 3099 de
2392 3035 2676 3099 doctrina
2722 3039 2825 3099 aut

535 3144 841 3226 sapientia
906 3144 1053 3207 dei?
1121 3144 1389 3225 quodsi
1457 3148 1530 3207 et
1595 3144 1667 3207 in
1733 3143 1987 3226 lapide
2053 3143 2390 3224 pretioso
2457 3141 2819 3205 fidebam:

534 3251 715 3331 quasi
772 3251 844 3314 de
905 3250 1198 3334 operibus
1262 3250 1444 3314 meis.
1505 3251 1570 3315 si
1631 3253 1703 3314 et
1757 3251 2092 3313 laetatus
2151 3270 2341 3325 sum,
2402 3269 2565 3312 cum
2625 3250 2822 3312 esset
2853 3268 2900 3306 π»

532 3357 716 3421 mihi
783 3377 1055 3422 census
1120 3357 1441 3421 multus:
1511 3357 1694 3439 quasi
1756 3357 1832 3421 de
1888 3376 2059 3433 meo,
2116 3358 2191 3421 ut
2248 3357 2375 3438 qui
2430 3355 2818 3439 gloriatur,

711 3582 743 3635 2
782 3582 879 3636 Iob
919 3583 1005 3643 31,
1047 3583 1111 3635 19
1204 3586 1234 3636 6
1274 3583 1362 3637 Ps.
1402 3583 1547 3642 31.1
1700 3584 1796 3635 Iob
1838 3584 1921 3645 31,
1961 3583 2031 3636 20
2126 3583 2191 3636 10
2228 3583 2326 3635 Iob
2364 3584 2451 3645 31,
2489 3584 2560 3637 20
2657 3586 2721 3638 13
2759 3586 2820 3638 cs.

535 3669 688 3724 Cant.
726 3672 778 3734 4,
817 3673 849 3724 2
1003 3670 1099 3723 Iob
1141 3670 1224 3731 31,
1265 3673 1328 3724 21
1475 3672 1537 3725 15
1578 3672 1675 3723 Iob
1716 3673 1800 3735 31,
1842 3673 1906 3725 21
2050 3673 2114 3725 16
2153 3672 2249 3725 101)
2290 3672 2375 3733 31,
2416 3674 2484 3725 22
2622 3675 2693 3727 20
2730 3672 2819 3726 Iob

533 3761 618 3821 31,
658 3760 724 3811 23
818 3760 882 3812 21
923 3758 1019 3811 Iob
1059 3760 1146 3822 31,
1187 3760 1254 3813 23
1348 3761 1415 3813 22
1453 3759 1550 3813 Iob
1591 3762 1676 3822 31,
1716 3763 1785 3813 ‘24
1867 3762 1936 3814 24
1975 3761 2071 3814 Iob
2113 3762 2197 3822 31,
2237 3762 2306 3814 24
2388 3762 2457 3816 25
2496 3760 2594 3815 Iob
2635 3763 2719 3825 31,
2757 3763 2821 3815 ‘25

609 3882 633 3934 1
676 3882 778 3951 siu]
819 3882 898 3935 fui
937 3882 967 3933 b
1112 3881 1213 3935 hoc
1258 3882 1305 3936 C
1424 3883 1456 3935 2
1497 3883 1704 3951 dispcxi
1745 3884 1790 3936 S
1910 3886 1943 3936 4
1985 3885 2186 3952 uelaui]
2228 3885 2316 3937 uel
2355 3885 2409 3938 P
2535 3887 2567 3938 6
2605 3892 2821 3956 peccata

531 3970 879 4023 infirmorum.
920 3969 978 4022 Si
1015 3986 1124 4038 sqq.
1166 3971 1197 4023 b
1344 3972 1408 4041 si]
1448 3988 1577 4024 uero
1618 3973 1659 4024 si
1701 3971 1888 4026 SHier
1997 3975 2027 4025 7
2068 3974 2181 4042 spei
2220 3974 2327 4026 PC
2431 3976 2463 4027 9
2501 3981 2741 4028 metuere
2781 3974 2826 4026 C

536 4060 600 4111 10
639 4074 815 4111 carere
853 4074 955 4114 om.
1002 4058 1048 4111 0
1151 4063 1387 4129 sperare]
1423 4065 1723 4128 temperare
1768 4062 1814 4114 C
1937 4066 1993 4114 et
2031 4061 2096 4114 de
2136 4061 2324 4115 SHier
2411 4063 2471 4115 11
2512 4068 2738 4117 tunsura
2776 4062 2826 4115 Τ

533 4145 792 4198 calesacte
831 4146 877 4199 S
1009 4148 1073 4200 13
1113 4147 1458 4201 detunsarum
1502 4150 1546 4200 C
1681 4150 1744 4202 14
1782 4151 2049 4202 ueniendo
2098 4150 2248 4203 TPC
2384 4151 2449 4204 15
2486 4154 2691 4220 poterit
2726 4150 2825 4203 PC

533 4234 661 4303 quia
696 4235 924 4287 multum
963 4235 1095 4288 mihi
1135 4236 1289 4290 deest
1326 4237 1651 4291 adiutorium
1692 4237 1738 4290 S
1773 4239 1897 4306 quia
1934 4239 2163 4292 multum
2207 4242 2291 4291 est
2329 4239 2460 4292 mihi
2500 4240 2815 4292 adiutorium

532 4325 677 4377 Hier
837 4324 905 4377 20
945 4325 1082 4377 enim
1125 4325 1325 4378 domini
1367 4324 1552 4379 SHier·
1716 4328 1782 4380 22
1823 4329 1865 4379 si
1905 4329 2061 4397 posui
2102 4328 2245 4381 Hc'er
2417 4329 2484 4381 23
2525 4329 2644 4397 ant]
2683 4334 2737 4381 et*
2769 4327 2822 4379 P

530 4414 600 4467 24
640 4411 782 4481 quod
823 4413 924 4465 etsi
963 4414 1105 4467 Hier
1215 4418 1269 4467 et
1306 4431 1406 4470 om.
1454 4414 1544 4468 CS
1685 4416 1739 4468 in
1777 4432 1879 4469 om.
1926 4416 1970 4469 S
