3076 4976
619 470 1252 546 Quaestionum'lib.
1293 481 1337 533 V
1379 480 1664 552 (Quaest.
1706 482 1778 535 do
1817 481 2385 550 Deuteronomio).
2519 486 2644 548 381

358 679 435 739 et
482 677 827 741 ascende
878 676 967 740 ad
1013 677 1249 741 mein
1300 680 1680 753 montem;
1741 682 1818 742 et
1875 678 2135 742 facies
2185 677 2337 741 tibi
2386 695 2649 741 arcam

357 783 728 867 ligneam.
816 786 893 847 et
950 784 1431 849 scribam'in
1489 785 1805 849 tabulis
1865 784 2114 848 uerba
2173 803 2370 865 quae
2420 790 2656 848 erant

358 891 433 954 in
481 890 797 954 tabulis
844 889 1286 971 prioribus,
1329 911 1525 973 quas
1576 891 2653 967 cont1·iuisti;etinn1ittes

360 1016 489 1062 eas
531 998 598 1060 in
640 1015 921 1061 arcam.
965 1001 1042 1060 et
1079 998 1241 1062 feci
1280 1017 1537 1062 arcam
1581 1016 1666 1061 ex
1705 998 1962 1081 lignis
2001 998 2653 1081 inputribilibus

299 1108 439 1171 set
504 1104 769 1168 excidi
837 1102 1032 1167 duas
1100 1105 1429 1168 tabulas
1486 1104 1861 1185 lapideas
1920 1105 2142 1169 sicut
2196 1106 2516 1187 priores
2577 1108 2658 1169 et

361 1211 691 1276 ascendi
764 1211 840 1274 in
917 1215 1264 1276 montem
1345 1215 1424 1274 et
1497 1210 1698 1275 duae
1774 1212 2107 1276 tabulae
2182 1214 2256 1276 in
2334 1211 2651 1276 duabus

359 1319 728 1383 manibus
793 1319 1015 1382 meisa
1102 1322 1185 1383 et
1248 1318 1598 1400 scripsit
1668 1319 1744 1382 in
1822 1318 2135 1383 tabulis
2213 1318 2654 1383 secundum

362 1425 856 1508 scripturam
931 1425 1277 1506 priorem
1354 1425 1627 1489 decem
1703 1425 1980 1503 uerba,
2051 1444 2249 1506 quae
2315 1426 2654 1489 locutus

360 1535 484 1596 est
558 1532 924 1597 dominus
1004 1531 1096 1596 ad
1161 1551 1306 1596 uos
1372 1532 1449 1595 in
1515 1537 1782 1596 monte
1848 1552 1880 1597 e
1928 1532 2189 1597 medio
2255 1533 2509 1617 ignis;
2576 1535 2656 1595 et

272 1662 321 1701 ιο
362 1638 590 1703 dedit
649 1658 780 1704 eas
848 1639 1220 1703 dominus
1285 1638 1502 1703 mihi.
1588 1657 1708 1703 non
1767 1639 2061 1703 inmerito
2122 1639 2445 1720 quaeritur
2501 1657 2654 1719 quo-

357 1746 546 1810 modo
622 1746 775 1810 haec
851 1745 912 1809 in
980 1746 1472 1811 Deuteronomio
1550 1746 1840 1810 dicantur
1903 1746 2125 1829 Moyse
2199 1746 2513 1810 recolente
2581 1763 2656 1808 ac

358 1858 679 1935 repetente
730 1872 888 1936 quae
937 1856 1118 1937 gesta
1162 1856 1332 1928 sunt,
1392 1872 1538 1916 oum
1593 1853 1657 1916 in
1706 1852 1939 1930 Exodo,
1998 1853 2110 1916 ubi
2167 1852 2438 1935 primum
2498 1852 2655 1915 haec

360 1959 531 2023 dicta
570 1964 633 2023 et
668 1959 838 2024 facta
873 1962 1222 2034 narrantur,
1271 1958 1361 2022 ita
1400 1959 1485 2023 sit
1523 1958 1868 2041 scriptum:
1919 1960 1996 2022 et
2034 1957 2242 2021 dixit
2279 1957 2656 2022 dominus

362 2066 450 2130 ad
498 2066 863 2148 Moysen:
916 2065 1186 2129 scribe
1234 2065 1391 2129 tibi
1438 2065 1687 2129 uerba
1734 2066 1965 2137 haec;
2015 2066 2316 2129 etenim
2364 2065 2438 2128 in
2490 2083 2655 2127 uer·

275 2199 323 2236 ιε,
361 2173 486 2237 bis
536 2173 661 2237 his
710 2173 948 2255 posui
996 2171 1154 2236 tibi
1201 2173 1791 2236 testamentum
1843 2174 1920 2234 et
1959 2171 2296 2237 Israhel.
2357 2176 2434 2235 et
2481 2176 2658 2235 erat

361 2279 476 2343 ibi
524 2280 848 2362 Moyses
895 2280 974 2343 in
1024 2282 1478 2361 conspectu
1537 2278 1839 2343 domini
1897 2278 2443 2362 quadraginta
2499 2278 2653 2342 die·

362 2386 509 2450 bus
568 2390 645 2450 et
701 2384 1248 2471 quadraginta
1305 2384 1727 2461 noctibus:
1794 2404 2072 2468 panem
2133 2404 2279 2449 non
2339 2386 2654 2449 mandu-

365 2494 588 2558 cauit
654 2497 731 2558 et
795 2512 1071 2576 aquam
1140 2512 1285 2556 non
1352 2491 1601 2569 bibit,
1670 2496 1748 2557 et
1804 2492 2146 2574 scripsit
2199 2492 2276 2557 in
2334 2494 2652 2558 tabulis

365 2601 604 2664 uerba
661 2598 1171 2675 testamenti,
1232 2597 1501 2662 decem
1561 2598 1824 2662 uerba.
1911 2617 2056 2662 cum
2114 2618 2258 2682 ergo
2317 2599 2380 2663 in
2439 2599 2654 2664 Exodo

272 2739 325 2777 20
362 2707 500 2789 ipse
546 2707 803 2789 Moyses
850 2705 913 2770 in
963 2705 1199 2769 tabulis
1250 2704 1465 2769 decem
1513 2705 1678 2789 legis
1727 2705 1921 2769 uerba
1967 2705 2302 2786 scripsisse
2347 2708 2655 2782 narretur,

366 2815 681 2896 quomodo
737 2813 843 2877 hic
897 2813 960 2876 in
1009 2811 1498 2876 Deuteronomio
1559 2811 1715 2875 deus
1771 2812 1832 2875 in
1890 2812 2128 2876 tabulis
2186 2812 2403 2877 eadem
2462 2813 2659 2876 uerba

364 2921 693 3002 scripsisse
738 2919 1082 2984 recolitur?

452 3027 741 3109 Denique
798 3026 956 3090 illud
1016 3025 1183 3107 quod
1241 3027 1341 3090 est
1393 3026 1455 3089 in
1502 3025 1715 3090 Exodo
1773 3044 1919 3089 cum
1974 3029 2376 3091 transeunter
2428 3029 2655 3089 tracta-

364 3152 575 3198 remus
645 3138 709 3198 et
772 3133 925 3216 quid
991 3132 1173 3197 nobis
1228 3132 1294 3195 in
1352 3151 1425 3197 ea
1478 3131 1831 3196 differentia
1887 3132 2099 3196 uisum
2164 3132 2359 3196 fuerit
2421 3131 2658 3195 litteris

272 3274 328 3313 2⁵
363 3241 830 3318 mandaremus,
881 3260 993 3304 cur
1035 3240 1278 3321 priores
1326 3240 1601 3316 tabulae,
1662 3258 1821 3321 quae
1871 3240 2176 3304 contritae
2225 3240 2394 3315 sunt,
2453 3238 2658 3321 digito

367 3347 464 3411 dei
510 3348 782 3430 scriptae
827 3347 1195 3424 referantur,
1247 3346 1555 3410 secundas
1606 3349 1817 3409 autem
1863 3345 2107 3409 tamdiu
2154 3345 2215 3410 in
2265 3362 2406 3409 arca
2452 3344 2657 3407 taber-

365 3456 719 3536 naculoque
774 3473 1106 3518 mansuras
1162 3453 1298 3536 ipse
1355 3453 1612 3535 Moyses
1679 3452 2011 3533 scripsisse
2080 3451 2345 3526 dicatur,
2404 3451 2494 3514 ita
2546 3469 2659 3533 per

364 3560 525 3625 hanc
582 3559 999 3625 differentiam
1047 3561 1171 3625 duo
1220 3562 1602 3624 testamenta
1650 3559 2006 3643 significata
2053 3578 2193 3624 esse
2241 3559 2534 3634 diximus,
2587 3561 2663 3622 ut

365 3667 428 3730 in
476 3672 690 3732 uetere
737 3670 1122 3732 testamento
1184 3668 1281 3731 lex
1339 3665 1890 3730 commendaretur
1943 3669 2269 3748 tamquam
2326 3684 2485 3748 opus
2535 3662 2657 3739 dei,

274 3801 330 3840 so
368 3773 476 3838 ubi
523 3775 711 3839 homo
760 3774 918 3837 nihil
965 3773 1208 3853 fecerit,
1259 3792 1330 3837 eo
1381 3772 1550 3855 quod
1595 3774 1692 3837 lex
1732 3772 1954 3837 timore
1993 3792 2113 3836 non
2153 3776 2373 3854 posset
2410 3770 2659 3853 inpleri,

548 3999 612 4053 13
650 3998 747 4052 Ex.
786 4000 873 4063 34,
912 4000 997 4055 27.
1036 3998 1106 4052 28
1216 3999 1285 4052 23
1324 3998 1389 4052 cf.
1430 4004 1636 4067 quaest.
1678 3999 1743 4051 de
1781 3998 1875 4051 Ex.
1917 3996 2132 4052 CLXVI

441 4143 468 4194 1
507 4141 673 4194 facias
723 4141 792 4195 U¹
875 4143 908 4194 2
945 4141 1032 4194 καὶ
1066 4139 1251 4212 γράψω
1290 4141 1405 4197 cod.
1446 4140 1592 4194 Alex
1626 4146 1677 4194 et
1713 4139 1837 4208 Lay
1943 4138 2160 4192 tabulas
2198 4138 2266 4191 N
2345 4139 2377 4192 3
2415 4138 2661 4191 inmittet

366 4228 625 4283 P¹SNU¹
663 4229 896 4283 immitte
944 4229 1066 4282 TP2
1204 4230 1234 4282 7
1274 4228 1463 4297 scripsi
1499 4227 1567 4282 N
1697 4229 1728 4281 9
1765 4233 2003 4280 montem
2041 4226 2159 4280 ΡΝ
2163 4224 2273 4281 VU
2278 4225 2328 4278 T
2464 4225 2526 4277 12
2567 4225 2660 4277 ubi

367 4333 468 4371 om.
518 4317 568 4371 T
692 4320 757 4374 15
794 4322 1178 4372 testamentum
1217 4317 1320 4370 tibi
1360 4317 1488 4370 Pbd
1616 4317 1680 4371 17
1717 4315 2038 4369 manducaui
2075 4315 2141 4369 N
2261 4311 2331 4369 23
2369 4315 2473 4384 est]
2514 4318 2567 4367 et
2613 4314 2670 4366 T

367 4422 468 4460 om.
510 4405 583 4459 bd
725 4407 782 4460 in
820 4406 1002 4460 Exodo
1043 4423 1159 4461 cum
1199 4423 1300 4460 om.
1350 4406 1400 4460 T
