3076 4976
223 1711 278 1749 10

225 2242 278 2281 15

219 2778 277 2818 20

219 3313 275 3353 25

915 527 1436 580 Adnotationum
1476 528 1541 580 in
1580 527 1695 580 Iob
1734 528 1911 582 liber
1947 527 1989 581 Ι.
2472 534 2603 598 607

314 723 456 788 sui?
524 721 1031 805 quandoquidem
1096 741 1208 785 nec
1272 721 1432 785 illud
1498 725 1751 804 tempus
1809 723 2145 807 quisquam
2193 726 2435 804 recolit,
2485 746 2608 808 quo

313 829 545 893 nonin
593 829 980 911 parentibuS,
1040 828 1151 892 sed
1215 828 1278 891 in
1348 848 1415 893 se
1481 829 1621 911 ipso
1688 834 1874 893 natus
1944 836 2067 905 est;
2136 851 2257 913 quo
2325 835 2609 915 tempore

314 939 483 1000 certe
541 955 722 1001 nemo
781 936 1052 1012 dubitat,
1111 935 1279 1018 quod
1335 936 1459 999 iam
1518 941 1651 1000 erat
1707 941 1771 999 et
1828 937 2089 1002 uiuebat
2149 943 2213 1003 et
2277 939 2609 1004 sentiebat.

315 1043 525 1108 omnia
560 1047 772 1106 autem
811 1042 935 1106 scit
969 1042 1082 1105 illa
1119 1042 1430 1124 sapientia
1467 1062 1626 1124 quae
1664 1043 1893 1107 format
1933 1044 2161 1122 omnia,
2201 1065 2323 1110 non
2361 1049 2609 1110 tantum

314 1150 424 1214 illa
472 1149 980 1232 supercaelestia,
1030 1148 1144 1213 sed
1192 1149 1382 1212 etiam
1431 1149 1557 1213 ista
1602 1151 1915 1215 mortalia.
2001 1156 2066 1216 et
2121 1153 2268 1233 quia
2317 1152 2609 1218 Christus

315 1257 415 1322 dei
462 1257 669 1321 uirtus
719 1260 816 1320 est
862 1259 925 1320 et
972 1255 1072 1319 dei
1120 1256 1449 1338 sapientia,
1508 1257 1633 1320 scit
1685 1257 1813 1322 ista
1868 1258 1994 1332 ille,
2046 1259 2155 1340 qui
2211 1259 2402 1324 etiam
2449 1280 2611 1326 mor-

316 1364 531 1427 taliter
575 1367 763 1426 natus
813 1365 912 1426 est
957 1381 1079 1426 non
1118 1362 1484 1427 condicione
1523 1364 1798 1438 mortali,
1838 1365 1987 1446 quia
2022 1365 2086 1429 in
2125 1367 2393 1430 mortuis
2429 1368 2609 1444 liber,

316 1470 429 1535 sed
472 1468 874 1534 miseratione
941 1469 1324 1545 mortalium,
1376 1476 1449 1533 ut
1494 1490 1529 1533 a
1587 1474 1788 1535 morte
1853 1471 2087 1535 faceret
2148 1472 2406 1540 liberoS.
2476 1480 2613 1540 aut

317 1577 630 1642 uenisti
678 1577 753 1640 in
803 1576 1226 1640 thesauris
1279 1578 1548 1641 niuis?
1596 1577 1663 1641 id
1711 1581 1847 1642 est:
1889 1578 1968 1642 ad
2006 1598 2143 1643 eam
2186 1580 2610 1664 cognitionem

314 1683 682 1766 peruenisti,
731 1683 901 1747 sicut
944 1682 1053 1747 ille
1102 1683 1347 1748 sciebat
1393 1684 1586 1748 etiam
1644 1688 1987 1766 oportunae
2036 1705 2261 1750 causas
2309 1687 2612 1752 inminen-

313 1791 479 1855 tium
543 1789 983 1854 scandalorum
1050 1795 1323 1855 secretas
1381 1795 1569 1873 atque
1618 1792 1906 1856 abditas?
1954 1812 2097 1856 nam
2142 1793 2287 1857 inde
2336 1796 2615 1877 appellat

315 1898 646 1961 thesauros
706 1897 784 1960 ad
843 1896 1163 1979 probanda
1226 1899 1289 1960 et
1356 1898 1696 1962 exercenda
1760 1899 1948 1963 corda
2003 1900 2408 1982 spiritalium,
2467 1920 2609 1967 cum

316 2004 727 2068 exclamaret:
779 2023 923 2067 uae
968 2004 1257 2068 mundo
1325 2004 1413 2067 ab
1483 2005 1938 2069 scandalis!
2010 2010 2338 2088 oportet
2404 2009 2607 2072 enim

317 2110 596 2174 uenire
647 2110 1069 2186 scandala;
1118 2131 1263 2175 uae
1312 2115 1576 2176 autem
1625 2113 1759 2175 illi
1807 2112 2112 2177 homini
2176 2133 2315 2196 per
2383 2135 2609 2197 quem

318 2217 789 2282 scandalum
837 2217 1100 2280 uenit!
1149 2236 1263 2300 per
1310 2218 1671 2301 superbiam
1710 2218 1943 2300 quippe
1983 2219 2133 2283 elati
2169 2220 2234 2283 in
2274 2221 2400 2287 alto
2440 2240 2611 2286 more

316 2324 482 2388 niuis
532 2326 987 2409 congelascunt
1032 2329 1097 2388 et
1143 2323 1399 2389 cadunt:
1451 2344 1519 2389 ex
1570 2344 1838 2407 quorum
1875 2325 2209 2408 iniquitate
2256 2328 2611 2393 abundante

313 2432 670 2517 refrigescit
724 2432 952 2496 caritas
1016 2431 1392 2506 multorum;
1461 2432 1569 2513 qui
1628 2435 1841 2497 autem
1907 2433 2229 2499 sustinent
2284 2433 2611 2500 dominum

315 2540 588 2604 uiriliter
641 2542 902 2621 agentes
959 2541 1024 2600 et
1080 2537 1387 2619 spiritu
1443 2538 1887 2612 feruenteS,
1945 2544 2355 2621 perseuerent
2408 2561 2611 2623 usque

314 2647 379 2710 in
425 2646 613 2709 finem
681 2649 742 2707 et
810 2644 973 2708 salui
1040 2648 1241 2708 erunt.
1310 2648 1447 2708 aut
1510 2645 1948 2709 thesauros
2016 2645 2439 2729 grandinis
2504 2648 2611 2711 ui·

316 2752 568 2817 disti?
635 2751 868 2836 grando
937 2755 1087 2815 sunt
1147 2751 1243 2814 illi
1298 2751 1519 2834 iniqui,
1580 2752 1827 2834 quando
1886 2772 2005 2816 non
2066 2752 2275 2816 solum
2338 2757 2610 2836 torpent,

314 2858 559 2923 nullum
606 2859 919 2922 feruorem
967 2857 1230 2938 spiritus
1278 2857 1607 2932 habentes,
1648 2857 1759 2921 sed
1798 2858 1988 2922 etiam
2027 2859 2346 2923 obstinata
2382 2859 2614 2924 duritia

314 2964 744 3048 persequendo
813 2968 1002 3045 atque
1066 2963 1373 3028 inruendo
1460 2964 1876 3028 contundunt.
1963 2984 2162 3046 quae
2244 2966 2614 3047 reposita

316 3074 507 3135 sunt
552 3070 712 3134 tibi
760 3070 834 3134 in
884 3074 1204 3153 tempus
1253 3070 1774 3134 inimicorum
1825 3074 1902 3136 et
1937 3072 2014 3135 in
2054 3071 2257 3135 diem
2296 3092 2610 3156 pugnae

316 3181 392 3241 et
437 3177 693 3241 belli?
752 3176 856 3241 uel
912 3176 1057 3242 hinc
1117 3178 1257 3259 quis
1307 3197 1428 3241 non
1475 3177 1696 3241 uideat
1742 3179 1924 3242 cuius
1980 3197 2314 3260 personam
2362 3179 2425 3242 in
2472 3199 2613 3261 pro-

315 3283 594 3367 phetiam
644 3286 856 3368 gestet
901 3284 1058 3348 Iob?
1106 3304 1228 3349 non
1276 3286 1442 3348 enim
1488 3284 1640 3348 huic
1688 3286 1797 3348 uni
1842 3286 2085 3350 homini
2140 3286 2417 3368 reposita
2463 3290 2617 3350 sunt

313 3391 441 3455 ista
497 3390 572 3454 in
631 3393 949 3473 tempus
1005 3390 1524 3455 inimicorum
1583 3394 1649 3455 et
1704 3391 1765 3455 in
1815 3392 1982 3456 diem
2029 3411 2279 3476 pugnae
2328 3395 2392 3456 et
2434 3392 2609 3470 belli,

317 3498 430 3562 sed
474 3497 696 3579 utique
745 3497 928 3561 unico
977 3498 1212 3579 populo
1263 3496 1385 3561 dei.
1435 3501 1757 3579 tempus
1804 3498 2036 3581 quippe
2090 3498 2610 3563 inimicorum

315 3608 433 3682 est,
499 3605 694 3668 donec
760 3607 1043 3668 transeat
1105 3603 1430 3684 iniquitas,
1499 3622 1658 3686 quae
1724 3609 1955 3687 quanto
2032 3604 2235 3688 magis
2310 3604 2609 3683 abundat,

493 3798 525 3849 5
566 3794 631 3848 cf.
671 3794 697 3847 1
736 3794 857 3849 Cor.
903 3796 948 3859 l,
986 3796 1056 3848 24
1138 3796 1171 3848 8
1207 3795 1304 3848 Iob
1344 3795 1430 3856 38,
1471 3795 1541 3847 22
1627 3795 1693 3848 13
1729 3795 1927 3848 Matth.
1969 3795 2049 3859 18,
2093 3796 2122 3848 7
2210 3796 2274 3848 16
2317 3793 2381 3848 cf.
2412 3794 2610 3849 Matth.

313 3886 401 3949 24,
443 3885 525 3938 12.
569 3885 634 3938 13
730 3886 794 3937 17
835 3884 899 3938 cf.
939 3883 1027 3937 Pa.
1067 3884 1153 3945 26.
1197 3885 1262 3937 14
1356 3884 1422 3938 18
1463 3884 1527 3937 cf.
1568 3883 1721 3937 Rom.
1766 3885 1849 3946 12,
1893 3885 1954 3937 11
2078 3883 2144 3937 cf.
2181 3883 2377 3939 Matth.
2416 3885 2501 3948 24,
2546 3885 2610 3938 13

317 3976 383 4029 19
421 3973 521 4027 Iob
559 3972 645 4037 38,
683 3974 753 4026 22
863 3974 931 4026 22
970 3972 1066 4026 lob
1105 3973 1191 4037 38,
1230 3974 1298 4027 23

390 4080 415 4133 1
459 4079 820 4149 quodquidem
866 4079 912 4132 C
998 4081 1029 4132 9
1069 4080 1233 4147 niuis]
1273 4080 1409 4133 meis
1445 4080 1599 4133 TPO
1689 4080 1754 4133 12
1792 4078 1860 4132 ad
1899 4095 2001 4133 om.
2039 4077 2083 4131 Ο
2191 4077 2540 4147 approbanda
2568 4078 2616 4131 G

312 4168 640 4238 spiritalium
681 4167 842 4221 corda
884 4167 1006 4221 de
1185 4169 1250 4221 13
1289 4168 1548 4221 clamaret
1593 4168 1696 4221 ΤΡ
1870 4185 1903 4220 a
1940 4168 1980 4221 d
2150 4168 2314 4236 enim]
2356 4169 2539 4219 autem
2578 4166 2611 4219 b

316 4258 382 4311 17
420 4255 738 4325 refrigescat
782 4256 883 4310 TC
1026 4257 1091 4310 19
1131 4256 1419 4325 grandines
1467 4258 1511 4309 G
1653 4257 1722 4311 22
1771 4257 1957 4325 atque]
2005 4256 2093 4309 uel
2135 4254 2257 4308 de
2399 4256 2468 4309 23
2506 4255 2607 4308 tibi

311 4363 415 4401 om.
455 4345 599 4399 Hier
740 4345 827 4399 die
873 4345 1026 4399 TPC
1147 4348 1214 4399 24
1254 4346 1538 4415 prophetia
1576 4346 1651 4399 bd
1769 4347 1838 4399 25
1877 4345 1969 4399 uni
2006 4360 2109 4398 om.
2159 4344 2258 4398 TO
2363 4345 2431 4398 26
2469 4347 2609 4397 tem-

309 4451 442 4505 pore
487 4434 642 4488 TPC'
780 4434 867 4487 die
913 4434 1096 4488 TPGb
1205 4435 1272 4488 28
1311 4434 1404 4503 qui
1448 4434 1495 4487 G
