3076 4976
588 483 672 545 94
1146 533 1150 539 ,
1286 479 1338 533 S.
1396 479 1672 532 Aureli
1729 478 2170 548 Augustini

590 677 868 740 humana
918 675 1222 740 societate
1272 674 1643 739 ordinatam.
1720 676 1950 751 tamen,
2001 673 2168 737 sieut
2218 673 2576 756 Stephanus
2625 674 2767 739 dicit
2803 674 2854 737 in

586 782 857 846 Actibus
915 782 1370 863 apostolorum,
1428 781 1695 863 putabat
1758 780 2128 863 intellegere
2196 780 2418 844 fratres
2486 800 2657 857 suoS,
2715 779 2858 861 quod

588 907 700 968 per
766 907 911 952 eum
978 886 1135 951 deus
1204 887 1381 950 daret
1436 887 1567 951 illis
1627 887 1921 965 salutem,
1982 892 2054 951 ut
2106 906 2216 970 per
2270 888 2391 951 hoe
2446 886 2856 950 testimonium

589 993 884 1057 uideatur
937 993 1194 1075 Moyses
1252 994 1377 1057 iam
1437 993 1751 1057 diuinitus
1810 993 2171 1057 admonitus
2219 1030 2306 1037 —
2354 994 2521 1073 quod
2578 992 2858 1075 scriptura

591 1118 662 1163 eo
711 1101 850 1164 loco
901 1101 1073 1163 tacet
1118 1136 1205 1145 —
1253 1100 1375 1164 hoe
1422 1099 1653 1164 audere
1701 1101 2010 1181 potuisse.
2904 1123 2922 1160 s

678 1207 793 1270 III.
880 1205 1265 1270 Clamauit
1328 1207 1552 1270 illum
1620 1206 1962 1270 dominus
2033 1207 2116 1271 de
2182 1206 2387 1271 rubo,
2464 1206 2753 1271 dominus
2808 1204 2858 1267 in

589 1314 864 1396 angelo?
941 1333 1015 1378 an
1086 1313 1380 1378 dominus
1449 1314 1713 1396 angelus
1779 1313 1887 1377 ille
1955 1314 2061 1395 qui
2139 1313 2349 1377 dictus
2425 1317 2524 1378 est
2605 1310 2858 1394 „magni

590 1419 897 1484 consilii
979 1421 1335 1503 angelus“
1420 1422 1484 1483 et
1559 1420 1959 1503 intellegitur
2032 1419 2371 1485 Christus?
2457 1438 2648 1502 supra
2718 1418 2858 1481 enim

590 1526 779 1590 dixit:
849 1527 1206 1608 adparuit
1268 1526 1393 1590 illi
1459 1527 1776 1608 angelus
1845 1526 2123 1591 domini
2180 1526 2251 1588 in
2317 1526 2621 1589 flamma
2683 1524 2858 1608 ignis

590 1634 675 1697 de
725 1633 930 1698 rubo,
2888 1655 2924 1693 ιο

678 1740 825 1805 lIlI.
873 1741 1215 1804 Educere
1264 1741 1445 1805 illos
1496 1740 1580 1804 de
1631 1744 1829 1803 terra
1876 1740 2015 1803 illa
2061 1741 2133 1804 in
2182 1745 2456 1804 terram
2505 1739 2761 1802 bonam
2804 1743 2862 1800 et

592 1847 939 1920 multam,
988 1846 1058 1910 in
1108 1849 1390 1910 terram
1438 1847 1809 1910 fluentem
1857 1848 1974 1911 lac
2024 1838 2094 1910 et
2141 1847 2307 1910 mel.
2385 1849 2598 1909 utrum
2655 1848 2858 1908 teriam

587 1952 889 2017 fluentem
940 1954 1036 2017 lae
1088 1957 1152 2017 et
1196 1953 1327 2016 mel
1374 1952 1744 2034 spiritaliter
1783 1953 2066 2036 accipere
2108 1953 2436 2028 debemuS,
2480 1953 2629 2035 quia
2665 1970 2860 2015 secun·

591 2059 739 2123 dum
789 2059 1240 2142 proprietatem
1291 2062 1571 2123 nostram
1622 2059 1739 2123 hoo
1787 2062 1921 2123 erat
1966 2059 2076 2123 illa
2125 2079 2284 2141 quae
2333 2059 2479 2122 data
2520 2061 2619 2122 est
2652 2056 2858 2138 populo

587 2166 876 2230 Israhel?
957 2187 1029 2230 an
1097 2166 1439 2230 locutionis
1507 2169 1626 2244 est,
1687 2186 1810 2248 qua
1863 2166 1930 2231 id
1995 2167 2073 2230 ad
2140 2167 2389 2230 laudem
2459 2165 2760 2229 ubertatis
2811 2165 2922 2224 eto

589 2273 927 2337 suauitatis
975 2274 1325 2337 referatur?

680 2379 754 2442 V.
841 2379 932 2443 Et
1007 2399 1197 2443 nunc
1275 2399 1445 2443 ecee
1523 2380 1807 2444 elamor
1880 2379 2221 2443 filiorum
2299 2379 2592 2442 Israhel
2675 2376 2862 2440 uenit

591 2485 677 2549 ad
742 2506 880 2560 me,
948 2505 1070 2550 non
1138 2486 1307 2550 sicut
1372 2487 1612 2550 clamor
1678 2485 2129 2564 Sodomorum,
2197 2505 2318 2568 quo
2382 2484 2686 2566 iniquitas
2748 2481 2860 2547 sine

588 2592 815 2656 timore
848 2590 928 2655 'et
977 2593 1109 2657 sine
1158 2593 1541 2657 uerecundia
1589 2593 2003 2677 significatur.

677 2698 786 2761 VI.
838 2697 1020 2776 Quod
1068 2699 1397 2763 mandauit
1442 2698 1734 2763 dominus
1773 2699 2078 2763 Hebraeis
2127 2719 2237 2780 per
2273 2699 2558 2781 Moysen,
2608 2704 2682 2763 ut
2724 2696 2861 2761 aeci·
2889 2720 2926 2757 a}

590 2808 810 2887 perent
856 2804 932 2867 ab
980 2805 1312 2887 Aegyptiis
1361 2824 1517 2868 uasa
1565 2824 1755 2868 aurea
1810 2810 1873 2869 et
1929 2809 2226 2888 argentea
2282 2809 2343 2869 et
2400 2810 2650 2869 uestem
2696 2809 2861 2885 atque

591 2911 867 2975 addidit:
930 2916 1001 2975 et
1055 2911 1609 2994 praedabimini
1669 2931 1824 2987 eOS,
1891 2912 2171 2975 mandati
2227 2912 2419 2977 huius
2487 2932 2609 2976 non
2675 2913 2862 2993 potest

589 3018 898 3081 iniustum
948 3038 1086 3081 esse
1137 3017 1467 3081 iudicium.
1525 3020 1890 3082 mandatum
1944 3019 2109 3082 enim
2160 3019 2258 3082 dei
2308 3022 2424 3095 est,
2468 3019 2542 3083 de
2591 3038 2712 3102 quo
2756 3036 2858 3081 non

588 3125 997 3188 iudicandum
1048 3124 1159 3187 sed
1208 3124 1267 3187 ei
1316 3124 1872 3207 obtemperandum
1923 3124 2064 3189 fuit.
2115 3125 2222 3188 ille
2272 3125 2438 3189 enim
2478 3127 2661 3189 nouit
2697 3142 2859 3206 quam

590 3231 756 3295 iuste
796 3231 1223 3301 mandauerit:
1267 3231 1345 3294 ad
1384 3250 1638 3294 seruum
1680 3236 1892 3295 autem
1933 3232 2207 3313 pertinet
2244 3231 2649 3296 oboedienter
2685 3232 2860 3294 facere
2891 3240 2928 3280 2³

590 3338 761 3420 quod
807 3338 1152 3402 mandauit.

681 3444 821 3508 VII.
900 3443 1084 3524 Quod
1143 3444 1233 3507 ait
1287 3444 1545 3527 Moyses
1604 3444 1680 3508 ad
1740 3444 2098 3519 dominum;
2163 3464 2476 3527 precor,
2548 3444 2859 3511 domine,

591 3570 739 3615 non
814 3570 983 3613 sum
1061 3551 1456 3632 eloquens
1542 3555 1722 3615 ante
1808 3552 2272 3615 hesternum
2362 3571 2617 3635 neque
2701 3552 2860 3613 ante

773 3796 804 3848 2
845 3794 909 3848 ef.
950 3795 1069 3848 Act.
1113 3797 1160 3857 7,
1199 3796 1267 3848 25
1343 3795 1374 3846 6
1412 3795 1504 3848 Ex.
1547 3797 1598 3862 3,
1637 3800 1672 3851 4
1745 3797 1773 3847 7
1814 3796 1902 3849 Es.
1943 3798 1993 3853 9.
2034 3798 2065 3849 6
2141 3797 2172 3848 9
2212 3796 2302 3849 Ex.
2344 3797 2394 3859 3,
2432 3797 2464 3848 ι).
2545 3794 2724 3849 11Ex.
2762 3792 2858 3846 as

597 3885 658 3937 17
698 3883 791 3936 Ex.
833 3883 882 3948 3,
920 3884 951 3935 9
1066 3884 1131 3936 is
1173 3881 1305 3937 een.
1350 3882 1432 3939 18,
1471 3883 1542 3936 20
1651 3883 1721 3936 20
1759 3883 1851 3939 Ex.
1891 3886 1941 3947 3,
1981 3885 2047 3936 22
2160 3884 2226 3936 27
2268 3883 2359 3935 Ex.
2399 3885 2450 3945 4,
2497 3884 2562 3937 10

664 4044 696 4095 6
733 4041 913 4109 illum]
954 4040 1020 4093 ad
1058 4040 1211 4093 illum
1252 4039 1303 4092 V
1339 4057 1458 4093 eum
1490 4042 1521 4094 b
1598 4042 1627 4093 7
1670 4041 1915 4110 angelus]
1959 4042 2166 4107 angelis
2196 4041 2260 4094 N
2331 4042 2396 4095 10
2426 4040 2515 4110 de}
2558 4043 2611 4094 in
2641 4037 2856 4094 PSVTb

596 4134 654 4185 11
697 4148 795 4187 see.
836 4130 953 4183 cod.
993 4130 1150 4183 Aler.
1258 4131 1323 4182 14
1362 4132 1623 4198 nostram]
1666 4147 1772 4182 non
1812 4130 1972 4184 PSN
1983 4131 2156 4183 17de
2257 4132 2320 4183 15
2358 4131 2670 4199 locutionis]
2708 4143 2856 4197 genus

592 4219 884 4274 locutionis
908 4217 977 4272 S²
1004 4219 1295 4271 locutionis
1325 4219 1514 4271 modus
1547 4219 1596 4271 T
1702 4235 1805 4287 quo
1838 4219 1885 4270 T
1953 4220 2291 4272 ⁴20<10u1inus
2321 4221 2381 4271 in
2411 4236 2513 4289 my.
2537 4220 2665 4275 add,
2687 4236 2746 4272 m.
2768 4215 2862 4268 21’

594 4310 662 4362 23
694 4308 799 4377 dei]
842 4307 1043 4360 domini
1094 4307 1144 4358 V
1249 4309 1317 4360 25
1356 4307 1714 4360 mandauerat
1749 4307 1826 4359 Ρι
1936 4309 2006 4360 ‘28
2046 4306 2219 4369 ἱκανός
2268 4308 2442 4362 Tisclz.
2485 4304 2702 4367 εῧλαλος
2736 4304 2854 4369 Lay.

596 4393 808 4465 εὔλογος
854 4395 1107 4464 Ort'yenes
1144 4401 1178 4448 t.
1226 4396 1275 4447 X
1289 4395 1342 4442 V
1366 4413 1425 4463 p.
1468 4400 1586 4447 354
1732 4395 2065 4464 hesternum]
2106 4397 2400 4449 extermina
2437 4396 2509 4449 P¹
2551 4400 2758 4450 externo
2801 4390 2856 4443 1'¹
