3076 4976
655 391 1134 457 Quaestionum
1173 392 1284 446 lib.
1325 392 1381 445 11
1424 390 1713 458 (Quaest.
1756 392 1829 446 de
1868 392 2140 460 Exodo).
2419 397 2537 458 151

265 586 409 651 illud
469 588 754 670 appellat
819 587 1148 669 scriptura,
1219 587 1384 669 quod
1450 587 1694 651 iustum
1771 591 1886 651 est.
1962 608 2038 651 ne
2114 588 2256 670 quis
2334 592 2547 652 autem

264 699 500 777 propter
560 695 758 758 istam
824 694 1199 758 sententiam
1268 693 1454 758 deum
1531 697 1783 776 putaret
1846 695 2342 760 misericordiam
2409 716 2548 778 pro-

265 801 483 877 hibere,
534 801 706 883 quod
755 801 1062 884 sequitur,
1115 801 1606 882 oportunissime
1657 801 1974 883 sequitur:
2025 801 2088 864 si
2138 806 2384 865 autem
2435 803 2548 866 ob-

262 906 582 971 uiaueris
650 908 832 972 boui
895 907 1190 971 inimici
1246 907 1359 971 tui
1418 911 1547 971 aut
1616 907 2006 991 subiugali
2073 908 2235 972 eius
2304 928 2547 972 erran-

211 1037 233 1076 ε
265 1013 475 1086 tibus,
506 1014 879 1078 reducens
919 1013 1187 1077 reddes
1227 1014 1313 1089 ei,
1358 1018 1429 1076 ut
1468 1014 1633 1078 scias
1674 1034 1792 1078 non
1824 1018 1886 1077 te
1917 1014 2307 1096 prohibitum
2348 1015 2548 1079 facere

265 1119 772 1196 misericordiam,
840 1121 939 1184 fac
1000 1120 1188 1184 etiam
1250 1140 1398 1203 erga-
1460 1120 1754 1184 inimicos
1823 1125 1990 1198 tuoS,
2061 1140 2204 1184 cum
2263 1124 2546 1203 potestas

264 1230 353 1289 est
385 1246 419 1288 a
454 1227 796 1291 iudicando
834 1227 1049 1291 libera.
1090 1246 1210 1290 non
1253 1226 1418 1290 enim
1467 1246 1611 1290 cum
1659 1226 1909 1291 reducis
1959 1229 2268 1290 errantem
2316 1228 2548 1292 bouem

263 1333 484 1398 inimici
530 1334 629 1397 tui
681 1340 748 1397 et
792 1333 1022 1410 reddis,
1073 1333 1235 1397 inter
1281 1333 1526 1415 aliquos
1575 1334 1764 1397 iudex
1811 1333 2072 1398 resides,

340 1441 782 1504 LXXXVIIII.
858 1439 992 1504 Sex
1067 1439 1278 1504 annis
1357 1440 1769 1504 seminabis
1845 1444 2115 1504 terram
2191 1443 2395 1505 tuam
2474 1444 2548 1505 et

194 1572 234 1610 ιο
267 1546 575 1629 colliges
626 1546 961 1610 fructum
1011 1545 1202 1621 eius;
1254 1545 1576 1628 septimo
1627 1549 1881 1609 autem
1932 1565 2117 1610 anno
2167 1545 2546 1611 remissio-

265 1671 406 1714 nem
467 1652 711 1715 facies
777 1655 848 1715 et
908 1650 1239 1732 requiem
1302 1650 1513 1714 dabis
1576 1649 1719 1726 illi,
1783 1653 1856 1713 et
1904 1650 2125 1714 edent
2169 1670 2543 1733 pauperes

270 1759 500 1842 gentis
586 1762 798 1835 tuae3
885 1777 1072 1839 quae
1157 1761 1404 1820 autem
1484 1757 1956 1838 superabunt
2038 1757 2259 1821 edent
2342 1759 2545 1822 ferae

267 1865 562 1929 bestiae.
644 1864 757 1929 sic
820 1864 1056 1928 facies
1123 1863 1417 1926 uineam
1482 1866 1689 1926 tuam
1749 1866 1821 1927 et
1878 1863 2248 1928 oliuetum
2309 1867 2541 1929 tuum.

271 1972 467 2052 quaeri
496 1975 718 2055 potest
756 1971 908 2053 quid
938 1971 1244 2054 colligant
1270 1989 1599 2052 pauperes,
1634 1969 1689 2033 si
1719 1971 1991 2051 septimo
2021 1990 2180 2034 anno
2221 1972 2310 2033 ita
2345 1970 2549 2052 parcit

194 2104 239 2143 ιε
267 2083 467 2155 terrae,
515 2081 590 2142 ut
636 2097 759 2142 nee
802 2078 1155 2141 sminetur
1200 2076 1456 2159 quidem
1494 2114 1581 2122 —
1621 2096 1742 2140 non
1793 2077 1958 2141 enim
2009 2077 2083 2140 ad
2123 2077 2373 2141 uincam
2413 2097 2547 2158 per·

269 2185 411 2248 tinet
456 2189 519 2249 et
567 2186 887 2250 oliuetum
934 2184 1101 2268 quod
1152 2184 1391 2248 dictum
1442 2189 1569 2247 est:
1621 2184 1845 2247 edent
1889 2203 2244 2267 pauperes
2295 2184 2543 2266 gentis

270 2294 424 2355 tuae
469 2330 553 2338 —
602 2292 757 2376 quia
805 2293 879 2356 de
925 2298 1093 2356 terra
1156 2289 1275 2355 n'on
1343 2292 1654 2355 seminata
1718 2290 1873 2354 nibil
1939 2294 2210 2372 possunt
2276 2310 2543 2368 sumere,

268 2397 364 2459 ubi
427 2403 681 2483 segetes
749 2399 921 2463 nasci
984 2418 1106 2463 non
1171 2401 1459 2480 possunt.
1540 2397 1615 2462 de
1682 2398 1868 2461 uinea
1933 2401 2145 2462 autem
2197 2401 2260 2462 et
2306 2397 2543 2462 olineto

269 2509 472 2585 postea
508 2507 669 2571 dicit
709 2507 1004 2570 similiter
1040 2526 1179 2570 esse
1218 2506 1606 2580 faciendum3
1649 2524 1719 2569 ac
1758 2525 1869 2588 per
1904 2506 2023 2569 hoc
2061 2504 2222 2568 illud
2263 2505 2337 2568 de
2377 2505 2543 2568 aruis

198 2637 241 2675 20
270 2610 667 2696 intellegitur,
710 2633 868 2697 quae
908 2614 1241 2676 frumentis
1283 2612 1588 2677 seruiunt.
1640 2632 1714 2676 an
1765 2613 1856 2676 sic
1905 2611 2368 2695 accipiendum:
2421 2631 2544 2676 sex

274 2721 464 2783 annis
503 2721 917 2785 seminabis
958 2724 1231 2784 terram
1271 2731 1472 2784 tuam
1511 2723 1583 2783 et
1623 2719 1947 2801 colliges
1982 2719 2310 2783 fructum
2354 2719 2542 2791 eius,

272 2824 375 2889 hoc
421 2831 543 2891 est:
614 2848 724 2893 sex
791 2827 967 2890 annis
1016 2827 1356 2891 seminabis
1407 2830 1470 2890 et
1518 2826 1811 2909 collige83
1881 2827 2153 2906 septimo
2220 2845 2369 2889 uero
2421 2845 2542 2889 non

275 2934 537 3016 colligeS,
586 2939 665 2998 ut
709 2934 1116 3018 intellegatur
1169 2934 1609 3010 „seminabiS,“
1667 2933 1916 2996 etiamsi
1966 2933 2208 2996 dictum
2255 2953 2377 2996 non
2427 2937 2543 3009 est,

273 3042 338 3102 ut
379 3041 451 3103 ad
497 3061 604 3105 sex
655 3060 852 3105 annos
902 3040 1207 3105 seminare
1256 3044 1321 3105 et
1368 3040 1665 3123 colligere
1714 3039 2042 3122 pertineat,
2084 3039 2159 3102 ad
2200 3040 2542 3121 septimum

201 3169 244 3227 p,
273 3164 406 3210 uero
453 3148 774 3212 dimittere
823 3148 989 3230 quod
1037 3147 1231 3211 fuerit
1276 3147 1698 3211 seminatum?
1775 3166 1918 3210 nam
1969 3146 2118 3227 quid
2167 3146 2308 3209 inde
2357 3146 2545 3209 habe-

274 3251 415 3316 bunt
454 3274 784 3337 paupereS,
824 3274 1090 3336 quorum
1127 3254 1453 3317 residuum
1501 3254 1692 3317 etiam
1740 3253 1887 3318 feris
1935 3253 2159 3316 bestiis
2210 3252 2400 3329 dedit,
2452 3253 2544 3316 eis

276 3359 555 3425 uidelicet
601 3380 766 3444 quae
812 3360 940 3424 illis
988 3360 1279 3443 frugibus
1330 3360 1504 3424 uesci
1552 3360 1820 3443 possint,
1880 3360 2048 3422 sicut
2104 3362 2254 3422 sunt
2301 3359 2431 3440 apri
2483 3364 2546 3422 et

278 3467 426 3529 cerui
491 3473 553 3532 et
600 3469 657 3533 si
708 3468 857 3549 quid
905 3468 1096 3531 huius
1145 3466 1358 3531 modi?
1418 3467 1588 3549 quod
1634 3471 1843 3530 tamen
1893 3487 2012 3530 non
2063 3466 2375 3530 diceretur
2423 3466 2546 3529 nisi

437 3729 467 3781 3
502 3729 594 3783 Ex.
637 3730 725 3793 23,
763 3731 798 3781 4
906 3731 938 3782 9
977 3730 1070 3783 Ex.
1110 3730 1196 3792 23,
1242 3729 1322 3791 10,
1368 3729 1427 3781 11

344 3871 366 3922 1
407 3873 895 3940 appellat—autem
936 3888 1036 3925 om.
1076 3871 1143 3923 N
1280 3873 1315 3923 4
1350 3869 1544 3923 bouem
1586 3871 1704 3923 PS¹
1742 3870 1889 3923 etoui
1926 3870 1991 3922 N
2165 3869 2449 3937 subiugale
2487 3867 2553 3920 N

282 3958 309 4007 7
331 3958 458 4012 liber
484 3962 540 4013 N
685 3960 907 4013 reduces
942 3961 996 4011 N
1110 3960 1173 4013 10
1204 3960 1434 4029 septimo
1463 3961 1513 4029 (o
1545 3976 1587 4012 s.
1620 3960 1655 4013 l.
1685 3977 1751 4013 m.
1783 3966 1835 4023 ,2)
1875 3958 1920 4011 C
2031 3960 2094 4012 12
2125 3959 2262 4011 ftere
2299 3959 2337 4025 (l
2370 3960 2462 4023 er.)
2494 3958 2548 4009 P

286 4048 341 4099 15
376 4054 427 4100 et
460 4050 720 4103 olinetum
762 4050 998 4119 pertinet
1034 4048 1324 4102 PSNde
1434 4052 1497 4101 16
1540 4052 1592 4101 et
1632 4049 1892 4101 oliuetum
1925 4064 2026 4101 om.
2073 4047 2114 4098 Γ
2225 4048 2289 4099 18
2329 4050 2544 4113 segetes

282 4134 322 4200 (e
356 4136 443 4200 fin.
482 4156 544 4192 ex
580 4141 619 4201 i)
670 4140 717 4192 C
751 4156 906 4207 seges
944 4138 1011 4191 N
1183 4139 1365 4207 potuit
1408 4137 1517 4191 CN
1683 4138 1937 4190 dc—esse
1977 4154 2078 4189 om.
2118 4134 2185 4186 N
2341 4134 2542 4201 autem]

285 4226 404 4278 enim
439 4228 725 4282 PSVde
834 4230 897 4281 19
935 4228 1037 4281 hoc
1066 4228 1369 4281 faciendum
1400 4228 1461 4279 N
1569 4229 1632 4281 21
1677 4227 1901 4295 collegis
1938 4226 1982 4279 C
2123 4225 2327 4277 fructus
2358 4222 2548 4275 Nde

282 4312 340 4364 25
375 4330 487 4369 num
533 4318 579 4371 C
683 4319 752 4371 27
794 4318 885 4386 qui
929 4316 1201 4371 OPNVT
1342 4321 1563 4386 possent
1600 4316 1664 4368 N
1697 4320 1925 4384 possunt
1965 4312 2064 4368 SV
