3076 4976
523 478 609 539 40
1231 474 1283 528 S.
1341 473 1620 528 Aureli
1678 475 2111 543 Augustini

527 667 637 733 illo
684 669 824 733 loco
876 668 1204 750 spiritalia,
1255 670 1404 751 quia
1449 670 1585 734 sine
1635 669 1778 735 dolo
1827 674 1961 734 erat
2006 671 2113 753 qui
2162 670 2376 735 dolum
2428 671 2599 736 fecit.
2650 671 2820 736 unde

526 774 678 855 quid
737 776 1135 853 sentiremuS,
1193 776 1255 839 in
1315 795 1601 841 sermone
1660 777 1931 859 quodam
1978 778 2040 841 in
2089 780 2324 861 populo
2381 779 2599 843 habito
2659 778 2817 842 satis

527 881 819 946 diximus,

612 988 859 1055 LXXV.
901 989 970 1052 In
1012 1007 1083 1053 eo
1125 989 1294 1070 quod
1332 989 1638 1071 scriptum
1681 992 1811 1053 est:
1852 989 2066 1053 facta
2100 993 2225 1053 est
2258 994 2521 1054 autem
2561 990 2817 1055 fames

528 1114 766 1176 super
823 1098 1112 1160 terram
1156 1092 1496 1179 'praeter
1560 1097 1845 1160 samem
1903 1115 2106 1178 quae
2166 1099 2347 1160 ante
2404 1098 2628 1161 facta
2692 1100 2818 1161 est
2882 1123 2906 1157 5

529 1202 1010 1282 intempore
1058 1201 1489 1277 Abraham3
1541 1203 1747 1266 abiit
1791 1205 2056 1266 autem
2105 1203 2342 1267 Isaac
2382 1202 2469 1265 ad
2508 1203 2819 1267 Abime-

526 1309 704 1373 lech
770 1328 1033 1393 regem
1093 1309 1756 1391 Phylistinorum
1804 1311 1878 1373 in
1933 1309 2249 1385 Geram,
2310 1310 2637 1393 quaeritur
2695 1310 2819 1373 hoc

527 1415 774 1497 quando
825 1416 910 1480 sit
956 1416 1230 1479 factum:
1280 1417 1495 1479 utrum
1545 1420 1960 1498 posteaquam
2017 1417 2186 1480 Esau
2242 1416 2532 1480 uendidit
2587 1417 2820 1497 primo-

528 1522 743 1605 genita
790 1541 905 1585 sua
954 1522 1092 1585 cibo
1142 1522 1480 1587 lenticulae
1528 1560 1615 1568 -—
1666 1527 1812 1605 post
1869 1523 2044 1586 illam
2107 1523 2338 1605 quippe
2396 1521 2819 1586 narrationem

527 1630 647 1693 hoc
694 1628 926 1692 narrari
976 1629 1199 1710 incipit
1247 1666 1334 1675 —
1384 1649 1480 1707 au,
1531 1632 1606 1693 ut
1652 1630 1783 1693 fieri
1835 1631 2019 1707 solet,
2067 1650 2179 1712 per
2224 1628 2820 1710 recapitulationem
2859 1655 2907 1695 10

526 1738 808 1799 narrator
855 1735 933 1798 ad
984 1754 1057 1799 ea
1100 1755 1395 1800 reuersus
1447 1737 1552 1801 sit.
1605 1755 1749 1801 cum
1798 1756 2175 1820 progressus
2226 1736 2302 1800 de
2350 1737 2502 1800 filiis
2551 1735 2689 1799 eius
2744 1734 2820 1797 ad

525 1860 671 1906 eum
718 1842 929 1906 locum
987 1842 1404 1924 peruenisset,
1457 1842 1566 1924 qui
1614 1843 1689 1906 de
1745 1843 2053 1907 lenticula
2109 1844 2640 1907 commemoratus
2699 1845 2821 1904 est.

520 1949 742 2012 mouet
807 1951 1019 2012 autem
1077 1986 1157 1994 -—
1210 1949 1357 2032 quia
1421 1950 1555 2032 ipse
1621 1950 1942 2013 inuenitur
1997 1950 2386 2026 Abimelech‚
2456 1948 2564 2030 qui
2630 1947 2823 2010 etiam

525 2054 770 2118 San-am
799 2055 1275 2138 concupiuerat;
1300 2056 1502 2138 ipsius
1526 2057 1688 2119 enim
1712 2077 1752 2138 p
1772 2076 1950 2120 aran
1971 2076 2086 2138 ym
2106 2076 2144 2137 p
2164 2057 2201 2119 h
2221 2076 2261 2119 u
2280 2075 2309 2120 s
2337 2059 2415 2120 et
2438 2056 2611 2139 prin
2634 2073 2717 2118 ce
2737 2073 2777 2135 p
2797 2073 2824 2116 s

524 2162 904 2236 militiae,
956 2162 1064 2243 qui
1111 2162 1196 2224 ibi
1256 2165 1736 2227 commemorati
1793 2165 1963 2240 sunt,
2025 2163 2214 2227 etiam
2278 2162 2381 2226 hic
2438 2180 2904 2226 commemo-15

524 2270 744 2332 rantur
773 2305 857 2313 —
897 2273 1114 2331 utrum
1152 2270 1256 2332 uel
1296 2270 1513 2334 uiuere
1561 2273 1925 2352 potuerunt.
1969 2268 2214 2351 quando
2256 2270 2421 2332 enim
2469 2268 2680 2331 factus
2731 2272 2827 2331 est

528 2374 771 2437 amicus
809 2374 1117 2451 Abrahae,
1158 2375 1433 2439 nondum
1474 2381 1660 2439 natus
1702 2380 1834 2440 erat
1870 2376 2070 2452 Isaac,
2115 2375 2226 2439 sed
2277 2376 2403 2439 iam
2446 2374 2823 2458 promissus.

525 2501 834 2562 ponamus
914 2484 1056 2546 ante
1138 2502 1367 2546 annum
1448 2503 1637 2565 quam
1712 2487 2076 2548 nasceretur
2149 2484 2327 2548 Isaac
2394 2480 2556 2546 illud
2623 2479 2825 2544 fuisse

526 2587 767 2652 factum
818 2623 905 2632 -—
954 2587 1178 2652 deinde
1237 2589 1413 2652 Isaac
1482 2590 1766 2671 suscepit
1811 2589 1998 2665 filios,
2068 2609 2210 2652 cum
2280 2594 2453 2653 esset
2517 2606 2822 2652 annorum

531 2693 888 2778 sexaginta3
957 2694 1052 2757 illi
1131 2699 1342 2758 autem
1408 2696 1674 2760 iuuenes
1742 2700 1920 2759 erant
1983 2696 2228 2777 quando
2300 2695 2590 2760 uendidit
2651 2695 2817 2756 Esau
2856 2719 2902 2758 20

526 2800 948 2884 primogentia
996 2820 1111 2864 sua
1157 2839 1247 2847 --
1293 2821 1603 2884 ponamus
1652 2803 1844 2866 etiam
1891 2803 2067 2884 ipsos
2117 2803 2282 2866 circa
2332 2801 2562 2885 uiginti
2625 2816 2822 2863 annos

527 2906 749 2982 fuisse,
798 2906 959 2969 fiunt
1006 2908 1148 2971 anni
1197 2909 1425 2972 aetatis
1475 2909 1652 2972 Isaac
1700 2927 1902 2989 usque
1947 2907 2022 2969 ad
2061 2907 2221 2970 illud
2261 2907 2501 2970 factum
2550 2905 2824 2969 filiorum

532 3011 671 3076 eius
711 3013 961 3077 circiter
999 3015 1353 3097 octoginta;
1398 3015 1866 3078 adulescentem
1907 3014 2293 3096 accipiamus
2333 3013 2534 3076 fuisse
2574 3013 2828 3076 Abime·

532 3119 698 3196 lech,
750 3120 996 3200 quando
1048 3126 1313 3184 matrem
1355 3122 1557 3203 ipsius
1599 3120 1965 3202 concupiuit
2005 3122 2068 3183 et
2103 3119 2392 3183 Abrahae
2442 3118 2685 3182 amicus
2739 3123 2832 3180 est

533 3225 776 3289 factus:
827 3227 1040 3308 potuit
1087 3246 1234 3311 ergo
1284 3228 1409 3291 iam
1461 3247 1600 3291 esse
1651 3227 1833 3309 quasi
1891 3227 2310 3302 centenariuS‚
2363 3227 2415 3289 si
2465 3227 2612 3308 post
2666 3223 2826 3288 illud
2864 3249 2911 3287 z>

533 3330 769 3395 factum
822 3331 1100 3396 filiorum
1149 3352 1409 3396 suorum
1456 3333 1729 3415 perrexit
1774 3334 1838 3396 in
1886 3333 2063 3396 illam
2112 3337 2343 3396 terram
2392 3332 2579 3396 famis
2621 3348 2832 3394 neces-

537 3436 981 3518 sitatelsaac.
1034 3459 1157 3504 non
1197 3458 1345 3522 ergo
1397 3458 1466 3503 ex
1505 3441 1626 3504 hoc
1675 3439 1849 3523 cogit
1894 3440 2029 3503 ulla
2068 3439 2413 3502 necessitas
2452 3457 2565 3521 per
2604 3436 2836 3517 recapi-

678 3576 710 3627 2
790 3578 959 3633 Serm.
998 3580 1049 3642 4,
1092 3578 1302 3632 16—24
1340 3579 1471 3631 torn.
1510 3579 1579 3631 38
1617 3578 1747 3646 Mig.
1894 3579 1929 3631 4
1967 3577 2097 3631 Gen.
2129 3577 2215 3640 26,
2248 3579 2273 3629 1
2390 3577 2456 3630 14
2487 3576 2552 3632 cf.
2585 3575 2721 3630 Gen.
2753 3576 2837 3637 21,

559 3664 645 3717 22.
689 3664 782 3730 32;
824 3668 911 3731 26,
950 3668 1016 3721 26

607 3774 639 3826 2
690 3775 922 3843 quodam
972 3777 1077 3840 (am
1124 3792 1167 3829 ε.
1210 3776 1244 3828 Ζ.
1284 3792 1351 3828 m.
1392 3778 1450 3838 2)
1497 3774 1544 3826 G
1589 3773 1744 3844 quod
1793 3775 1900 3827 iarn
1941 3774 1994 3826 P
2138 3773 2216 3841 in]
2268 3772 2325 3835 in
2375 3771 2425 3824 V
2459 3771 2527 3825 ad
2567 3772 2605 3824 d
2749 3787 2839 3840 po·

536 3864 721 3931 pulum
761 3865 799 3917 d
984 3868 1015 3919 5
1056 3865 1234 3918 famen
1273 3864 1319 3918 S
1504 3865 1536 3916 6
1587 3864 1806 3917 abrahe
1845 3863 1912 3917 N
2113 3864 2141 3916 7
2183 3868 2373 3931 gerara
2409 3861 2456 3914 S
2488 3877 2678 3929 geren-a
2716 3858 2838 3913 ΡΗ

542 3955 608 4006 10
646 3952 788 4006 fierit
821 3953 888 4006 N
1029 3956 1089 4006 11
1134 3956 1387 4006 narratur
1430 3952 1477 4006 0
1625 3953 1691 4005 12
1733 3955 2184 4006 commemoratur
2230 3949 2312 4002 Vb
2494 3952 2578 4002 est
2615 3965 2718 4003 om.
2763 3945 2838 3999 Vb

542 4045 607 4095 14
644 4043 916 4112 principes
953 4042 1008 4095 P
1143 4043 1206 4095 15
1243 4041 1321 4094 ibi
1364 4058 1463 4095 om.
1513 4042 1564 4094 T
1731 4041 1860 4094 hinc
1905 4040 1951 4094 C
2088 4041 2152 4093 16
2189 4038 2468 4108 potuerint
2501 4035 2842 4092 PSNVde

542 4133 608 4188 17
648 4131 889 4184 nondum
928 4132 1070 4184 enim
1111 4131 1164 4184 P
1203 4131 1367 4195 (enim
1408 4133 1556 4200 exp.)
1599 4130 1645 4183 S
1787 4131 1853 4183 18
1892 4146 2091 4183 annum
2131 4146 2231 4183 om.
2273 4127 2304 4180 b
2483 4126 2866 4179 illud--Isaac>

545 4222 603 4274 in
642 4239 749 4290 mg.
790 4239 856 4274 m.
900 4226 928 4273 1
968 4221 1097 4275 add.
1146 4221 1196 4274 V
1413 4221 1482 4274 20
1530 4218 1785 4273 uendidit
1833 4236 1898 4273 esc
1944 4218 2193 4272 uindebit
2236 4218 2281 4271 C
2493 4215 2562 4268 22
2609 4214 2761 4267 illum
2802 4210 2845 4262 G

557 4311 625 4363 23
670 4312 811 4363 circa
849 4308 1007 4363 PSN
1013 4309 1063 4362 V
1160 4311 1228 4362 24
1267 4309 1413 4363 illius
1452 4309 1513 4361 N
1612 4311 1679 4362 25
1718 4309 1863 4378 post]
1905 4311 2088 4378 potest
2125 4307 2188 4360 N
2282 4305 2380 4358 illu
2425 4303 2471 4358 C
2566 4304 2634 4357 26
2671 4299 2838 4366 illam]

559 4416 675 4452 eam
717 4399 856 4452 PVb
972 4399 1038 4452 27
1080 4403 1141 4451 ut
1179 4398 1291 4451 ulla
1327 4397 1394 4451 N
