3076 4976
425 496 552 559 326
1132 490 1184 544 S.
1242 489 1515 543 Aureli
1573 486 2008 559 Augustini

511 686 584 748 In
631 684 733 748 his
783 687 995 748 autem
1045 701 1202 765 quae
1252 682 1422 747 dicta
1469 684 1620 746 sunt
1663 680 1940 747 nondum
1991 681 2300 763 adparuit,
2348 686 2563 747 utrum
2610 703 2720 767 per

424 791 592 854 diem
656 792 903 854 tantum
973 789 1404 853 ambularetur
1469 808 1547 852 an
1614 788 1806 852 etiam
1872 807 1986 871 per
2049 792 2302 853 noctem
2367 790 2714 854 secundum

425 898 680 981 signum
729 896 898 979 quod
945 896 1144 960 nubes
1192 899 1372 960 motu
1423 914 1540 960 suo
1589 895 1799 959 dabat.
1868 894 2161 959 fortassis
2208 896 2373 960 enim
2423 896 2714 978 quamuis

422 1004 640 1085 plures
688 1002 824 1066 dies
869 1002 933 1065 in
982 1000 1207 1066 castris
1254 1005 1582 1065 manerent
1626 1001 1793 1065 nube
1849 1019 1972 1065 non
2026 1005 2461 1084 promouente‚
2506 1002 2719 1085 potuit

422 1113 631 1173 tamen
678 1109 890 1192 putari
926 1108 1159 1172 nubem
1196 1126 1319 1171 non
1361 1109 1565 1172 solere
1603 1107 1937 1171 ascendere
1976 1106 2052 1171 de
2093 1108 2318 1172 castris
2359 1111 2423 1172 et
2458 1108 2714 1193 signum
2778 1136 2806 1175 ε

423 1216 669 1280 itineris
727 1216 872 1280 dare
928 1215 1053 1279 nisi
1107 1234 1220 1296 per
1267 1214 1454 1279 diem.
1515 1214 1806 1297 sequitur
1861 1233 2010 1297 ergo
2067 1217 2133 1278 et
2188 1214 2372 1279 dicit:
2444 1218 2517 1279 et
2570 1216 2716 1280 erit

423 1342 586 1387 cum
633 1322 872 1385 fuerit-
919 1321 1158 1386 nubes
1207 1341 1240 1385 a
1287 1340 1614 1403 uespera
1653 1340 1887 1403 usque
1925 1340 2134 1386 mane
2174 1325 2246 1386 et
2284 1322 2715 1387 ascenderit

419 1430 658 1492 nubes
725 1448 960 1506 mane,
1024 1431 1096 1493 et
1159 1427 1714 1510 promouebunt
1783 1427 1921 1493 die.
2006 1427 2110 1492 hic
2175 1428 2287 1492 illa
2351 1428 2716 1510 copulatiua

423 1534 783 1599 coniunctio
834 1552 1006 1598 more
1056 1533 1401 1616 scripturae
1447 1533 1660 1615 posita
1705 1537 1822 1598 est.
1869 1553 2014 1598 nam
2062 1552 2137 1598 ea
2173 1534 2455 1599 detracta
2491 1534 2715 1616 plenus

421 1646 520 1707 est
575 1660 802 1705 sensus
859 1639 980 1704 hoc
1037 1640 1255 1705 modo:
1322 1642 1425 1715 „et
1480 1640 1601 1703 erit
1657 1658 1800 1703 cum
1858 1641 2052 1705 fuerit
2103 1641 2303 1705 nubes
2361 1660 2397 1706 a
2450 1660 2716 1722 uespera
2751 1669 2805 1709 ιο

417 1766 624 1829 usque
688 1765 870 1809 mane
938 1749 1002 1810 et
1067 1746 1421 1810 ascenderit
1484 1747 1687 1810 nubes
1751 1765 1953 1825 mane,
2017 1748 2483 1828 promouebunt
2546 1747 2711 1812 die“.

424 1853 648 1918 deinde
700 1853 846 1935 quia
894 1856 958 1916 et
1005 1856 1188 1916 nocte
1238 1852 1290 1916 si
1339 1852 1541 1916 nubes
1590 1852 1959 1917 ascenderet
2012 1853 2470 1935 promouebant
2524 1857 2715 1936 atque

418 1960 540 2023 iter
595 1962 974 2023 nocturnum
1035 1959 1089 2022 si
1146 1957 1307 2022 illud
1363 1959 1619 2042 signum
1675 1958 2029 2040 acciperent
2084 1959 2374 2043 agebant,
2431 1961 2716 2025 adiunxit

422 2070 486 2130 et
534 2066 650 2131 ait:
710 2066 834 2129 uel
882 2069 1101 2130 nocte
1151 2068 1224 2129 et
1270 2065 1334 2130 si
1383 2065 1815 2130 ascenderit
1859 2066 2091 2131 nubes
2139 2068 2710 2148 promouebunt.

422 2173 535 2238 sed
597 2174 837 2237 locutio
907 2176 1008 2237 est
1069 2173 1469 2249 inusitatior;
1536 2192 1659 2237 non
1723 2172 1888 2237 enim
1953 2175 2201 2235 tantum
2267 2172 2547 2254 positum
2616 2177 2713 2238 est
2752 2200 2801 2239 ω

428 2284 603 2357 „et“‚
663 2280 774 2344 sed
832 2299 904 2345 eo
960 2299 1134 2345 more
1191 2280 1472 2362 positum
1529 2286 1630 2343 est
1686 2297 1808 2360 quo
1866 2298 1989 2343 non
2056 2278 2239 2342 solet.
2324 2279 2490 2343 unde
2552 2280 2712 2343 mihi

420 2386 677 2451 uidetur
722 2388 1233 2468 praeposteratus
1274 2384 1423 2450 ordo
1463 2385 1825 2462 uerborum,
1865 2385 2034 2449 sicut
2071 2403 2257 2467 saepe
2296 2388 2359 2448 et
2396 2384 2457 2448 in
2497 2385 2711 2449 latinis

417 2495 848 2559 locutionibus
880 2493 1014 2557 fieri
1045 2493 1238 2558 solet:
1279 2492 1447 2574 quod
1487 2511 1689 2575 genus
1727 2492 2118 2574 antistrophe
2157 2491 2410 2558 dicitur.
2455 2492 2713 2573 proinde

420 2601 476 2664 si
540 2600 630 2664 ita
688 2601 961 2664 dicatur:
1038 2600 1181 2674 „uel
1238 2601 1303 2662 et
1360 2603 1542 2662 nocte
1599 2597 1653 2661 si
1710 2597 2063 2662 ascenderit
2126 2598 2327 2662 nubes
2383 2617 2711 2680 promoue-

417 2709 641 2782 bunt‘·‚
709 2710 821 2769 aut
884 2708 1052 2769 certe
1116 2705 1233 2769 ita:
1320 2705 1415 2780 „si
1488 2708 1553 2768 et
1626 2706 1809 2768 nocte
1884 2704 2236 2768 ascenderit
2308 2704 2507 2768 nubes
2572 2723 2710 2786 pro-
2746 2733 2800 2776 20

418 2814 832 2890 rnouebunt“‚
879 2812 1297 2894 planissimus
1346 2830 1571 2876 sensus
1612 2814 1729 2875 est.

506 2918 734 2984 Adhuc
790 2925 1003 2984 autem
1062 2918 1428 2984 occurrebat
1484 2918 1809 3001 cogitant-i,
1865 2920 1942 2982 ut
1996 2917 2156 2981 scire
2212 2916 2408 2982 uellet
2470 2921 2708 2995 utrum,

421 3026 737 3108 quomodo
796 3026 1125 3110 cognitum
1183 3028 1281 3090 est
1335 3026 1537 3090 solere
1593 3025 1740 3090 illos
1799 3023 1876 3088 ad
1932 3023 2119 3089 nubis
2176 3024 2426 3109 signum
2486 3025 2708 3090 diebus

420 3137 482 3198 et
538 3133 833 3198 noctibus
890 3133 1211 3198 ambulare
1268 3133 1373 3197 uel
1430 3131 1652 3196 diebus
1711 3134 1775 3195 et
1819 3131 2113 3196 noctibus
2160 3130 2223 3195 in
2274 3132 2498 3196 castris
2546 3151 2707 3208 esse,

418 3241 506 3303 ita
571 3241 765 3304 etiam
833 3241 1109 3305 solerent
1171 3260 1282 3323 per
1346 3239 1481 3303 dies
1548 3242 1794 3302 tantum
1859 3257 2132 3313 manere,
2191 3237 2383 3303 etiam
2439 3259 2708 3321 quorum
2744 3264 2796 3304 ετ,

419 3348 712 3411 noctibus
771 3348 1196 3411 ambularent:
1257 3346 1423 3428 quod
1472 3346 1742 3410 arbitror
1788 3345 2163 3427 scripturam
2211 3345 2273 3409 in
2323 3364 2709 3429 consequen-

419 3454 594 3517 tibus
643 3453 977 3518 intimasse
1026 3472 1169 3517 cum
1219 3452 1401 3516 dicit:
1452 3452 1569 3516 die
1616 3452 1737 3516 uel
1784 3470 2036 3515 mense
2085 3450 2235 3515 diei
2284 3452 2705 3516 abundante

419 3559 609 3622 nube
679 3559 1174 3624 obumbrante
1245 3577 1471 3639 super
1533 3558 1732 3622 illud
1786 3558 1855 3621 in
1916 3557 2195 3622 castris
2264 3561 2485 3622 erunt
2549 3559 2705 3623 filii

417 3664 716 3729 Israhel
785 3671 857 3729 et
920 3685 1056 3729 non
1135 3665 1704 3746 promouebunt.
1790 3664 1937 3745 quia
2003 3662 2170 3726 enim
2243 3663 2508 3728 dixerat:
2585 3666 2705 3729 uel

419 3775 638 3835 nocte
697 3775 767 3835 et
828 3772 891 3835 si
949 3771 1382 3836 ascenderit
1437 3771 1673 3835 nubes
1731 3769 2312 3852 promouebunt‚
2381 3773 2705 3852 tamquam
2743 3802 2795 3841 30

419 3879 717 3954 restabat,
768 3882 838 3942 ut
886 3878 1147 3941 diceret:
1215 3877 1352 3954 „die
1409 3882 1645 3953 autem,
1704 3877 1758 3940 si
1806 3896 1926 3941 non
1977 3874 2348 3952 ascenderit,
2397 3896 2517 3941 non
2565 3897 2704 3960 pro-

492 4147 515 4199 1
561 4149 742 4198 autam
784 4145 829 4199 S
935 4147 967 4198 5
1006 4144 1071 4197 de
1111 4161 1213 4198 om.
1250 4144 1316 4198 N
1418 4146 1448 4198 ‘a'
1492 4161 1713 4214 uespere
1752 4144 1798 4197 S
1904 4147 1936 4198 9
1974 4144 2154 4213 posita
2191 4161 2294 4199 om.
2333 4144 2380 4199 S
2507 4147 2571 4201 10
2610 4165 2704 4200 ue-

417 4252 570 4304 spere
610 4234 655 4289 S
762 4235 823 4288 11
866 4232 1056 4304 nubes]
1096 4232 1236 4286 nubs
1275 4238 1330 4288 et
1369 4234 1413 4288 C
1557 4234 1699 4287 diem
1744 4234 1788 4286 C
1900 4234 1964 4286 13
2001 4234 2127 4302 iter]
2165 4234 2309 4286 inter
2346 4233 2392 4288 S
2500 4237 2568 4288 14
2603 4253 2703 4289 nu-

417 4324 500 4376 bis
531 4323 579 4376 S
684 4323 748 4378 16
788 4328 842 4377 et
869 4339 972 4376 om.
1002 4323 1046 4376 S
1191 4327 1404 4376 et-est
1441 4339 1543 4378 om.
1573 4322 1631 4376 N
1774 4339 1948 4375 morae
1984 4322 2039 4374 P
2180 4321 2321 4390 quod
2346 4322 2409 4375 N
2518 4324 2584 4377 19
2622 4325 2704 4378 di·

418 4413 556 4464 citur
591 4411 656 4464 N
759 4412 826 4465 22
868 4417 919 4464 et
961 4410 1136 4464 adhuc
1174 4411 1236 4464 N
1342 4413 1412 4465 30
1450 4412 1495 4464 si
1535 4415 1592 4464 et
1634 4412 1680 4465 C
