3076 4976
752 478 1231 544 Quaestionum
1271 483 1383 538 lib.
1424 483 1450 536 I
1490 482 1778 553 (Quaest.
1821 483 1898 538 de
1938 485 2222 553 Genesi).
2556 491 2636 553 13

327 674 591 739 ducenti
641 675 922 757 quinque
976 676 1251 741 fuerunt.
1335 678 1774 760 recapitulatio
1831 679 2047 760 itaque
2102 680 2246 755 ista,
2308 681 2363 744 si
2420 679 2638 745 aduer-

326 785 509 846 tatur
552 782 615 846 in
667 783 1023 865 scripturis,
1069 784 1304 849 multas
1354 785 1757 866 quaestiones
1807 785 2024 862 soluit,
2084 805 2243 868 quae
2298 786 2638 852 indissolu-

327 889 500 953 biles
546 892 819 972 possunt
865 890 1065 954 uideri
1116 892 1461 955 secundum
1511 893 1700 957 etiam
1750 893 2146 974 superiorum
2193 895 2636 974 quaestionum

329 998 795 1078 expositionem
839 1017 951 1079 per
997 999 1255 1062 eandem
1302 1000 1891 1082 recapitulationem
1937 1000 2184 1064 factam.

256 1123 286 1163 s
428 1103 827 1185 Quamquam
876 1110 939 1169 et
986 1106 1170 1170 aliter
1213 1106 1339 1171 ista
1386 1107 1673 1187 quaestio
1707 1126 1743 1170 a
1772 1106 2152 1187 quibusdam
2201 1108 2514 1171 soluatur:
2565 1126 2636 1172 ex

325 1212 445 1276 illo
505 1213 834 1294 conputari
891 1232 1087 1277 annos
1156 1214 1381 1277 aetatis
1446 1214 1674 1289 Abrae,
1742 1233 1813 1277 ex
1869 1233 1994 1294 quo
2041 1214 2347 1278 liberatus
2405 1218 2504 1278 est
2558 1215 2634 1279 de

324 1320 484 1403 igne
535 1318 1013 1396 Chaldaeorum,
1062 1320 1126 1383 in
1175 1338 1362 1400 quem
1420 1321 1659 1384 missus
1717 1325 1790 1384 ut
1846 1320 2107 1397 arderet,
2165 1321 2314 1401 quia
2368 1320 2636 1385 eundem

326 1426 547 1508 ignem
591 1426 1038 1507 superstitione
1080 1425 1540 1491 Chaldaeorum
1589 1426 1795 1490 colere
1842 1427 2067 1504 noluit,
2116 1426 2423 1491 liberatus
2488 1427 2634 1493 inde

326 1531 459 1595 etsi
517 1532 579 1595 in
639 1533 967 1613 scripturis
1025 1553 1147 1596 non
1203 1533 1459 1616 legitur,
1518 1532 1771 1596 iudaica
1831 1536 2042 1596 tamen
2107 1534 2457 1597 narratione
2512 1538 2634 1598 tra-

221 1659 284 1697 ιο
328 1637 530 1702 ditur.
579 1642 793 1720 potest
839 1642 903 1703 et
950 1640 1041 1703 sic
1092 1640 1278 1717 solui,
1321 1640 1613 1720 quoniam
1656 1639 1986 1721 scriptura,
2027 1658 2186 1720 quae
2226 1639 2410 1703 dixit:
2463 1659 2631 1704 cum

326 1748 565 1808 esset
611 1744 913 1809 Tharra
962 1765 1343 1809 annorum
1396 1746 1969 1828 septuaginta,
2019 1746 2304 1828 genuit
2347 1745 2634 1811 Abram

325 1854 413 1914 et
458 1851 780 1915 Nachor
826 1854 904 1915 et
947 1853 1220 1928 Arran,
1270 1872 1391 1915 non
1442 1853 1661 1934 utique
1709 1852 1827 1915 hoc
1876 1852 2163 1935 intellegi
2210 1852 2436 1929 uoluit,
2487 1854 2635 1934 quia

324 1957 558 2021 eodem
604 1977 761 2023 anno
812 1959 1283 2042 septuagesimo
1334 1960 1559 2023 aetatis
1610 1977 1759 2022 suae
1810 1978 2025 2022 omnes
2075 1962 2202 2023 tres
2244 1960 2481 2042 genuit,
2523 1958 2633 2024 sed

325 2084 407 2127 ex
457 2083 578 2145 quo
629 2085 785 2129 anno
826 2084 1119 2148 generare
1161 2066 1389 2147 coepit,
1431 2085 1575 2129 eum
1615 2085 1845 2129 annum
1883 2066 2402 2129 commemorauit
2440 2067 2630 2148 scrip-

216 2192 278 2231 ιε.
318 2174 498 2234 tura.
573 2170 706 2236 fieri
765 2176 975 2236 autem
1030 2175 1267 2255 potest,
1324 2177 1399 2236 ut
1455 2174 1770 2254 posterior
1826 2173 1912 2236 sit
1979 2176 2311 2256 generatus
2377 2172 2630 2251 Abram,

321 2278 447 2341 sed
492 2279 715 2342 merito
765 2280 1189 2353 excellentiae,
1239 2299 1363 2361 qua
1407 2280 1469 2342 in
1520 2279 1851 2360 scripturis
1901 2278 2087 2343 ualde
2136 2279 2627 2357 commendatur,

316 2384 504 2466 prior
573 2384 765 2448 fuerit
835 2385 1231 2462 nominatae,
1320 2386 1489 2449 sicut
1553 2386 1859 2467 propheta
1931 2385 2204 2467 priorem
2279 2386 2632 2450 nominauit

316 2491 667 2556 minorem:
717 2491 959 2555 Iacob
1011 2492 1287 2569 dilexi,
1327 2493 1537 2556 Esau
1589 2495 1853 2557 autem
1905 2492 2087 2556 odio
2137 2491 2402 2568 habui,
2455 2494 2623 2557 etin

316 2597 845 2679 Paralipomenon
911 2618 1057 2663 cum
1124 2600 1211 2664 sit
1265 2603 1526 2680 quartus
1582 2599 1881 2663 nascendi
1938 2599 2153 2662 ordine
2200 2599 2412 2676 IudaS,
2459 2599 2631 2681 prior

203 2724 273 2763 πο
318 2709 430 2770 est
477 2709 1026 2783 commemoratuS,
1077 2727 1113 2771 a
1159 2727 1282 2789 quo
1331 2706 1624 2770 Iudaicae
1685 2705 1855 2788 genti
1916 2724 2140 2770 nomen
2199 2709 2316 2782 est,
2373 2709 2629 2788 propter

312 2812 566 2878 tribum
610 2813 871 2896 regiam.
948 2813 1344 2877 commodius
1396 2817 1608 2877 autem
1665 2812 1877 2895 plures
1937 2813 2140 2876 exitus
2195 2812 2624 2888 inueniuntur,

316 2919 561 3001 quihus
612 2920 1014 3000 quaestiones
1064 2920 1357 2984 difficiles
1410 2918 1862 2986 dissoluantur.

417 3026 884 3090 Consideranda
952 3030 1049 3090 est
1114 3046 1262 3091 sane
1327 3026 1598 3090 narratio
1668 3025 1970 3108 Stephani
2037 3024 2114 3088 de
2180 3025 2295 3088 hac
2363 3044 2456 3100 re,
2521 3025 2626 3088 cui

309 3133 532 3217 magis
597 3133 821 3196 harum
874 3131 1352 3216 'expositionum
1419 3153 1542 3196 non
1606 3135 1932 3216 repugnet.
2019 3135 2085 3196 et
2146 3131 2307 3195 illud
2371 3131 2624 3212 quidem

201 3253 270 3294 2⁵
312 3241 519 3323 cogit,
577 3243 652 3304 ut
708 3259 851 3314 non,
911 3241 1077 3304 sicut
1137 3240 1367 3304 narrari
1428 3239 1685 3303 uidetur
1738 3239 1800 3302 in
1853 3237 2105 3317 Genesi,
2163 3241 2311 3320 post
2356 3241 2621 3302 mortem

311 3346 597 3412 Tharrae
652 3347 910 3411 locutus
970 3347 1056 3411 sit
1112 3346 1267 3412 deus
1314 3347 1543 3423 Abrae,
1603 3349 1678 3410 ut
1732 3346 1926 3410 exiret
1982 3345 2071 3410 de
2130 3346 2621 3429 cognatione

310 3473 467 3518 sua
530 3457 607 3517 et
664 3453 751 3516 de
809 3452 1032 3517 domo
1090 3454 1351 3536 patris
1411 3453 1573 3528 sui3
1634 3452 1745 3516 sed
1804 3472 1950 3516 cum
1999 3455 2171 3516 esset
2215 3452 2278 3516 in
2327 3452 2619 3534 Mesopo-

506 3644 572 3698 10
610 3643 745 3699 Gen.
789 3645 872 3705 11,
911 3644 980 3697 26
1108 3643 1174 3696 18
1212 3644 1340 3698 Mal.
1383 3644 1431 3708 1,
1470 3645 1517 3697 2.
1561 3644 1594 3697 3
1716 3644 1780 3697 19
1820 3642 1885 3697 cf.
1925 3642 1952 3696 1
1989 3643 2167 3697 Paral.
2205 3645 2255 3704 4,
2298 3644 2322 3696 1
2441 3645 2509 3698 23
2550 3644 2618 3698 cf.

313 3737 439 3790 ¹Act.
481 3735 532 3796 7,
569 3734 622 3786 2.
662 3733 697 3787 3
805 3733 875 3786 25
913 3733 978 3787 cf.
1021 3732 1155 3787 Gen.
1196 3733 1277 3796 12,
1321 3733 1346 3786 1

394 3860 420 3910 1
464 3856 671 3910 fuerint
707 3855 755 3910 S
921 3859 1200 3910 auertatur
1243 3855 1510 3909 G¹PS¹T¹
1645 3858 1677 3909 2
1716 3856 1894 3909 soluet
1937 3855 2003 3910 C¹
2136 3855 2169 3908 3
2207 3856 2479 3925 superiore
2519 3855 2626 3911 ΒΝ

307 3950 343 4001 7
388 3947 587 4000 missus
627 3953 656 3999 ὀ
703 3945 757 3998 V
929 3946 964 4000 8
998 3946 1183 4016 ignem
1228 3961 1329 4002 om.
1368 3944 1434 3998 N
1611 3946 1677 3998 12
1715 3962 1904 3998 arraan
1951 3945 1997 3998 0
2040 3961 2168 3998 aran
2205 3945 2368 3999 PSN
2374 3946 2421 3999 V
2457 3953 2549 3999 ara
2586 3946 2618 3998 b

307 4053 427 4107 qua
466 4036 507 4089 d
597 4036 662 4089 13
702 4052 870 4087 annos
904 4034 972 4087 N
1091 4035 1560 4104 septuagenssimo
1598 4033 1663 4086 N
1751 4036 1816 4088 15
1856 4038 2033 4088 autem
2075 4050 2177 4089 om.
2216 4034 2282 4086 N
2370 4035 2435 4087 19
2473 4035 2620 4103 prior

306 4127 426 4195 est]
468 4125 672 4194 priores
708 4123 776 4178 N
914 4124 982 4178 20
1020 4123 1487 4192 commemoratus]
1526 4123 1836 4176 nominatus
1874 4122 2118 4177 PSVTb
2252 4123 2322 4175 24
2362 4123 2615 4191 expositi-

306 4230 421 4268 one
460 4212 659 4267 PS¹T¹
696 4212 1021 4282 expositioni
1060 4209 1266 4266 S²VT²
1372 4213 1439 4264 26
1477 4215 1657 4265 tarrae
1701 4211 1748 4264 G
1780 4215 1897 4281 tare
1936 4211 1982 4264 S
2015 4211 2168 4265 thare
2197 4211 2318 4262 NT
2339 4210 2529 4263 tharae
2567 4209 2620 4262 V

306 4303 416 4371 sit]
458 4305 543 4355 est
576 4300 756 4356 PSV²
867 4300 933 4366 ad
972 4301 1170 4371 abrahe
1218 4300 1270 4352 V
1303 4299 1372 4354 ad
1409 4300 1682 4354 Abraham
1720 4300 1795 4353 bd
1901 4300 1967 4352 27
2007 4300 2234 4369 patrisui
2271 4297 2338 4350 N
2437 4313 2612 4351 meso-

305 4391 615 4462 potamiam
651 4390 719 4445 N
