3076 4976
714 486 1192 551 Quaestionum
1231 487 1342 540 lib.
1383 487 1410 540 Ι
1450 486 1744 553 (Quaest.
1785 486 1860 541 de
1902 487 2185 555 Genesi).
2506 494 2590 553 35

289 683 556 765 proinde
599 683 802 746 oritur
840 682 1147 763 quaestio,
1182 682 1494 762 quomodo
1541 681 1652 744 illa
1679 681 1909 745 iuratio
1950 682 2360 746 maledictum
2389 684 2596 764 possit

294 790 608 872 intellegi,
638 789 761 853 nisi
794 788 942 871 quia
978 788 1355 852 maledictus
1397 791 1496 851 est
1533 788 1641 870 qui
1683 791 1898 852 contra.
1935 788 2312 853 iurationem
2351 788 2591 854 fecerit.

384 896 615 959 LXVI.
668 895 748 960 Si
799 916 985 979 ergo
1032 895 1320 960 facitis
1370 896 2022 960 misericordiam
2063 899 2139 959 et
2176 896 2592 961 iustitiam

298 1002 387 1065 ad
438 1002 850 1065 dominum
898 1020 1170 1077 meum,
1233 1001 1710 1064 renuntiate
1776 1001 1993 1066 mihi.
2064 1001 2188 1065 duo
2256 1001 2368 1065 illa
2433 1020 2591 1083 quae

228 1135 255 1172 ε»
298 1108 557 1172 assidue
624 1110 947 1189 ponuntur
1009 1107 1071 1170 in
1141 1107 1282 1170 aliis
1350 1108 1588 1171 sanctis
1656 1107 2007 1188 scriptum,
2077 1112 2142 1171 et
2194 1108 2464 1171 maxime
2529 1108 2592 1172 in

200 1675 253 1713 10

296 1215 600 1291 PsalmiS,
666 1214 1099 1279 misericordia
1165 1216 1228 1278 et
1291 1214 1541 1278 iustitia
1601 1251 1686 1259 —
1748 1214 2121 1277 tantundem
2189 1215 2356 1278 enim
2423 1215 2597 1279 ualet

296 1321 741 1387 misericordia
788 1325 852 1384 et
897 1322 1134 1385 ueritas
1182 1358 1269 1367 —
1315 1321 1462 1385 hinc
1512 1321 1638 1384 iam
1689 1321 1985 1403 adparere
2036 1324 2396 1403 coeperunt.

387 1429 646 1493 LXVII.
695 1430 897 1493 Ecce
946 1429 1314 1493 Rebecca
1358 1429 1434 1492 in
1477 1432 1928 1510 conspectu
1967 1432 2125 1505 tu0,
2166 1432 2590 1511 accipiens

299 1554 667 1607 recurre:
711 1538 789 1598 et
828 1536 939 1599 sit
979 1555 1170 1599 uxor
1206 1535 1376 1598 filii
1419 1535 1723 1599 domini
1751 1536 1893 1612 tui,
1933 1537 2592 1617 quemadmodum

296 1644 372 1706 lo
392 1661 426 1706 c
446 1645 636 1705 utus
670 1662 701 1704 e
721 1647 797 1705 st
826 1642 1215 1705 dominuS.
1252 1642 1577 1723 quaeritur
1606 1643 1851 1724 quando
1887 1644 2141 1706 locutus
2174 1643 2593 1708 sitdominus,

298 1749 424 1814 nisi
474 1749 624 1831 quia
669 1749 775 1812 uel
822 1749 1195 1831 prophetam
1246 1768 1384 1813 esse
1422 1748 1739 1813 Abraham
1780 1754 2088 1812 nouerant
2127 1752 2192 1812 et
2227 1750 2596 1830 prophetice

298 1876 336 1919 a
383 1856 643 1919 domino
692 1855 932 1919 dictum
983 1856 1151 1938 quod
1197 1875 1308 1936 per
1355 1856 1540 1919 illum
1589 1855 1830 1919 dictum
1880 1856 2087 1919 fuerat
2135 1856 2593 1938 agnoscebant;

299 1967 415 2026 aut
460 1963 715 2045 signum
765 1962 929 2026 illud
977 1962 1146 2044 quod
1193 1962 1315 2026 sibi
1364 1962 1582 2025 datum
1631 1981 1856 2026 seruus
1907 1963 2043 2025 eius
2085 1963 2384 2040 narrauit,
2425 1963 2597 2027 locu-

298 2071 538 2134 tionem
607 2069 845 2132 domini
911 2070 1419 2152 appellauerunt;
1488 2069 1609 2133 hoc
1676 2071 1842 2133 enim
1906 2070 2111 2151 magis
2180 2069 2255 2133 de
2312 2071 2600 2134 Rebecca

230 2207 256 2243 ε,
301 2195 675 2259 expressum
724 2180 841 2240 est.
899 2196 1039 2239 nam
1090 2175 1259 2257 qnod
1323 2176 1641 2240 Abraham
1708 2177 1964 2251 dixerat,
2017 2196 2137 2241 non
2189 2177 2264 2240 de
2312 2177 2598 2241 Rebecca

300 2284 565 2361 dixerat,
635 2282 745 2346 sed
797 2282 871 2345 de
920 2282 1131 2364 aliqua
1196 2282 1433 2345 femina
1480 2302 1552 2346 ex
1598 2283 1769 2346 tribu
1835 2283 1941 2346 uel
2008 2284 2381 2366 cognatione
2447 2303 2595 2355 sua:

300 2393 365 2452 et
413 2389 537 2453 hoc
584 2389 663 2451 ad
727 2392 1089 2471 utrumque,
1139 2392 1213 2452 ut
1257 2390 1560 2452 immunis
1630 2393 1800 2452 esset
1846 2410 1881 2452 a
1929 2390 2280 2453 iuramento
2351 2408 2596 2465 seruus,

300 2498 357 2560 si
417 2515 541 2559 non
608 2497 1032 2579 impetrasset.
1110 2497 1277 2578 quod
1349 2496 1571 2578 utique
1635 2516 1754 2560 non
1825 2497 2078 2575 dicitur,
2146 2517 2289 2561 cum
2359 2497 2598 2579 aliquid

297 2604 735 2685 prophet-atur.
786 2608 1022 2666 certam
1072 2603 1237 2666 enim
1286 2603 1468 2666 decet
1516 2621 1656 2666 esse
1703 2604 2124 2686 prophetiam.

390 2709 683 2775 LXVIII.
734 2710 918 2788 Quod
964 2709 1287 2773 Rebeccae
1337 2710 1627 2773 dixerunt
1671 2710 1894 2773 fratres
1944 2711 2080 2775 eius
2137 2711 2597 2792 proficiscenti:

302 2835 537 2879 soror
584 2821 865 2880 nostra
912 2835 1023 2890 es;
1067 2819 1241 2880 esto
1282 2817 1356 2879 in
1396 2816 1628 2880 milia.
1664 2817 1978 2879 milium
2021 2821 2096 2880 et
2134 2817 2599 2881 hereditate

302 2922 688 2986 obtineat
738 2942 1004 2985 semen
1044 2926 1266 2985 tuum
1310 2924 1712 2986 ciuitates
1755 2923 2437 3000 aduersariorum,
2476 2943 2598 2987 non

302 3029 650 3109 prophetae
698 3030 953 3092 fuerunt
1010 3032 1119 3092 aut
1175 3030 1458 3092 uanitate
1515 3033 1647 3092 tam
1713 3049 1945 3113 magna
2011 3035 2422 3112 optauerant:
2491 3030 2603 3093 sed

302 3154 413 3198 eos
466 3154 625 3216 quae
673 3136 1050 3218 promiserat
1098 3135 1254 3199 deus
1302 3136 1590 3199 Abrahae
1637 3137 1834 3200 latere
1883 3157 2002 3200 non
2050 3137 2279 3218 potuit.

394 3241 727 3305 LXVIIII.
780 3242 963 3321 Quod
1005 3241 1309 3324 scriptum
1371 3245 1499 3306 est:
1561 3245 1638 3305 et
1696 3243 1897 3306 exiit
1951 3244 2183 3307 Isaac
2242 3243 2598 3307 exerceri

300 3350 377 3411 in
421 3367 698 3430 campo
739 3347 1097 3425 meridie,
1141 3350 1249 3430 qui
1289 3348 1555 3412 uerbum
1588 3349 1662 3411 de
1703 3350 1820 3414 hac
1850 3370 1914 3413 re
1950 3369 2245 3433 graecum
2288 3348 2601 3416 nesciunt.

301 3455 814 3518 exercitationem
894 3454 1170 3535 corporis
1245 3457 1489 3537 putant.
1561 3455 1868 3535 scriptum
1936 3458 2035 3518 est
2102 3457 2311 3518 autem
2379 3473 2600 3537 graece

485 3666 518 3717 3
558 3662 688 3718 Gen.
730 3664 815 3726 24,
854 3665 923 3716 49
1079 3666 1110 3717 6
1150 3662 1214 3716 cf.
1254 3663 1343 3719 Pe.
1383 3664 1469 3728 24,
1513 3663 1604 3726 10;
1647 3663 1780 3716 Gen.
1818 3663 1905 3725 47,
1946 3662 2013 3715 29
2152 3660 2184 3712 8
2227 3661 2358 3714 Gen.
2399 3661 2485 3720 24,
2528 3661 2590 3712 51

304 3753 372 3806 13
411 3753 479 3805 cf¹
521 3751 657 3805 Gen.
697 3753 782 3810 24.
820 3753 906 3805 43.
945 3752 1016 3804 44
1092 3753 1156 3805 15
1197 3752 1263 3806 cf.
1306 3750 1438 3805 Gen.
1478 3752 1565 3814 24,
1605 3752 1653 3804 3.
1693 3751 1729 3804 4
1801 3752 1868 3804 21
1911 3751 2040 3804 Gen.
2081 3751 2164 3812 24,
2205 3749 2276 3803 60
2356 3749 2426 3802 25
2466 3747 2600 3802 Gen.

298 3842 388 3902 24,
432 3842 501 3894 63

378 3968 398 4017 1
447 3969 636 4034 posset
672 3964 703 4016 b
813 3965 847 4016 2
886 3967 970 4017 est
1006 3980 1107 4018 om.
1147 3964 1212 4018 N
1322 3965 1356 4017 3
1395 3980 1495 4032 ego
1535 3965 1600 4017 N
1745 3979 1844 4016 sec.
1885 3961 1999 4015 cod.
2039 3963 2196 4015 Alae.
2301 3963 2331 4014 5
2371 3962 2600 4014 maxime

298 4071 403 4109 om.
436 4052 505 4106 N
607 4054 641 4106 8
679 4053 949 4123 accipiens
989 4061 1051 4106 ea
1090 4054 1121 4105 b
1235 4054 1303 4107 10
1339 4054 1433 4120 sit]
1478 4060 1505 4106 e
1548 4055 1608 4116 (s.
1651 4053 1683 4105 l.
1727 4071 1792 4104 m.
1833 4056 1881 4118 1)
1915 4052 1956 4103 S
1993 4067 2094 4104 om.
2124 4049 2223 4103 PS
2330 4050 2390 4102 11
2434 4067 2597 4102 noue-

297 4147 427 4197 rant
456 4142 717 4195 abraham
758 4142 808 4194 T
902 4142 967 4195 13
1007 4142 1211 4195 dictum
1251 4142 1333 4205 (in
1366 4158 1467 4211 my.
1497 4141 1554 4194 a}
1587 4141 1794 4206 datum)
1822 4140 1852 4192 b
1958 4142 2021 4193 16
2062 4140 2148 4192 uel
2189 4138 2254 4191 de
2284 4137 2331 4191 S
2438 4139 2503 4190 17
2536 4143 2599 4190 ut

294 4250 340 4286 3.
384 4233 420 4285 l.
458 4250 528 4284 m.
570 4236 599 4285 1
636 4230 736 4284 PS
862 4230 926 4284 18
964 4230 1310 4300 impetrasset
1350 4236 1456 4299 (pr.
1497 4234 1519 4282 t
1558 4247 1600 4284 s.
1647 4232 1680 4283 l.
1720 4247 1786 4282 m.
1829 4233 1876 4287 1)
1917 4228 2016 4282 PS
2143 4230 2207 4282 19
2247 4244 2362 4279 esse
2400 4243 2442 4278 s,
2484 4226 2517 4279 Ζ.
2561 4227 2605 4278 C

296 4322 370 4376 20
426 4321 822 4389 proficiscentis
876 4319 944 4373 N
1166 4321 1229 4373 21
1299 4319 1658 4373 hereditatem
1715 4318 1873 4371 PSV
1923 4316 2281 4384 hereditatem
2340 4319 2489 4385 mam
2557 4315 2606 4367 T

296 4411 367 4464 22
410 4409 841 4463 aduersariorum
870 4421 1085 4462 tuorum
1112 4407 1359 4462 PSVTb
1453 4410 1522 4461 :24
1552 4408 1695 4477 quod
1725 4407 1756 4459 b
1849 4406 1916 4458 25
1946 4409 2000 4458 et
2029 4421 2128 4458 om.
2160 4405 2266 4458 ΡΥ
2279 4405 2359 4457 Tb

2393 4511 2455 4562 3.
