3076 4976
598 489 726 552 164
1299 484 1353 540 S.
1409 485 1687 540 Aureli
1741 486 2182 552 Augustini

589 680 754 745 lacia
806 681 951 743 uela
1016 681 1187 756 sunt,
1252 678 1319 743 id
1384 682 1484 744 est
1549 679 1818 755 cilicina,
1886 679 2181 744 undecim
2248 679 2549 744 dicuntur
2606 699 2766 744 esse.
2824 680 2873 744 in

592 787 872 871 peccatis
931 786 1165 869 quippe
1219 786 1642 870 transgressio
1702 788 1820 850 est.
1877 787 2297 870 transgressio
2345 806 2495 851 uero
2544 785 2872 851 undenario

592 914 853 959 numero
912 892 1322 977 significatur,
1372 892 1665 974 quoniam
1718 892 2178 975 transgreditur
2224 893 2573 970 denarium,
2621 893 2741 958 hoc
2788 897 2874 958 est

588 1003 820 1086 legem.
867 1000 1011 1065 ideo
1057 1000 1199 1082 ipsa
1235 998 1529 1063 undecim
1567 1019 1680 1081 per
1716 1000 2144 1081 septenarium
2184 1000 2614 1081 multiplicata
2651 1000 2874 1064 faciunt

589 1107 998 1191 septuaginta
1044 1111 1310 1189 septem,
1361 1107 1470 1170 ubi
1509 1107 1898 1189 significauit
1934 1107 2228 1171 dominus
2267 1107 2635 1170 uniuersam
2672 1106 2870 1171 remis·
2914 1131 2933 1168 s

588 1215 832 1279 sionem
890 1218 1294 1297 peccatorum
1361 1213 1611 1276 dicens:
1677 1232 1824 1278 non
1897 1215 2157 1278 solum
2224 1214 2542 1295 septies
2613 1233 2868 1277 uerum

586 1320 836 1386 etiam
874 1320 1358 1405 septuagies
1401 1321 1755 1402 septies,
1795 1326 1951 1402 quot
1989 1321 2426 1404 generationes
2464 1320 2867 1402 reperiuntur.

589 1447 736 1493 cum
799 1428 1004 1492 Lucas
1070 1447 1106 1491 a
1169 1426 1485 1509 baptismo
1564 1427 1802 1490 domini
1876 1446 2249 1491 enumerans
2326 1446 2587 1491 sursum
2662 1445 2866 1491 uersus

587 1535 873 1600 ascendit
918 1538 982 1598 et
1026 1534 1317 1617 peruenit
1361 1553 1472 1616 per
1516 1534 1720 1598 Adam
1769 1552 1973 1615 usque
2022 1534 2100 1597 ad
2147 1533 2353 1600 deum.
2402 1533 2481 1597 ad
2539 1534 2663 1597 hoc
2721 1533 2864 1596 enim

583 1641 659 1705 fit
713 1640 1092 1725 significatio
1148 1643 1554 1723 peccatorum
1609 1641 1674 1703 in
1731 1640 1832 1704 his
1889 1640 2073 1707 uelis,
2129 1644 2204 1704 ut
2259 1660 2372 1723 per
2418 1639 2929 1704 confessionemxo

587 1747 1014 1831 exprimantur
1060 1751 1124 1811 et
1169 1767 1277 1830 per
1313 1747 1582 1831 gratiam
1623 1767 1782 1829 quae
1823 1747 1969 1810 data
2008 1751 2108 1811 est
2146 1746 2451 1812 ecclesiae
2491 1746 2862 1818 aboleantur,

585 1855 708 1919 hoc
756 1857 855 1919 est
901 1857 1229 1937 tegantur:
1278 1853 1446 1917 unde
1495 1853 1759 1917 dicitur:
1818 1854 2041 1918 beati
2099 1872 2431 1935 quorum
2489 1853 2863 1917 remissae

586 1964 778 2026 sunt
840 1961 1335 2042 iniquitates
1403 1963 1482 2023 et
1556 1979 1888 2041 quorum
1963 1964 2185 2025 tecta
2257 1964 2448 2024 sunt
2521 1962 2863 2042 peccata.

585 2068 806 2132 deinde
863 2068 1041 2131 iubet
1106 2086 1179 2131 ea
1244 2067 1388 2129 uela
1453 2066 1760 2148 cooperiri
1824 2067 2102 2148 pellibus
2170 2067 2453 2131 arietinis
2521 2067 2859 2132 rubricatis,

583 2175 744 2239 an'es
810 2177 1021 2238 autem
1086 2174 1442 2238 rubricatus
1511 2175 1615 2237 cui
1679 2194 1803 2240 non
1871 2179 2160 2239 occurrat
2226 2174 2522 2240 Christus
2587 2174 2860 2258 passione
2892 2200 2927 2236 η

584 2284 999 2345 cruentatus?
1058 2279 1497 2364 significantur
1553 2281 1653 2345 his
1711 2281 1899 2345 etiam
1957 2285 2263 2363 martyres
2321 2280 2546 2358 sancti,
2615 2298 2858 2362 quorum

585 2387 973 2452 orationibus
1021 2386 1403 2469 propitiatur
1449 2387 1607 2451 deus
1655 2389 1934 2469 peccatis
1980 2388 2200 2469 populi
2249 2388 2369 2453 sui.
2407 2387 2572 2470 ipsis
2611 2387 2858 2468 denique

583 2494 1094 2576 superiaciuntur
1138 2494 1339 2576 pelles
1386 2494 1858 2577 hyacinthinae,
1906 2498 1981 2559 ut
2027 2494 2420 2579 significetur
2452 2494 2597 2559 uita
2633 2499 2858 2558 aeterna

580 2600 905 2664 uiriditate
953 2603 1278 2682 tamquam
1327 2602 1546 2684 uigore
1592 2606 1922 2684 perpetuo.

674 2706 929 2772 CVIIlI.
1006 2707 1291 2772 Facies
1378 2708 1576 2772 duos
1661 2710 2146 2774 anconiscos
2233 2711 2657 2774 columnae
2736 2705 2920 2770 unia

583 2813 1145 2879 consistentes
1205 2833 1289 2878 ex
1346 2815 1727 2892 aduerso,
1777 2817 1892 2881 hoc
1944 2821 2073 2881 est:
2123 2836 2323 2880 unum
2370 2816 2519 2879 hinc
2570 2819 2636 2879 et
2679 2831 2854 2877 unum

579 2919 723 2983 inde
791 2918 864 2982 de
929 2920 1235 2984 lateribus
1303 2922 1655 2985 columnae.
1744 2923 2111 2987 anconiscos
2179 2926 2392 2987 autem
2461 2922 2640 2997 dicit,
2706 2917 2854 3002 quod

580 3026 778 3109 uulgo
847 3044 1151 3090 uocamus
1216 3047 1522 3105 ancones,
1603 3029 1772 3093 sicut
1844 3033 1993 3093 sunt
2059 3030 2119 3093 in
2186 3029 2500 3093 columnis
2576 3029 2852 3093 cellarum

579 3132 986 3209 uinariarum‚
1036 3132 1267 3215 quibus
1315 3134 1694 3200 incumbunt
1737 3136 1910 3219 ligna
1956 3154 2116 3217 quae
2164 3155 2359 3218 cupas
2406 3135 2638 3200 ferunt.
2684 3134 2853 3198 ducta

579 3241 680 3301 est
734 3243 945 3302 autem
1004 3239 1356 3305 similitudo
1414 3242 1615 3319 uerbi!
1650 3262 1685 3305 a
1743 3242 1996 3319 cubitis,
2053 3243 2166 3306 ubi
2220 3242 2566 3307 flectuntur
2626 3256 2848 3307 manus,
2880 3264 2922 3305 ιε

577 3344 810 3427 quibus
858 3345 1237 3410 incumbunt
1281 3349 1743 3424 recumbentes,
1793 3349 1899 3430 qui
1949 3367 2170 3431 graece
2218 3346 2486 3427 ἀγκῶνες
2541 3351 2848 3413 uocantur.

668 3450 796 3516 CX.
847 3452 1077 3515 Bases
1119 3454 1634 3518 columnarum
1675 3454 1855 3518 duas
1895 3455 2042 3518 uni.
2089 3456 2276 3519 bases
2314 3475 2438 3519 non
2480 3475 2590 3521 eas
2627 3456 2845 3519 tantum

574 3557 833 3622 uidetur
880 3558 1086 3623 dicere
1135 3560 1464 3641 scriptura,
1515 3561 1747 3642 quibus
1796 3562 2125 3626 columnae
2183 3563 2258 3626 ab
2316 3562 2443 3626 imo
2503 3562 2846 3627 fulciuntur,

754 3750 786 3803 3
828 3749 892 3804 cf.
936 3748 1053 3802 Gal.
1093 3751 1142 3813 3,
1186 3751 1250 3803 19
1345 3753 1376 3804 6
1415 3752 1613 3804 Matth.
1654 3754 1738 3813 28,
1779 3754 1847 3805 22
1935 3754 1967 3806 9
2008 3754 2073 3808 cf.
2112 3753 2240 3807 Luc.
2281 3754 2332 3817 3,
2370 3753 2589 3807 23—38
2676 3753 2732 3806 12
2762 3750 2841 3802 Ps.

575 3840 661 3903 31,
705 3841 734 3892 1
845 3840 915 3891 20
955 3839 1043 3891 Ex.
1082 3839 1170 3900 26,
1214 3840 1279 3892 17
1388 3841 1455 3893 27
1495 3841 1587 3894 Ex.
1629 3842 1713 3905 26,
1754 3843 1816 3895 21

650 3963 920 4041 κοίὶίῐίηα
952 3962 997 4014 C
1092 3963 1124 4015 6
1155 3962 1759 4033 dicens—peccatorum
1788 3983 1889 4019 om.
1928 3966 1975 4020 Ο
2065 3968 2099 4020 8
2126 3983 2413 4020 numerans
2439 3966 2550 4021 ΒΝ
2615 3968 2647 4020 9
2682 3962 2840 4028 deum]

574 4068 697 4119 xpm
746 4050 791 4105 S
938 4053 1003 4104 14
1053 4050 1269 4119 deinde]
1321 4053 1554 4122 denique
1601 4054 1667 4108 N
1808 4056 1871 4109 15
1920 4055 2619 4125 Christus—significantur
2660 4070 2748 4109 om·
2787 4048 2848 4103 N

580 4140 643 4192 16
683 4139 847 4192 etiam
888 4155 989 4192 om.
1018 4141 1077 4191 λ
1183 4141 1246 4191 17
1286 4143 1616 4211 propitiatur
1644 4142 1798 4213 deus]
1839 4145 2228 4214 propitiaturos
2257 4144 2321 4199 N
2418 4145 2484 4198 18
2519 4143 2769 4212 yacintine
2801 4137 2846 4191 0

571 4227 902 4280 iacinthinae
942 4226 1040 4280 PS
1082 4227 1339 4282 iacintine
1378 4230 1494 4283 NT
1529 4232 1819 4285 iacinctine
1869 4233 1917 4285 V
2022 4234 2091 4287 20
2132 4234 2414 4287 anconicos
2451 4232 2587 4286 ΡΨ
2684 4229 2745 4283 22
2775 4227 2839 4279 de

572 4332 674 4369 om.
720 4316 767 4368 0
943 4317 1226 4369 anconicos
1263 4318 1402 4370 12¹1*
1579 4337 1712 4388 quos
1759 4320 1833 4374 bd
1976 4323 2045 4375 25
2097 4321 2279 4375 cubito
2329 4322 2375 4375 C
2516 4324 2582 4376 26
2632 4332 2840 4373 ancones

578 4403 783 4458 CPSN
794 4403 893 4457 VT
