3076 4976
439 447 568 510 422
1144 445 1196 497 S.
1254 442 1529 496 Aureli
1587 442 2024 512 Augustini

442 641 734 721 quamuis
784 639 987 720 possit
1035 639 1203 721 quod
1253 640 1313 702 in
1362 656 1585 722 graeco
1627 640 1753 701 est:
1801 632 1918 708 ἕως
1955 648 2058 701 τοῦ
2098 633 2336 711 αἰῶνος,
2377 636 2502 700 dici
2538 636 2732 700 latine

442 749 505 809 et
561 766 801 827 „usque
848 747 910 809 in
960 745 1351 821 saeculum‘,
1401 745 1569 826 quod
1616 763 1737 809 non
1787 750 1885 809 est
1933 762 2322 826 consequens
2371 747 2444 807 ut
2489 744 2733 808 intelle·

442 858 629 936 gatur
676 856 1019 917 aeternum.

532 960 602 1024 V.
650 960 740 1022 Et
789 958 980 1022 dixit
1027 958 1369 1022 dominus
1421 957 1505 1021 ad
1554 958 1802 1021 Iesum
1852 957 2140 1022 dicens:
2190 955 2454 1020 manda
2495 974 2731 1019 sacer·

445 1067 754 1131 dotibus
793 1064 1277 1146 portantibus
1319 1083 1557 1128 arcam
1599 1062 2040 1127 testamenti
2080 1061 2529 1127 testimonii.
2569 1063 2734 1126 solet

442 1174 566 1237 dici
615 1191 755 1236 arca
801 1170 1171 1235 testamenti
1218 1173 1323 1235 uel
1372 1190 1513 1235 arca
1570 1170 1948 1243 testimonii;
2008 1188 2170 1233 nunc
2229 1168 2399 1233 dicta
2447 1171 2547 1232 est
2592 1186 2734 1231 arca

439 1279 807 1345 testamenti
871 1277 1242 1351 testimonii,
1293 1283 1533 1341 utnon
1601 1280 1810 1343 solum
1877 1296 2018 1341 arca
2084 1276 2194 1341 sed
2262 1276 2452 1339 etiam
2519 1277 2734 1358 ipsum

440 1389 898 1452 testamentum
956 1385 1378 1467 appellaretur
1432 1388 1887 1449 testamentum
1946 1383 2315 1448 testimonii.
2372 1382 2518 1446 hinc
2568 1382 2731 1446 enim

443 1493 596 1557 dicit
637 1493 994 1574 apostolus:
1042 1510 1229 1555 nunc
1279 1495 1524 1555 autem
1578 1492 1738 1555 sine
1786 1493 1953 1575 lege
2001 1490 2308 1554 iustitia
2358 1488 2472 1552 dei
2512 1488 2734 1552 mani-

443 1602 725 1664 festata
758 1601 872 1662 est
901 1597 1424 1661 testimonium
1456 1598 1735 1662 habens
1767 1618 1897 1680 per
1925 1599 2165 1681 legem
2201 1599 2273 1659 et
2303 1596 2734 1679 prophetas,

443 1707 506 1770 in
575 1705 903 1770 cuiusdam
973 1704 1140 1768 enim
1195 1705 1284 1768 rei
1341 1704 1602 1768 alterius
1658 1709 1962 1768 uenturae
2018 1702 2456 1767 testimonium
2516 1702 2734 1766 datum

443 1814 649 1878 fuerat
694 1811 874 1876 illud.
926 1811 1092 1893 quod
1141 1811 1371 1874 dicitur
1415 1814 1870 1875 testamentum
1918 1816 2125 1874 uetus.

537 1919 643 1984 VI.
711 1919 918 1982 Dixit
983 1918 1331 1983 dominus
1381 1918 1468 1982 ad
1514 1918 1791 1981 Iesum:
1860 1917 1974 1981 fac
2023 1916 2168 1980 tibi
2233 1915 2382 1996 ipsi
2443 1914 2734 1979 cultros

447 2026 532 2091 de
580 2030 789 2108 petra
838 2029 1101 2090 acutos
1151 2027 1275 2102 uel,
1327 2025 1496 2089 sicut
1541 2024 1733 2088 habet
1780 2043 2065 2106 g1·aecuS‚
2116 2023 2198 2086 sle
2248 2025 2458 2105 petra
2517 2024 2735 2084 acuta

447 2138 519 2198 et
587 2134 848 2198 sedens
926 2132 1384 2197 circumcide
1460 2130 1674 2195 filios
1750 2130 2044 2193 Israhel
2118 2129 2411 2193 iterum.
2478 2128 2539 2191 in
2616 2128 2735 2192 hoc

445 2244 777 2324 praecepto
846 2240 1167 2321 quaeritur
1231 2258 1343 2303 cur
1401 2238 1625 2301 dixerit
1697 2238 2083 2312 „iterum-‘3
2151 2256 2269 2300 non
2336 2235 2503 2299 enim
2571 2253 2734 2297 unus

446 2348 634 2411 homo
683 2347 780 2411 bis
848 2345 1393 2411 circumcidendus
1445 2349 1594 2410 erat.
1661 2344 1773 2407 sed
1821 2344 1968 2425 quia
2034 2362 2196 2406 unus
2263 2342 2536 2424 populus
2605 2343 2736 2403 erat

446 2455 510 2519 iu
551 2453 927 2536 quibusdam
970 2451 1406 2528 circumcisuS‚
1446 2452 1508 2516 in
1553 2450 1930 2533 quibusdam
1970 2468 2089 2513 non
2130 2448 2564 2521 circumcisus,
2594 2446 2734 2511 ideo

447 2561 689 2626 dictum
737 2564 835 2623 est
890 2560 1266 2636 „iterum“‚
1320 2562 1385 2622 ut
1436 2558 1851 2622 circumcisus
1901 2558 2130 2621 iterum
2181 2554 2737 2618 circumcideretur

448 2688 568 2732 non
615 2667 827 2744 homo,
878 2667 990 2730 sed
1036 2667 1342 2747 populum
1392 2684 1535 2728 nam
1585 2669 1648 2728 et
1695 2664 2022 2744 sequentia
2067 2662 2131 2726 id
2181 2661 2539 2727 ostendunt.
2582 2660 2734 2723 dicit

451 2775 617 2838 enim
666 2774 1008 2855 scriptura:
1059 2776 1131 2836 et
1179 2773 1365 2836 fecit
1411 2771 1627 2836 Iesus
1679 2771 1973 2835 cultros
2021 2769 2361 2851 petrinos
2401 2766 2736 2848 sibiipsi

452 2886 715 2945 acutos
748 2886 819 2945 et
849 2879 1335 2945 circumcidit
1366 2879 1582 2943 filios
1623 2878 1918 2942 Israhel
1955 2877 2024 2940 in
2055 2877 2221 2940 loco
2254 2876 2378 2958 qui
2419 2878 2738 2939 uocatur

454 2988 692 3055 Collis
731 2977 1321 3069 praeputiorum.
1364 2987 1498 3050 hoc
1541 2989 1790 3049 autem
1829 2984 2041 3048 modo
2084 2981 2738 3066 circumpurgauit

452 3097 667 3159 Iesus
728 3094 940 3158 filios
996 3094 1318 3158 Israhel:
1370 3092 1494 3174 qui
1555 3091 1961 3173 aliquando
2018 3092 2320 3154 fuerant
2375 3089 2445 3153 in
2495 3089 2618 3152 uia
2666 3092 2736 3152 et

454 3201 580 3282 qui
630 3200 1035 3281 aliquando
1083 3198 1605 3263 incircumcisi
1655 3201 1865 3261 erant
1922 3217 2171 3260 eorum
2221 3196 2347 3278 qui
2405 3195 2739 3258 exierant

454 3327 533 3370 ex
579 3307 939 3389 Aegypte,
1010 3325 1258 3371 omnes
1325 3306 1519 3369 istos
1588 3304 2075 3368 circumcidit
2120 3303 2359 3367 Iesus,
2430 3301 2739 3384 quadra-

454 3414 661 3498 ginta
722 3413 913 3477 enim
972 3417 1040 3477 et
1100 3413 1389 3478 duobus
1451 3411 1659 3475 annis
1719 3416 2216 3476 conuersatus
2276 3415 2390 3476 est
2445 3410 2737 3475 Israhel

451 3521 524 3584 in
591 3519 885 3584 deserto
952 3519 1456 3584 Mabdaritide
1508 3515 1648 3605 [et].
1717 3519 1881 3582 ideo
1950 3519 2468 3584 incircumcisi
2531 3520 2740 3581 erant

629 3713 663 3764 4
702 3711 805 3765 Ios.
845 3713 896 3774 4,
940 3713 1003 3765 15
1150 3713 1181 3766 6
1222 3711 1286 3765 cf.
1327 3712 1417 3764 Ex.
1458 3712 1545 3774 39,
1589 3711 1655 3764 15
1696 3712 1835 3778 (35);
1875 3710 1969 3764 Ex.
2008 3711 2094 3774 40,
2134 3712 2166 3764 3
2312 3711 2345 3764 9
2384 3710 2539 3762 Rom.
2581 3708 2629 3770 3,
2669 3707 2733 3761 21

457 3800 520 3854 13
558 3799 661 3853 Ios,
703 3803 752 3866 5,
792 3800 824 3853 2
933 3802 997 3853 21
1039 3800 1145 3853 Ios.
1190 3803 1237 3862 5,
1274 3802 1416 3853 3—7

527 3926 550 3978 1
604 3933 958 3982 eostuaeonos
988 3924 1143 3979 PVS
1178 3930 1499 3978 eostueonos
1524 3924 1590 3977 N
1619 3927 1974 3978 „ostuaeouos
2014 3924 2063 3977 T
2167 3926 2199 3977 8
2229 3940 2319 3991 pr.
2352 3923 2738 3976 testamentum

452 4029 518 4068 m,
559 4015 598 4066 2
636 4029 701 4066 ea:
736 4014 1055 4066 testimonii]
1092 4014 1147 4066 P
1277 4015 1308 4066 9
1348 4014 1485 4080 legis
1524 4013 1589 4065 N
1712 4014 1776 4081 14
1817 4011 1874 4062 ἐκ
1915 4012 2104 4083 πέτρας
2144 4010 2464 4081 ἁκροτόμους
2501 4011 2642 4079 Lay.
2683 4008 2741 4060 ἐκ

454 4100 644 4170 πέτρας
683 4099 971 4172 ἀκροτόμων)
1016 4102 1192 4156 Tisch.
1335 4104 1399 4155 17
1439 4102 1521 4155 bis
1562 4117 1663 4155 om.
1704 4102 1777 4154 Ρ1
1936 4107 2050 4155 erat
2087 4118 2188 4155 om.
2227 4100 2397 4154 PVT
2532 4100 2595 4152 18
2635 4115 2740 4151 non

455 4206 557 4243 om.
596 4188 663 4242 N
834 4190 922 4243 ide
960 4190 1036 4243 12¹
1180 4191 1245 4244 21
1305 4190 1408 4243 sibi
1450 4190 1557 4244 sibi
1597 4190 1701 4259 ipsi
1738 4189 1920 4244 PS¹V
1953 4188 2118 4260 ἐαυτῷ
2159 4190 2275 4242 cod.
2316 4189 2474 4244 Alex.
2515 4194 2564 4242 et
2599 4187 2738 4256 Lcaey.

454 4278 524 4330 23
563 4278 1032 4349 circumpugnauit
1068 4279 1128 4332 N
1253 4280 1320 4334 25
1361 4279 1661 4334 circumcisi
1699 4278 1774 4332 Ρι
1900 4279 1968 4332 26
2008 4280 2090 4346 ex}
2133 4280 2186 4332 in
2225 4278 2364 4331 NV¹
2484 4278 2551 4330 28
2594 4276 2740 4330 mab-

457 4364 724 4420 darithide
762 4368 816 4419 P
849 4367 1155 4421 mabdarith
1194 4368 1354 4422 SVT
1496 4372 1552 4422 et
1589 4368 1792 4423 inclusi

2778 1623 2831 1661 10

2781 2153 2832 2192 15

2779 3225 2832 3263 25
