3076 4976
323 1697 371 1734 10

328 2226 374 2265 15

316 2761 370 2799 20

321 3295 372 3332 25

766 510 1252 577 Quaestionum
1291 510 1404 567 lib.
1441 511 1523 564 111
1565 510 1851 578 (Quaest.
1892 510 1965 563 de
2005 511 2355 575 Leuitico).
2571 515 2697 577 297

408 708 764 773 tolerabilia
838 711 903 772 et
975 707 1240 771 nimium
1318 706 1691 771 detestanda
1772 706 1969 770 istum
2056 709 2531 788 consequuntur
2613 726 2703 771 er-

409 835 632 881 rorem.

496 922 814 986 LXVlIlI.
887 921 1042 986 Non
1103 921 1409 985 nocebis
1467 921 1824 1003 proximo.
1904 921 1957 983 si
2017 920 2168 1002 quid
2235 920 2322 984 sit
2368 940 2591 985 nocere
2641 924 2705 986 et

409 1049 530 1094 non
597 1048 821 1093 nocere
887 1030 1129 1111 pateret
1193 1026 1580 1104 hominibus,
1637 1027 1755 1089 hoc
1816 1028 2106 1109 generale
2162 1030 2569 1108 praeceptum
2625 1028 2703 1092 ad

412 1135 830 1200 innocentiam
881 1134 1266 1198 retinendam
1328 1134 1598 1197 fortasse
1657 1132 1997 1196 sufficeret.
2074 1132 2284 1196 omnia
2332 1133 2497 1196 enim
2544 1153 2704 1214 quae

408 1242 822 1325 prohibentur
887 1240 1199 1303 committi
1257 1240 1318 1302 in
1377 1238 1751 1321 proximum,
1811 1237 1888 1300 ad
1944 1237 2066 1301 hoc
2130 1257 2327 1300 unum
2386 1237 2705 1301 referenda.

414 1352 584 1425 sunt,
636 1348 804 1429 quod
854 1346 1096 1410 dictum
1146 1349 1273 1410 est:
1332 1364 1469 1409 non
1527 1344 1836 1408 nocebis
1893 1344 2245 1426 proximo,
2332 1362 2473 1406 narn
2535 1344 2702 1426 quod

412 1455 728 1537 sequitur:
799 1473 937 1517 non
1005 1452 1289 1535 rapies,
1356 1451 1481 1516 nisi
1547 1451 1624 1514 ad
1691 1451 1812 1515 hoc
1875 1451 2211 1527 referatur,
2269 1468 2347 1513 ne
2402 1450 2698 1531 rapiendo

411 1565 728 1635 noceatur,
782 1560 1116 1642 aliquando
1178 1560 1411 1636 euenit,
1469 1563 1545 1623 ut
1598 1578 1720 1622 non
1777 1558 2073 1641 rapiendo
2133 1558 2400 1640 quisque
2456 1563 2698 1621 noceat.

410 1688 549 1732 narn
604 1668 855 1751 gladius
905 1667 1243 1731 insanienti
1292 1665 1629 1749 rapiendus
1689 1669 1816 1741 θεῖς
1877 1668 1942 1729 et
1996 1666 2050 1729 si
2108 1685 2227 1729 non
2285 1665 2507 1729 fecerit
2562 1664 2701 1747 quis

408 1779 484 1839 ut
531 1774 897 1857 oportuerit,
948 1774 1153 1858 magis
1201 1773 1506 1837 nocuerit.

502 1882 688 1945 LXX.
733 1881 899 1960 Quid
934 1885 1032 1944 est
1062 1880 1251 1961 quod,
1285 1899 1430 1944 cum
1462 1899 1653 1962 supra
1680 1880 1970 1943 dixisset:
2011 1899 2148 1943 non
2185 1879 2351 1944 odio
2383 1879 2699 1944 habebis

412 1988 719 2052 fratrem
779 1991 987 2051 tuum
1049 1988 1116 2050 in
1177 1987 1419 2050 animo
1478 1992 1637 2061 tuo;
1708 1986 2083 2070 arguendo
2139 2004 2410 2069 argues
2469 1988 2700 2069 proxi·

412 2115 605 2159 mum
654 2098 865 2159 tuum
916 2100 989 2159 et
1035 2115 1170 2159 non
1232 2094 1565 2176 accipies
1622 2098 1931 2176 propter
1986 2093 2230 2175 ipsum
2286 2096 2699 2175 peccatum,

415 2206 874 2284 consequenter
941 2202 1252 2266 adiunxit:
1333 2206 1404 2265 et
1477 2220 1617 2264 non
1694 2199 2131 2264 uindicatur
2204 2218 2462 2264 manus
2529 2206 2699 2265 tua?

409 2312 622 2372 utrum
680 2328 790 2391 pro
852 2328 944 2385 ec,
1006 2309 1174 2390 quod
1231 2312 1328 2372 est
1393 2328 1551 2384 „non
1608 2306 1954 2390 punitur‘?
2030 2307 2235 2370 animo
2304 2307 2469 2370 enim
2538 2291 2699 2371 bono

410 2414 585 2492 facia,
639 2434 784 2479 cum
834 2415 1235 2497 disciplinam
1283 2414 1571 2498 peccanti
1628 2414 1907 2497 proximo
1966 2413 2234 2495 inponis),
2293 2433 2369 2477 ne
2427 2414 2699 2496 accipias

411 2527 746 2605 peccatum
797 2523 933 2587 eius
982 2523 1393 2606 neglegendo,
1476 2522 1553 2585 ad
1602 2522 1721 2584 hoc
1780 2521 1943 2584 enim
2002 2521 2278 2603 pertinet
2333 2521 2500 2602 quod
2558 2526 2700 2585 ante

411 2629 655 2710 posuit:
707 2648 845 2693 non
888 2630 1056 2694 odio
1098 2629 1412 2692 habebis
1452 2628 1867 2712 proximum
1906 2631 2115 2691 tuum
2154 2627 2223 2690 in
2267 2627 2507 2691 animo
2549 2631 2698 2694 tuo,

410 2735 612 2800 uideri
684 2736 848 2799 enim
917 2739 1129 2819 potest
1187 2735 1243 2798 ei
1302 2735 1409 2816 qui
1469 2734 1776 2818 arguitur,
1844 2733 2013 2814 quod
2069 2732 2272 2796 oderis
2330 2752 2497 2810 eum,
2556 2754 2699 2798 cum

410 2863 531 2906 non
595 2843 681 2906 sit
737 2842 797 2904 in
859 2842 1064 2906 animo
1124 2845 1256 2904 tuo,
1344 2861 1416 2904 an
1487 2860 1659 2914 „non
1722 2840 2154 2904 uindicatur
2216 2859 2471 2903 manus
2530 2846 2691 2904 tua“

408 2951 529 3015 hoc
585 2951 799 3032 potius
859 2949 1174 3024 admonet,
1235 2967 1312 3011 ne
1371 2967 1633 3029 quaeras
1693 2946 1999 3010 uindicari
2054 2966 2307 3010 manum
2364 2950 2539 3010 tuam
2588 2967 2700 3011 nec

409 3056 761 3119 ulciscendi
827 3055 1088 3119 libidine
1153 3055 1459 3136 rapiaris?
1546 3074 1690 3117 nam
1758 3054 1910 3135 quid
1977 3057 2075 3117 est
2148 3054 2321 3117 aliud
2394 3054 2701 3118 uindicari

410 3164 577 3225 uelle
626 3163 748 3226 nisi
796 3162 1016 3226 laetari
1068 3163 1167 3224 nel
1211 3161 1521 3224 consolari
1564 3161 1638 3224 de
1680 3161 1882 3224 alieno
1923 3161 2130 3224 malo?
2180 3164 2243 3224 et
2279 3160 2419 3224 ideo
2461 3160 2701 3224 dictum

414 3274 536 3332 est:
597 3289 734 3332 non
793 3269 1155 3333 irasceris
1213 3268 1408 3332 filiis
1467 3267 1726 3349 populi
1786 3267 1919 3334 tui.
2007 3268 2097 3330 sic
2165 3267 2331 3330 enim
2385 3271 2551 3331 recte
2608 3268 2700 3331 ira

411 3375 664 3438 definita
716 3382 833 3452 est,
885 3375 1054 3456 quod
1103 3375 1187 3438 sit
1235 3373 1587 3438 ulciscendi
1635 3374 1855 3439 libido.
1936 3374 2190 3456 quidam
2248 3392 2397 3437 uero
2449 3374 2699 3438 codices

408 3483 667 3545 liabent:
711 3486 782 3546 et
820 3501 953 3546 non
996 3482 1521 3546 uindicabitur
1559 3501 1816 3545 manus
1858 3484 2004 3557 tua,
2045 3481 2107 3543 id
2143 3485 2344 3544 estne
2380 3480 2696 3564 arguendo

409 3589 729 3653 uindicare
777 3594 839 3652 te
889 3589 1071 3666 ueliS‚
1123 3589 1232 3652 sed
1280 3589 1491 3671 potius
1543 3589 1871 3652 consulere
1918 3589 2013 3651 illi
2063 3607 2249 3668 quem
2299 3589 2533 3671 arguis,

586 3833 617 3884 3
657 3832 785 3885 Len.
831 3833 910 3893 19,
955 3833 1018 3885 13
1133 3832 1197 3884 12
1235 3831 1365 3885 Leu.
1411 3832 1491 3894 19,
1544 3832 1625 3884 17.
1671 3832 1734 3885 18

481 3991 503 4043 1
549 3995 850 4059 sequuntur
886 3991 960 4044 bd
1069 3993 1097 4044 7
1139 4009 1243 4061 quo
1285 3991 1484 4044 dictum
1520 3991 1567 4044 S
1677 3990 1741 4044 10
1780 3991 2086 4045 insaniendi
2125 3991 2175 4044 T
2314 3991 2441 4044 ferit
2479 3992 2561 4058 (in
2598 4007 2696 4059 my.

409 4079 545 4132 alius
584 4080 722 4133 liber
753 4080 854 4133 etsi
887 4087 914 4132 ἡ
947 4080 1156 4146 fecerit)
1197 4081 1246 4133 T
1389 4080 1518 4150 quid
1551 4080 1652 4134 ST
1687 4082 1805 4150 quit
1839 4081 1999 4133 CI'N
2107 4082 2167 4134 11
2210 4085 2271 4132 ut
2299 4096 2339 4135 s.
2374 4080 2407 4133 l.
2445 4081 2491 4133 C
2515 4096 2617 4133 om.
2652 4080 2703 4131 T

405 4169 650 4237 potuerit
678 4169 872 4238 (alimn
914 4169 1112 4222 librum
1140 4170 1407 4236 praebere
1437 4170 1495 4222 in
1523 4187 1623 4240 my.
1657 4170 1866 4230 adnot.)
1907 4170 1955 4222 T
2029 4170 2093 4222 13
2131 4186 2296 4238 argue
2324 4168 2377 4220 P
2451 4169 2513 4221 16
2554 4168 2697 4236 quod

406 4273 505 4310 om.
544 4256 610 4310 N
717 4259 779 4311 17
819 4257 985 4310 facies
1023 4259 1182 4312 PSV
1299 4259 1585 4328 disciplina
1624 4259 1670 4312 S
1784 4259 1988 4328 pcccati
2027 4258 2141 4310 PV
2254 4274 2350 4310 nec
2388 4257 2442 4310 P
2558 4257 2696 4309 acci-

405 4346 520 4415 pies
559 4346 632 4399 P¹
650 4345 742 4399 VS
847 4347 910 4400 21
955 4364 1093 4400 anno
1134 4347 1180 4401 S
1285 4351 1353 4401 2⁶2
1391 4349 1510 4416 nec]
1553 4365 1619 4401 ne
1657 4347 1723 4400 N
1826 4349 1893 4400 26
1934 4347 2156 4400 definita
2195 4348 2299 4414 est]
2343 4346 2609 4399 diffinitur
2653 4345 2703 4398 T

405 4436 472 4488 27
511 4436 602 4503 ne]
643 4453 749 4488 non
791 4435 837 4489 S
941 4438 1010 4489 ‘28
1049 4454 1241 4506 argues
1279 4437 1339 4490 N
