3076 4976
457 443 588 512 534
1160 440 1213 494 S.
1272 439 1547 504 Aureli
1605 438 2042 507 Augustini

454 631 783 695 reddita
833 636 1024 696 sunt
1070 633 1229 697 tibi
1278 653 1314 696 a
1361 632 1683 696 domino
1732 652 1871 715 pro
1923 633 2040 696 eis
2091 651 2292 714 quae
2349 632 2755 714 peccasti:

455 741 603 820 post
658 739 1107 804 correctionem
1169 743 1470 821 sequente
1519 738 2021 803 inluminatione.
2098 746 2236 803 aut
2300 739 2757 820 uestigium

458 844 761 909 domini
809 845 1234 909 inuenies?
1284 847 1357 908 ut
1403 845 1564 909 uelis
1616 844 1804 909 deum
1850 845 2325 927 reprehendere.
2404 843 2759 909 sublime

461 954 585 1015 est
624 952 959 1027 caelum,
1002 956 1079 1015 et
1117 952 1307 1033 quid
1346 951 1656 1015 facies?
1696 954 1770 1014 ut
1805 950 2092 1015 inuenias
2133 953 2529 1015 sacramenta
2568 950 2760 1022 caeli;

460 1076 581 1121 non
652 1058 816 1121 enim
884 1056 1073 1121 debes
1143 1077 1286 1120 eum
1353 1056 1829 1139 reprehendere,
1898 1057 2081 1121 cuius
2149 1075 2336 1139 opera
2401 1076 2522 1121 non
2592 1075 2763 1120 com·
2829 1078 2856 1117 5

464 1164 826 1245 prebendis,
906 1164 1088 1245 quis
1147 1162 1372 1227 dicet
1428 1163 1598 1227 illi:
1657 1162 1848 1244 quid
1905 1162 2237 1227 fecisti?
2314 1164 2378 1226 et
2423 1162 2543 1226 hoc
2593 1161 2764 1226 enim

462 1273 635 1334 recte
686 1269 807 1333 erit
852 1269 1113 1347 factum,
1166 1269 1219 1332 si
1268 1269 1425 1332 deus
1473 1270 1592 1332 hoc
1641 1269 1879 1346 fecerit,
1923 1269 2071 1351 quia
2115 1268 2319 1333 facere
2367 1267 2608 1350 aliquid
2656 1268 2767 1331 ille

468 1375 593 1440 nisi
642 1379 811 1440 recte
860 1395 981 1439 non
1029 1377 1263 1458 potest.
1313 1375 1488 1456 ipse
1537 1375 1741 1439 enim
1790 1375 2024 1439 nouit
2069 1394 2311 1458 opera
2356 1374 2766 1438 hominum

461 1483 971 1564 iniquorum:
1020 1502 1142 1547 non
1187 1482 1390 1565 iniqui
1438 1483 1645 1563 operis
1695 1486 1812 1546 est.
1881 1482 2043 1546 unde
2092 1481 2237 1545 uult
2280 1481 2570 1564 intellegi
2616 1458 2811 1562 quia·

465 1589 663 1653 stulte
711 1590 835 1664 hic,
885 1609 1069 1670 quem
1111 1590 1402 1671 iniquum
1440 1591 1646 1671 putat,
1686 1588 2156 1671 reprehenderit
2192 1587 2417 1663 deum;
2467 1588 2560 1652 sic
2598 1587 2766 1651 enim
2809 1614 2863 1653 10

470 1716 615 1760 eum
664 1696 841 1777 loqui
891 1696 1300 1760 existimauit.
1376 1695 1604 1760 homo
1653 1715 1843 1760 uero
1894 1695 2141 1759 aliter
2186 1696 2422 1758 nutat
2477 1712 2769 1758 sermo-

465 1803 741 1866 nibus:
792 1801 979 1865 modo
1028 1802 1124 1865 illi
1172 1802 1383 1884 placet
1431 1801 1610 1878 deuS‚
1658 1801 1846 1867 modo
1894 1802 1989 1865 illi
2038 1801 2354 1883 displicet,
2404 1820 2550 1865 cum
2597 1801 2772 1884 apud

473 1910 662 1973 deum
744 1910 830 1973 sit
895 1910 1183 1975 firmitas.
1278 1912 1356 1973 et
1418 1909 1544 1973 uir
1607 1912 1847 1972 natus
1913 1908 2290 1972 mulieris
2355 1911 2766 1992 tamquam

469 2035 768 2100 onager
831 2017 993 2079 erit
1058 2016 1134 2079 in
1203 2016 1564 2080 deserto:
1652 2015 2001 2098 cupiditate
2067 2015 2382 2079 libertatis
2450 2015 2769 2098 inpatiens

474 2122 888 2188 dominatoris
929 2125 1118 2204 atque
1150 2121 1500 2187 domitoris,
1554 2125 1630 2186 et
1669 2123 2106 2186 extendens
2147 2124 2239 2186 ad
2278 2142 2446 2187 eum
2485 2142 2770 2186 manus
2809 2150 2864 2190 ιε,

470 2232 693 2293 tuas:
762 2232 837 2293 ut
891 2233 1179 2312 acceptet
1234 2248 1423 2312 opera
1477 2233 1609 2293 tua.
1697 2230 1764 2293 si
1828 2229 2193 2310 iniquum
2262 2228 2452 2310 quid
2508 2232 2634 2292 est
2687 2228 2767 2291 in

468 2356 687 2401 manu
746 2339 915 2400 tua:
983 2336 1126 2418 ipsa
1181 2335 1305 2400 duo
1363 2336 1686 2417 repetiuit,
1745 2336 1856 2400 sed
1915 2335 2128 2400 ordine
2175 2339 2444 2399 mutato,
2530 2339 2608 2398 et
2664 2334 2767 2398 in-

470 2442 787 2525 iquitas
845 2442 921 2507 in
982 2443 1207 2508 domo
1264 2447 1401 2507 tua
1455 2462 1603 2507 non
1663 2446 2010 2508 maneat:
2069 2442 2189 2507 hoe
2237 2441 2394 2507 dixit
2441 2459 2566 2507 cor.
2644 2441 2768 2506 sic

476 2551 685 2613 enim
737 2550 1105 2633 fulgebit
1150 2551 1409 2615 facies
1459 2554 1598 2614 tua
1643 2552 2046 2631 tamquam
2096 2568 2300 2632 aqua
2346 2568 2576 2633 pura:
2624 2567 2770 2613 con-

468 2655 754 2720 scientia.
805 2659 1207 2738 tamquam
1260 2657 1609 2721 fluctum
1663 2656 1987 2739 quinon
2024 2656 2458 2739 praeterit,
2501 2659 2578 2718 et
2614 2674 2768 2719 non
2807 2684 2864 2724 20

468 2762 848 2825 terreris:
909 2762 1030 2825 nisi
1093 2782 1308 2826 omnes
1366 2766 1589 2846 tangat
1644 2766 1704 2827 in
1764 2763 1881 2827 hac
1939 2763 2095 2829 uita.
2173 2768 2252 2826 et
2307 2761 2568 2827 oratio
2625 2764 2768 2824 tua

469 2869 870 2948 tamqnam
912 2867 1213 2931 lucifer
1252 2868 1438 2932 erit:
1480 2871 1625 2931 ante
1657 2868 2204 2933 inluminationem
2237 2868 2540 2951 praeibit;
2584 2866 2770 2948 quasi

473 2975 537 3036 et
591 2973 717 3037 ista
774 2973 850 3037 ad
909 2974 1304 3057 prophetiam
1367 2979 1618 3039 sanctae
1676 2975 1962 3039 ciuitatis
2019 2976 2124 3039 uel
2183 2976 2261 3038 ad
2306 2974 2617 3057 populum
2665 2973 2771 3037 dei

469 3078 850 3159 pertinentia
908 3078 1125 3142 audita
1180 3080 1285 3142 uel
1340 3080 1622 3143 reuelata
1678 3078 1991 3155 dicuntur,
2040 3080 2209 3143 sicut
2254 3099 2289 3142 a
2336 3078 2770 3160 superioribus

651 3382 684 3434 2
723 3382 820 3436 Iob
865 3384 945 3443 11,
986 3382 1016 3433 7
1110 3384 1141 3437 3
1178 3382 1402 3445 10b11,
1445 3384 1477 3437 8
1571 3384 1738 3438 6101)
1781 3385 1862 3447 11,
1907 3385 1971 3437 10
2069 3383 2237 3438 8101)
2279 3384 2361 3446 11,
2403 3384 2464 3437 11
2527 3407 2533 3414 ·
2575 3382 2768 3437 11101)

477 3471 558 3532 11,
604 3472 667 3523 12
815 3472 879 3525 13
918 3471 1015 3524 101)
1058 3474 1141 3534 11,
1185 3473 1248 3525 12
1400 3474 1463 3527 15
1501 3473 1599 3526 Iob
1643 3474 1724 3535 11,
1767 3475 1830 3527 13
1980 3474 2045 3528 16
2082 3472 2179 3526 101)
2223 3473 2305 3531 11.
2350 3474 2413 3526 14
2564 3473 2627 3525 17
2665 3471 2768 3525 101)

477 3560 558 3621 11,
602 3560 666 3612 14
779 3560 845 3613 18
885 3560 979 3613 Iob
1023 3561 1110 3615 11.
1148 3560 1212 3614 15
1312 3562 1380 3615 20
1418 3561 1514 3615 Iob
1561 3563 1641 3623 11,
1686 3563 1750 3615 16
1858 3562 1925 3614 21
1967 3561 2065 3615 101)
2108 3561 2192 3628 11,
2233 3562 2298 3613 17

550 3735 574 3786 1
616 3735 728 3787 sint
769 3735 943 3788 Tde
1085 3735 1185 3789 deo
1222 3737 1367 3790 Hier
1509 3753 1605 3806 pro
1645 3737 1720 3789 eis
1760 3753 1861 3789 om.
1908 3736 2132 3790 1⁹1>de
2256 3737 2289 3789 2
2328 3739 2642 3805 sequentem
2681 3736 2769 3789 in·

473 3821 881 3878 luminationem
924 3825 973 3879 G
1048 3827 1078 3879 3
1118 3825 1205 3878 dei
1252 3825 1378 3878 TCb
1487 3825 1768 3879 sublimior
1802 3825 1947 3879 Hier
2016 3828 2051 3878 4
2090 3826 2237 3878 caelo
2275 3824 2418 3878 Hier
2488 3827 2520 3878 6
2560 3823 2696 3877 dicis
2725 3824 2778 3879 S

475 3912 617 3964 enim
645 3928 747 3968 om.
784 3912 835 3966 G
944 3915 977 3967 8
1014 3932 1121 3967 non
1151 3931 1251 3968 om.
1288 3913 1400 3968 GT
1502 3915 1780 3967 hominum
1807 3929 1908 3967 om.
1939 3913 1986 3968 S
2089 3916 2121 3967 9
2161 3930 2351 3983 operas
2384 3913 2434 3968 G
2548 3915 2615 3968 10
2646 3930 2770 3967 eum

473 3999 618 4053 enim
661 4000 710 4054 G
824 4004 883 4055 11
920 4004 1067 4072 uero]
1106 4004 1246 4056 enim
1286 4020 1412 4057 uero
1455 4003 1506 4056 G
1544 4019 1646 4057 om.
1684 4002 1829 4057 Hier
1969 4003 2140 4055 intrat
2182 4002 2230 4056 C
2337 4004 2401 4056 15
2441 4001 2688 4055 extendis
2723 4002 2777 4057 S

476 4089 730 4144 extendes
767 4091 911 4146 Hier
1094 4093 1158 4146 16
1197 4093 1465 4163 acciperet
1501 4092 1532 4145 b
1718 4093 1781 4145 17
1820 4093 1936 4161 tua]
1977 4095 2074 4145 tua
2111 4096 2194 4145 est
2235 4090 2313 4144 Cb
2471 4092 2535 4144 19
2574 4091 2769 4161 facies]

473 4194 664 4231 manus
703 4178 746 4231 C
849 4183 1147 4251 tamquam]
1188 4183 1329 4235 sicut
1371 4181 1417 4235 C
1487 4182 1556 4235 20
1593 4168 1789 4234 fluctus
1828 4181 1909 4233 Tb
2016 4197 2121 4233 non
2152 4185 2284 4248 post
2320 4180 2414 4249 qui
2451 4196 2554 4233 om.
2581 4178 2775 4233 SHier

476 4268 542 4320 21
582 4269 869 4322 terreberis
908 4269 1093 4323 SHier
1215 4272 1451 4337 tangant
1497 4270 1543 4321 0
1657 4270 1733 4323 <23
1773 4269 2035 4338 ciuitatis]
2075 4269 2342 4323 trinitatis
2386 4268 2433 4323 C
2537 4270 2607 4322 24
2645 4285 2772 4339 per-

474 4356 677 4409 tinacia
711 4358 764 4409 P
