3076 4976
684 500 1161 565 Quaestionum
1199 500 1313 557 lib.
1349 501 1462 555 1111
1501 500 1792 568 (Quaest.
1834 501 1907 556 de
1946 502 2289 571 Numer-is).
2484 509 2615 573 349

319 696 637 761 mundus
722 696 1156 762 inmundum
1241 697 1416 774 erit3
1502 702 1576 763 et
1660 698 1903 763 anima
1986 718 2173 782 quae
2258 700 2615 784 tetigerit

319 802 674 868 inmunda
750 803 896 867 erit
969 823 1209 887 usque
1285 805 1374 870 ad
1438 824 1851 889 uesperam.
1935 806 2063 870 iam
2131 806 2255 870 dixi
2322 807 2615 890 superius

322 909 473 992 quid
524 910 680 973 mihi
730 910 1086 994 significare
1134 911 1429 976 uideatur
1483 931 1758 994 ,usque
1806 912 1892 977 ad
1939 920 2400 994 uesperam⁴·.

412 1017 738 1082 XXXIIII.
817 1015 1073 1082 Omnis
1140 1018 1263 1100 qui
1330 1019 1687 1103 tetigerit
1752 1037 1976 1103 super
2039 1018 2308 1083 faciem
2378 1019 2615 1101 campi

226 1146 255 1185 ⁵
323 1125 812 1189 uulneratum
872 1127 1000 1188 aut
1055 1128 1426 1189 mortuum
1488 1128 1617 1189 aut
1674 1144 1753 1190 os
1810 1125 2137 1191 hominis
2197 1129 2325 1190 aut
2370 1144 2616 1190 monu-

319 1233 672 1296 mentum.
751 1229 965 1312 quaeri
1014 1232 1230 1312 potest
1278 1231 1432 1312 quid
1479 1230 1722 1295 dictum
1772 1231 1858 1296 sit
1913 1232 2435 1306 „uulneratum
2493 1236 2617 1297 aut

318 1341 759 1402 mortuum“.
838 1336 891 1400 si
942 1337 1108 1401 enim
1156 1336 1331 1402 aliud
1378 1338 1588 1402 uoluit
1634 1338 1923 1422 intellegi
1971 1338 2398 1417 uulneratum,
2446 1339 2620 1403 aliud

316 1448 662 1521 mortuum,
733 1444 1086 1508 cauendum
1153 1447 1270 1521 est,
1339 1463 1414 1509 ne
1480 1447 1743 1528 putetur
1808 1445 2152 1509 inmundus
2219 1464 2359 1509 esse
2426 1445 2617 1509 etiam

318 1551 426 1632 qui
482 1550 771 1635 tetigerit
824 1551 1229 1614 uulneratum
1288 1551 1537 1629 uiuum,
1589 1551 1757 1633 quod
1812 1551 2035 1633 utique
2093 1551 2439 1616 absurdum
2497 1554 2615 1615 est.

226 1680 279 1720 ιο
317 1656 430 1721 sed
495 1658 645 1739 quia
709 1660 982 1740 possunt
1048 1661 1112 1721 et
1174 1657 1412 1722 mortui
1479 1676 1621 1722 esse
1686 1658 2023 1735 uulnerati,
2089 1658 2266 1741 ipsos
2331 1660 2618 1722 mortuos

315 1762 717 1848 intellegitur
762 1764 1167 1841 discreuisse‚
1218 1768 1292 1828 ut
1339 1767 1404 1828 et
1448 1763 1857 1829 unlneratum
1913 1767 2237 1829 mortuum
2292 1764 2620 1848 intellega-

317 1890 484 1948 mus,
543 1871 607 1934 id
664 1874 762 1935 est
818 1872 1082 1935 uulnere
1139 1875 1540 1954 peremptum
1597 1874 1710 1936 aut
1763 1876 2086 1936 mortuum
2146 1872 2280 1936 sine
2338 1871 2620 1936 uulnere.

407 1977 664 2041 XXXV.
734 1976 919 2057 Quod
967 1977 1043 2040 de
1090 1979 1270 2058 petra
1325 1995 1488 2058 aqua
1546 1976 1773 2041 educta
1832 1980 1950 2053 est,
2000 1977 2332 2059 apostolus
2378 1976 2619 2040 Paulus

317 2084 471 2165 quid
539 2089 707 2148 esset
776 2083 1086 2167 exposuit,
1155 2083 1265 2146 ubi
1333 2084 1451 2147 ait:
1527 2086 1603 2147 et
1666 2102 1917 2149 omnes
1982 2084 2291 2148 eundem
2356 2086 2617 2166 potum

229 2212 280 2252 15
323 2191 758 2274 spiritalem
815 2191 1189 2255 biberunt.
1284 2189 1648 2254 bibebant
1713 2191 1902 2255 enim
1967 2190 2052 2254 de
2110 2190 2457 2273 spiritali
2516 2210 2618 2254 se·

320 2298 587 2381 quenti
636 2300 876 2381 petra3
923 2302 1139 2380 petra
1185 2300 1434 2362 autem
1484 2300 1645 2360 erat
1693 2295 2069 2362 Christus,
2129 2296 2484 2381 significata
2523 2302 2620 2361 est

319 2423 469 2487 ergo
518 2403 595 2467 ‹le
647 2403 902 2469 Christo
959 2404 1276 2487 profluens
1333 2403 1538 2487 gratia
1596 2403 1923 2487 spiritaliS,
1984 2422 2107 2485 qua
2159 2403 2420 2468 interior
2477 2403 2619 2468 sitis
2736 2462 2738 2464 ,

313 2512 708 2595 inrigaretur.
799 2511 910 2575 sed
979 2511 1147 2594 quod
1211 2511 1392 2594 uirga
1457 2514 1638 2593 petra
1708 2511 2083 2593 percutitur,
2162 2530 2310 2576 crux
2377 2511 2614 2576 Christi

314 2617 638 2702 figuratur.
686 2618 861 2702 ligno
912 2618 1077 2682 enim
1117 2618 1455 2682 accedente
1494 2618 1573 2681 ad
1609 2620 1851 2700 petram
1894 2618 2097 2702 gratia
2132 2618 2261 2682 ista
2296 2619 2609 2692 manauit:

228 2729 380 2789 eoet
439 2726 608 2808 quod
675 2725 772 2789 bis
845 2725 1217 2808 percutitur,
1295 2725 1654 2790 euidentius
1734 2725 2053 2808 significat
2127 2742 2397 2789 crucem.
2486 2724 2610 2788 duo

315 2832 549 2915 quippe
596 2832 769 2916 ligna
819 2835 970 2896 sunt
1017 2850 1187 2896 crux.

403 2938 693 3002 XXXVI.
745 2937 929 3018 Quod
977 2938 1055 3002 de
1103 2958 1265 3019 aqua
1313 2938 1424 3002 illa
1472 2957 1632 3020 quae
1681 2937 1755 3002 de
1802 2941 1977 3019 petra
2025 2937 2319 3020 profluxit
2367 2937 2609 3001 dictum

315 3049 442 3109 est:
529 3044 710 3110 haec
785 3065 976 3127 aqua
1053 3044 1718 3121 contradictionis,
1795 3044 1967 3127 quia
2051 3044 2608 3108 maledixerunt

312 3151 468 3216 filii
528 3151 825 3216 Israhel
888 3155 1058 3216 ante
1128 3152 1537 3230 dominum,
1606 3155 1680 3216 et
1746 3150 2289 3215 sanctificatus
2358 3154 2476 3214 est
2532 3151 2606 3214 in

217 3280 275 3321 25
313 3259 536 3340 ipsiS‚
594 3259 772 3341 prius
830 3259 1317 3336 maledixerunt,
1385 3258 1636 3340 quando
1691 3258 1892 3324 locuti
1950 3260 2100 3322 sunt
2154 3260 2369 3322 contra
2424 3257 2606 3321 bene-

311 3364 522 3429 ficium
575 3365 833 3440 domini,
873 3385 997 3447 quo
1049 3364 1261 3430 educti
1310 3367 1484 3429 erant
1530 3365 1608 3428 de
1646 3365 1968 3448 Aegypt03
2019 3369 2082 3428 et
2119 3367 2340 3446 postea
2379 3363 2608 3428 sancti-

309 3470 538 3534 ficatus
589 3475 686 3534 est
732 3471 795 3534 in
845 3471 1025 3554 ipsis,
1077 3490 1220 3535 cum
1268 3471 1378 3536 illo
1426 3471 1733 3536 miraculo
1789 3470 2157 3552 profluentis
2215 3489 2412 3552 aquae
2469 3469 2604 3533 eius

312 3577 619 3641 sanctitas
670 3577 989 3642 declarata
1028 3580 1146 3642 est.
1197 3597 1270 3642 an
1322 3579 1482 3642 forte
1533 3578 1656 3642 duo
1707 3597 1933 3661 genera
1978 3577 2304 3641 hominum
2354 3575 2605 3640 demon-

311 3683 562 3759 strauit,
633 3687 694 3748 et
761 3684 1327 3749 contradicentium
1396 3685 1634 3768 gratiae
1693 3684 1928 3750 Christi
1996 3687 2060 3747 et
2123 3683 2603 3767 percipientium

211 3816 271 3857 30
313 3789 579 3873 gratiam
629 3791 886 3866 Christi,
936 3795 1009 3855 ut
1055 3791 1183 3855 illis
1233 3790 1321 3854 sit
1367 3810 1528 3873 aqua
1578 3790 2115 3860 contradictionis,
2172 3790 2317 3854 istis
2373 3790 2604 3854 sancti-

485 4035 519 4086 4
557 4033 716 4089 Num.
761 4036 843 4096 19.
885 4036 950 4089 16
1047 4035 1113 4089 13
1152 4035 1218 4089 cf.
1257 4034 1417 4090 Num.
1459 4037 1545 4097 20,
1590 4036 1651 4089 11
1751 4037 1814 4088 14
1853 4036 1878 4088 I
1919 4034 2038 4088 Cor.
2081 4033 2162 4096 10,
2200 4035 2236 4087 4
2331 4033 2399 4087 23
2438 4031 2599 4086 Num.

305 4120 393 4184 20,
437 4122 502 4176 13

377 4247 410 4297 5
449 4245 547 4299 hos
584 4246 648 4300 N
716 4247 749 4298 8
785 4247 1100 4301 inmundum
1147 4249 1198 4301 T
1279 4249 1344 4302 13
1384 4265 1524 4318 aqua
1564 4247 1779 4317 educta]
1823 4265 1958 4318 quae
1999 4246 2158 4300 ducta
2196 4246 2258 4300 N
2339 4248 2405 4300 15
2436 4244 2598 4314 enim]

303 4337 487 4387 autem
524 4335 691 4389 PVT
809 4337 1160 4406 consequenti
1199 4354 1290 4390 eos
1329 4337 1376 4390 S
1485 4337 1695 4419 lgista
1732 4353 1836 4391 om.
1873 4335 2162 4390 PSJ'de
2278 4333 2522 4388 manabit
2557 4333 2603 4387 C

301 4423 374 4476 22
413 4426 571 4493 quae]
613 4424 756 4495 quod
791 4423 900 4479 CN
967 4427 1036 4479 25
1073 4426 1262 4494 locuti]
1303 4426 1426 4479 locu
1465 4443 1564 4480 cua
1597 4425 1644 4480 C
1711 4426 1781 4480 26
1820 4442 1924 4496 qua
1953 4425 2020 4478 N
2086 4426 2151 4478 27
2192 4423 2519 4495 profluentes
2556 4425 2602 4479 C
