3076 4976
490 485 618 548 488
1202 481 1254 533 S.
1311 479 1588 533 Aureli
1643 478 2073 548 Augustini

490 696 677 758 quam
752 677 973 759 Iephte
1048 681 1271 740 uotum
1348 675 1557 751 uouit,
1626 674 1738 738 illa
1803 677 1901 737 est
1964 674 2234 756 insignis
2311 673 2448 736 eius
2516 671 2783 736 uictoria

490 786 849 859 consecuta,
898 786 1157 866 propter
1204 802 1397 865 quam
1449 781 1920 864 adipiscendam
1971 784 2238 845 uouerat
2286 784 2349 845 et
2396 799 2521 861 qua
2558 779 2780 862 adepta

490 890 660 972 quod
724 893 990 955 uouerat
1057 889 1272 952 soluit.
1339 908 1559 952 rursus
1627 888 1794 952 enim
1861 887 2382 952 considerandum
2449 890 2567 962 est,
2635 887 2780 967 quia

494 995 770 1072 Gedeon,
822 995 942 1060 etsi
990 1014 1109 1058 non
1160 998 1584 1078 posteaquam
1632 994 1785 1058 fecit
1832 994 2062 1076 ephud,
2110 998 2317 1058 tamen
2365 997 2775 1076 posteaquam

490 1103 766 1166 tentauit
822 1101 1168 1180 dominum,
1219 1102 1388 1183 quod
1446 1101 1670 1183 utique
1727 1103 2060 1183 peccatum
2110 1105 2225 1175 est,
2283 1119 2513 1183 magna
2570 1103 2778 1182 strage
2828 1121 2854 1160 ⁵

492 1208 783 1273 hostibus
853 1209 1054 1272 caesis
1122 1211 1311 1290 atque
1380 1208 1696 1290 superatis
1761 1208 1995 1289 populo
2063 1207 2413 1288 adquisiuit
2478 1207 2778 1277 salutem:

492 1315 585 1379 sic
643 1314 809 1378 enim
868 1314 1174 1396 scriptum
1233 1316 1357 1377 est:
1417 1316 1493 1377 et
1552 1312 1764 1376 dixit
1822 1311 2139 1378 Gedeon
2198 1312 2290 1376 ad
2347 1312 2780 1375 dominum:

494 1442 641 1487 non
719 1422 1139 1486 irascatur
1218 1420 1688 1502 indignatio
1765 1424 1900 1484 tua
1977 1420 2051 1483 in
2126 1440 2267 1494 me;
2346 1422 2423 1482 et
2494 1419 2784 1499 loquar

494 1529 753 1593 adhuc
820 1529 1067 1592 semel
1134 1531 1210 1591 et
1266 1528 1601 1591 tentabo
1674 1527 1929 1591 adhuc
1998 1526 2246 1590 semel
2302 1526 2376 1589 in
2446 1515 2811 1588 uellere.⁴

492 1636 646 1699 iram
697 1634 928 1717 quippe
977 1634 1075 1697 dei
1123 1634 1466 1710 metuebat,
1519 1634 1666 1715 quia
1713 1637 1976 1698 nouerat
2023 1644 2088 1697 se
2145 1632 2444 1697 tentando
2503 1649 2780 1714 peccare,
2819 1659 2865 1697 10

495 1742 661 1825 quod
712 1742 867 1804 deus
923 1741 987 1804 in
1034 1741 1176 1824 lege
1241 1758 1357 1804 sua
1422 1740 1942 1804 manifestissime
2010 1740 2318 1823 prohibet.
2387 1739 2507 1802 hoc
2572 1741 2780 1802 tamen

492 1851 827 1931 peccatum
875 1847 1013 1911 eius
1063 1849 1126 1911 et
1172 1847 1480 1911 mirabilis
1530 1847 1699 1930 signi
1748 1847 2066 1911 euidentia
2115 1850 2179 1911 et
2217 1866 2443 1930 magna
2479 1845 2785 1909 uictoriae

493 1955 876 2037 prosperitas
952 1954 1471 2036 liberationisque
1548 1953 1766 2036 populi
1837 1957 2177 2018 consecuta
2244 1955 2361 2017 est.
2430 1953 2553 2016 iam
2622 1951 2784 2016 enim

497 2061 651 2125 deus
703 2064 1014 2125 statuerat
1060 2060 1312 2124 adflicto
1373 2059 1610 2142 populo
1681 2060 2017 2124 subuenire
2084 2064 2273 2142 atque
2330 2059 2522 2122 huius
2584 2059 2783 2134 duciS,

497 2187 682 2249 quem
740 2167 817 2231 ad
872 2167 994 2257 hoc
1042 2186 1200 2248 opus
1258 2166 1721 2249 adsumpserat,
1780 2167 2079 2230 utebatur
2134 2166 2339 2229 animo
2397 2185 2517 2228 non
2576 2166 2781 2228 solnm
2821 2191 2867 2230 ιε.

496 2274 667 2338 fideli
717 2276 777 2338 et
823 2274 927 2355 pio
986 2293 1210 2338 uerum
1269 2274 1457 2338 etiam
1519 2273 1974 2336 subdeficiente
2025 2276 2088 2335 et
2134 2272 2540 2352 delinquente
2599 2274 2663 2334 et
2711 2270 2784 2334 ad

494 2380 993 2463 praenuntianda
1038 2399 1197 2462 quae
1247 2380 1503 2444 uolebat
1552 2382 1615 2443 et
1662 2379 2037 2461 complenda
2084 2398 2242 2460 quae
2292 2379 2549 2442 dixerat.

584 2487 724 2551 Non
776 2487 943 2551 enim
989 2507 1101 2570 per
1146 2487 1306 2551 istos
1353 2491 1625 2564 tantum,
1677 2485 1782 2568 qui
1824 2486 2012 2549 etiam
2054 2485 2108 2549 si
2143 2488 2584 2567 peccauerunt,
2624 2484 2787 2548 inter

498 2596 707 2659 iustos
774 2596 984 2658 tamen
1050 2597 1399 2668 narrantur,
1450 2593 1561 2656 sed
1630 2593 1818 2656 etiam
1866 2612 1978 2673 per
2041 2593 2250 2673 ipsum
2303 2592 2554 2656 Saulem
2617 2592 2785 2655 omni

500 2701 687 2763 modo
735 2700 1138 2781 reprobatum
1187 2700 1389 2762 multa
1438 2698 1593 2761 deus
1641 2698 1875 2780 populo
1926 2717 2041 2761 suo
2101 2698 2437 2779 praestitit,
2486 2697 2546 2760 in
2600 2717 2784 2780 quem
2822 2726 2871 2764 20

500 2806 772 2869 insiliuit
846 2806 1033 2868 etiam
1110 2805 1373 2887 spiritus
1442 2804 1540 2867 dei
1600 2807 1663 2867 et
1717 2804 2144 2887 prophetauit.
2223 2825 2339 2869 non
2407 2824 2550 2868 cum
2621 2805 2787 2868 iuste

499 2915 733 2995 ageret.
814 2911 925 2974 sed
1000 2929 1144 2974 cum
1193 2911 1254 2973 in
1332 2910 1544 2974 uirum
1621 2914 1910 2974 sanctum
1986 2909 2194 2973 Dauid
2260 2910 2788 2991 innocentemque

501 3018 795 3082 saeuiret.
847 3016 979 3099 agit
1027 3016 1191 3079 enim
1244 3015 1508 3096 spiritus
1558 3016 1794 3080 domini
1837 3020 1900 3080 et
1937 3036 2046 3098 per
2084 3017 2283 3080 bonos
2324 3018 2389 3079 et
2425 3034 2535 3098 per
2585 3017 2788 3079 malos

502 3127 566 3187 et
613 3143 723 3206 per
790 3122 1061 3186 scientes
1115 3125 1178 3184 et
1241 3140 1353 3203 per
1415 3121 1792 3196 nescienteS,
1865 3121 2033 3203 quod
2100 3120 2416 3204 agendum
2479 3121 2667 3184 nouit
2729 3123 2793 3182 et

501 3229 755 3294 statuit:
783 3228 889 3310 qui
921 3228 1110 3291 etiam
1149 3247 1262 3311 per
1291 3227 1590 3308 Caiphan,
1626 3229 1998 3291 acerrimum
2029 3228 2268 3291 domini
2298 3230 2787 3309 persecutorem,
2826 3260 2878 3299 25

501 3337 882 3401 nescientem
955 3334 1105 3415 quid
1165 3334 1389 3398 dixerit
1443 3334 1759 3417 insignem
1822 3334 2089 3415 protulit
2145 3334 2561 3416 prophetiam,
2624 3332 2790 3415 quod

503 3444 823 3525 oporteret
852 3441 1174 3506 Christum
1210 3441 1366 3504 mori
1407 3460 1517 3523 pro
1562 3445 1767 3525 gente.
1806 3441 1949 3522 quis
1989 3440 2155 3504 euim
2196 3440 2328 3523 egit
2364 3439 2487 3503 nisi
2527 3440 2790 3520 spiritus

504 3549 741 3613 domini
790 3567 1014 3612 curans
1063 3547 1502 3629 praenuntiare
1552 3551 1838 3621 uentura,
1889 3551 1962 3609 ut
2004 3546 2198 3610 iudici
2251 3545 2508 3610 cheon
2548 3549 2793 3609 tentare

504 3655 741 3719 uolenti
791 3654 1112 3718 dominum
1164 3659 1227 3716 et
1276 3674 1392 3719 non
1454 3653 1733 3717 credenti
1782 3653 1949 3734 quod
2000 3653 2054 3715 ei
2105 3653 2314 3716 fuerat
2368 3671 2481 3734 per
2534 3671 2790 3715 manum

689 3889 711 3941 1
757 3887 822 3941 cf.
861 3888 979 3943 Iud.
1022 3889 1104 3953 ll,
1143 3890 1228 3942 33.
1269 3890 1338 3942 34
1450 3890 1479 3941 7
1516 3888 1637 3941 Iud.
1679 3889 1727 3945 6.
1769 3888 1834 3939 39
1961 3888 2024 3940 10
2064 3887 2130 3940 cf.
2170 3887 2331 3939 Dent.
2372 3890 2421 3947 6,
2466 3887 2555 3948 16,
2596 3885 2788 3939 Matth.

503 3980 556 4041 4,
597 3979 654 4041 7;
695 3979 822 4031 Luc.
861 3979 912 4035 4,
960 3979 1022 4030 12
1164 3979 1226 4030 19
1267 3977 1332 4030 cf.
1371 3977 1399 4030 1
1437 3977 1571 4045 Reg.
1617 3978 1697 4041 la,
1739 3977 1950 4030 20—‘23
2088 3978 2155 4029 25
2196 3976 2262 4030 cf.
2300 3975 2416 4028 1011.
2459 3976 2542 4037 11,
2582 3975 2784 4029 49——51

579 4137 610 4189 3
648 4145 801 4188 rursu
840 4135 888 4187 T
993 4137 1024 4188 5
1067 4136 1169 4203 est]
1212 4135 1316 4187 fuit
1353 4148 1393 4189 s.
1430 4135 1464 4190 l.
1496 4152 1564 4188 m.
1596 4139 1634 4188 2
1675 4134 1724 4187 V
1830 4136 1860 4186 9
1891 4141 2021 4202 post
2059 4134 2255 4186 uellere
2296 4133 2492 4202 ἱερέων
2530 4136 2586 4185 et
2619 4137 2797 4186 cetera

505 4226 567 4278 in
605 4225 678 4277 bd
800 4226 862 4276 10
903 4241 1008 4292 qua
1044 4223 1256 4277 PSVT
1395 4224 1657 4276 tentando
1697 4240 1752 4276 se
1793 4223 1867 4275 bd
1986 4224 2050 4275 12
2097 4222 2326 4274 uictoria
2364 4222 2427 4273 N
2536 4222 2601 4274 17
2641 4236 2791 4290 prae·

509 4314 794 4366 nuntiante
835 4311 899 4366 8ι
1001 4314 1068 4365 25
1110 4312 1284 4365 caifan
1320 4310 1479 4365 PSV
1514 4312 1756 4381 caipham
1791 4311 1926 4363 ΝΜΖ
2022 4311 2091 4364 26
2131 4309 2222 4379 qui
2249 4326 2342 4377 pr.
2374 4309 2435 4361 N
2530 4311 2598 4362 27
2639 4325 2792 4379 opor·

506 4403 675 4454 tuerit
713 4401 759 4454 S
902 4402 1018 4469 agit
1054 4401 1109 4453 P
1214 4401 1282 4452 28
1324 4407 1513 4453 curant
1549 4400 1614 4452 N
