3076 4976
413 518 503 583 VI
1354 517 1789 573 Praefatio.

413 713 692 795 exceptis
724 732 1020 797 graecum
1051 714 1367 794 exemplar
1398 731 1432 776 e
1455 714 1781 779 codicibus
1803 735 1840 778 a
1855 715 2325 784 Tischendorfio
2348 720 2651 805 (-Nestle)
2669 722 2715 808 ¹)

415 819 717 884 adhibitis
764 821 1106 885 restaurari
1153 822 1398 903 potest3
1448 840 1563 885 nec
1611 840 1735 885 non
1784 826 1847 885 et
1892 823 2133 887 Psalmi
2182 843 2326 889 cum
2375 828 2717 893 eorundem

417 926 702 991 uirorum
747 929 926 992 textu
972 927 1036 990 in
1082 926 1453 991 uniuersum
1501 927 1906 1004 conueniunt,
1944 930 2068 994 nisi
2109 931 2275 1012 quod
2313 933 2715 1019 Augustinus

412 1033 475 1096 in
545 1033 817 1119 singulis
891 1033 1190 1098 uersibus
1264 1033 1721 1118 coniungendis
1794 1036 1897 1099 hic
1960 1036 2095 1101 iUic
2161 1058 2196 1101 a
2260 1039 2717 1107 Tischendorfii

412 1139 655 1204 ratione
713 1139 1060 1222 discrepat;
1117 1139 1180 1204 in
1227 1140 1367 1205 Iobi
1420 1139 1583 1205 libro
1630 1139 2033 1224 Augustinus
2091 1144 2263 1225 quod
2316 1145 2380 1208 in
2437 1148 2713 1212 secundo

415 1246 608 1310 huius
636 1247 834 1330 partis
869 1247 1178 1329 opusculo
1221 1247 1589 1313 ostendetur
1613 1247 1985 1331 Hieronymi
2023 1250 2227 1332 priore
2256 1251 2395 1315 Iobi
2425 1254 2715 1319 uersione

415 1372 573 1417 usus
638 1357 767 1430 est;
834 1353 898 1417 in
962 1354 1186 1419 ceteris
1248 1353 1484 1418 ueteris
1546 1354 1915 1418 testamenti
1974 1356 2260 1437 partibus
2323 1378 2359 1421 a
2419 1358 2716 1424 Tischen-

415 1459 596 1524 dorfii
643 1462 926 1543 exemplo
973 1458 1319 1545 Augustini
1356 1460 1557 1525 biblia
1591 1461 1738 1543 plus
1778 1461 2073 1526 minusue
2124 1463 2439 1530 differunt.
2488 1466 2713 1531 harum

414 1586 625 1631 rerum
703 1587 863 1649 quae
931 1568 1018 1632 sit
1080 1568 1239 1633 ratio
1301 1568 1366 1633 in
1425 1568 1579 1632 noui
1637 1569 2006 1632 testamenti
2068 1570 2383 1653 scriptura
2446 1573 2523 1636 ab
2591 1574 2714 1638 alio

416 1673 656 1739 editore
704 1693 820 1739 suo
870 1677 1151 1757 tempore
1200 1675 1654 1759 explanabitur.

505 1800 576 1863 In
644 1798 930 1864 eiusdem
990 1799 1189 1882 partis
1248 1798 1633 1882 praefatione
1695 1800 1820 1864 dixi
1881 1800 2335 1884 scripturarum
2397 1822 2716 1869 sacrarum

420 1906 618 1970 uerba
663 1905 789 1970 nisi
836 1905 915 1969 ad
962 1906 1232 1970 formam
1291 1924 1660 1990 graecorum
1709 1905 2002 1970 codicum
2053 1911 2116 1972 et
2160 1927 2226 1972 re
2275 1911 2339 1972 et
2385 1910 2716 1974 uocabulis

417 2014 725 2094 quantum
789 2031 901 2094 per
962 2013 1163 2077 testes
1228 2012 1451 2076 liceret
1515 2012 1953 2076 concinentem
2017 2018 2464 2079 reuocarentur
2527 2019 2715 2097 atque

418 2119 958 2184 constituerentur
1014 2120 1092 2184 ad
1152 2120 1461 2203 genuinas
1516 2119 2050 2201 interpretationis
2097 2120 2362 2204 1ta1ae2)
2409 2123 2714 2187 lectiones

416 2226 728 2308 perueniri
786 2245 906 2292 non
965 2246 1175 2308 posse.
1263 2246 1401 2291 eam
1459 2227 1627 2291 enim
1681 2228 1855 2291 uiam
1899 2228 2303 2312 Augustinus
2358 2230 2495 2313 ipse
2545 2234 2608 2294 et
2652 2231 2714 2294 in

418 2351 490 2397 eo
537 2333 699 2397 libro
749 2334 858 2416 qui
899 2333 974 2397 de
1015 2334 1316 2398 Doctrina
1363 2334 1708 2398 christiana
1753 2333 2124 2398 inscribitur
2160 2338 2223 2397 et
2260 2336 2322 2397 in
2365 2336 2506 2400 aliis
2545 2356 2718 2401 mon-

422 2440 672 2508 strauit.
759 2440 879 2506 hoc
936 2441 1056 2505 iter
1112 2460 1184 2506 eo
1246 2440 1454 2525 magis
1514 2440 1996 2525 ingrediendum
2058 2440 2178 2506 erit
2238 2441 2407 2523 quod
2468 2443 2717 2508 codices

421 2566 694 2629 quorum
750 2548 873 2612 fide
929 2549 1234 2612 memoria
1290 2548 1518 2613 nititur
1572 2548 1664 2613 ita
1719 2549 2114 2630 comparatos
2172 2567 2311 2612 esse
2359 2552 2434 2611 ut
2478 2549 2602 2614 nisi
2651 2569 2724 2613 ea

419 2654 661 2719 ratione
725 2655 1003 2720 auctoris
1066 2656 1259 2719 uerba
1319 2655 1514 2737 probe
1574 2655 1790 2738 reponi
1847 2674 1970 2720 non
2044 2656 2295 2737 possint
2349 2655 2563 2739 negari
2618 2674 2721 2720 ne-

418 2762 577 2843 quit.
686 2761 855 2844 quod
933 2764 1007 2825 ut
1084 2781 1209 2827 non
1276 2761 1584 2826 affirmem
1654 2761 1766 2826 sed
1830 2762 2088 2843 probem
2155 2782 2359 2845 pauca
2441 2763 2723 2845 exempla

419 2867 699 2931 afferam.
757 2868 821 2932 in
881 2868 1248 2950 quaestione
1306 2868 1380 2932 de
1427 2867 1640 2932 Exodo
1692 2867 2016 2933 CXXXIII
2072 2869 2420 2934 secundum
2468 2869 2718 2934 codices

434 2971 589 3036 V²T
623 2973 687 3037 in
746 2973 827 3038 bd
878 2975 1145 3059 legitur:
1193 2975 1665 3055 purificationis
1711 2974 2087 3040 delictorum.
2163 2975 2600 3056 depropitiabit
2644 2975 2720 3038 ab

418 3099 487 3142 eo
527 3080 692 3164 quod
728 3085 823 3144 est
857 3081 1317 3162 depropitiatio,
1369 3080 1535 3162 quod
1582 3081 1870 3162 ineptum
1922 3101 2061 3146 esse
2109 3101 2291 3146 nemo
2341 3102 2463 3146 non
2509 3082 2718 3158 uidet;

424 3205 647 3270 gracco
680 3187 1017 3270 exemplari
1046 3187 1110 3250 in
1142 3187 1498 3252 subsidium
1532 3186 1814 3251 adhibito
1854 3183 2192 3270 „duaprzfflv
2219 3195 2323 3248 τοῦ
2354 3185 2712 3269 ἐξιλασμοὺ“

425 3294 758 3359 exhibente
797 3295 989 3358 uerba
1028 3294 1241 3376 qualia
1277 3314 1422 3379 pag.
1458 3296 1607 3373 176,
1639 3295 1744 3357 25.
1779 3296 1861 3358 26
1891 3292 2146 3358 restitui
2176 3292 2464 3376 expedite
2492 3292 2719 3356 fluunt.

499 3538 538 3605 ¹)
576 3538 747 3594 Vetus
794 3542 1181 3592 testamentum
1228 3556 1419 3609 graece
1466 3539 1616 3592 iuxta
1651 3538 1796 3591 Lxx
1833 3539 2155 3607 interpretes
2194 3537 2301 3606 (ed.
2342 3536 2718 3590 Tischendorf-

421 3627 613 3681 Nestle
655 3629 812 3693 1887)
863 3645 960 3697 pro
1009 3628 1360 3682 fundamento
1415 3628 1833 3698 comparationis
1872 3627 2033 3681 certis
2074 3626 2138 3679 dc
2189 3627 2363 3679 causis
2403 3627 2574 3695 posui,
2617 3627 2720 3679 etsi

423 3732 563 3784 quae
608 3716 665 3769 in
712 3717 816 3770 hoc
862 3734 1058 3786 genere
1106 3717 1409 3772 litterarum
1458 3721 1514 3771 et
1562 3733 1872 3786 graecarum
1919 3719 1976 3769 et
2020 3715 2309 3768 latinarum
2348 3714 2549 3784 publici
2587 3715 2719 3770 iuris

424 3806 565 3858 fiunt
602 3822 687 3859 mc
724 3822 833 3858 non
870 3806 1063 3858 latent.

498 3910 538 3978 2)
581 3911 736 3976 Quod
761 3911 822 3965 P.
852 3910 1082 3982 L<cjay>
1108 3912 1163 3965 in
1190 3930 1242 3966 n.
1271 3915 1341 3968 45
1369 3914 1551 3968 Revue
1583 3911 1824 3980 Critique
1853 3912 2066 3965 ueteres
2097 3910 2371 3963 uersiones
2400 3913 2456 3962 et
2484 3909 2720 3962 codicem

421 3999 841 4069 Lugdunensem
886 4017 971 4054 me
1018 4001 1270 4068 ignorare
1316 4002 1491 4055 uideri
1538 4002 1741 4060 scribit.
1783 4001 1993 4054 fallitur
2037 3999 2198 4052 homo
2249 3998 2617 4060 doctissimus'3
2659 4015 2720 4051 ac

422 4091 641 4157 poterat
667 4089 807 4142 hanc
836 4089 1197 4159 suspicionem
1225 4108 1330 4144 non
1361 4092 1538 4144 minus
1569 4091 1760 4144 salsam
1792 4106 1948 4159 quam
1976 4088 2195 4141 homine
2221 4087 2420 4154 igenuo
2443 4085 2722 4154 indignam

424 4177 471 4230 si
514 4194 649 4246 quae
709 4177 774 4230 de
832 4178 909 4230 eis
967 4177 1126 4231 rebus
1174 4179 1362 4248 scripsi
1408 4178 1731 4248 inspexisset
1779 4178 1938 4231 facile
1988 4177 2209 4229 euitare.
2278 4190 2451 4242 neque
2501 4179 2585 4227 est
2632 4191 2724 4226 cur

422 4267 486 4320 P.
527 4269 586 4321 L.
634 4270 819 4320 tantos
869 4268 1092 4336 spiritus
1141 4272 1344 4332 sumat;
1399 4285 1461 4321 ca
1510 4267 1651 4320 enim
1699 4283 1836 4334 quae
1885 4265 1959 4318 ibi
2008 4263 2198 4318 scribit
2241 4264 2482 4331 mihique
2530 4261 2724 4314 suadet

424 4356 785 4409 certissimum
826 4355 1207 4410 documentum
1254 4361 1382 4410 sunt
1428 4374 1548 4410 eum
1594 4372 1769 4425 neque
1817 4354 2054 4409 codicem
2092 4352 2510 4422 Lugdunensem
2545 4367 2722 4419 neque

424 4444 592 4498 ullam
638 4444 943 4499 uersionem
990 4449 1228 4499 ueterem
1278 4463 1394 4499 cum
1447 4445 1740 4515 Augustini
1779 4443 1967 4498 bibliis
2007 4445 2258 4496 accurate
2312 4440 2721 4510 comparauisse.
