3076 4976
483 506 614 569 468
1189 501 1242 554 S.
1299 500 1575 553 Aureli
1631 500 2098 569 Augustini.

481 698 561 762 ad
621 697 897 763 Gedeon.
966 697 1108 778 quis
1167 697 1333 760 enim
1392 715 1538 760 eum
1596 695 1793 771 misit,
1843 696 1964 760 nisi
2011 696 2115 778 qui
2166 697 2242 760 ad
2291 716 2432 760 eum
2475 698 2772 782 angelum

481 805 704 869 misit?
755 803 1043 868 Debbora
1080 822 1229 867 uero
1269 822 1389 866 non
1429 802 1519 866 ait
1558 802 1636 866 ad
1672 802 1903 866 Barac:
1952 821 2193 877 „nonne
2235 802 2527 867 mandaui
2566 804 2771 869 tibiss?

478 912 594 975 sed
626 911 744 974 ait:
797 929 1048 974 nonne
1095 909 1515 972 mandauit
1564 908 1935 972 dominus
1976 907 2172 971 deus
2211 908 2534 972 Israhel
2571 909 2772 977 tibi?

480 1018 583 1082 hic
624 1020 835 1081 autem
876 1036 996 1080 non
1037 1016 1274 1079 dictum
1318 1019 1443 1079 est:
1493 1033 1697 1079 nonne
1738 1033 1882 1079 ecce
1921 1014 2101 1079 misit
2136 1018 2200 1078 te
2240 1014 2574 1079 dominus?
2624 1016 2768 1080 sed:

480 1144 733 1190 nonne
799 1142 982 1188 ecoe
1044 1122 1229 1186 misi
1291 1126 1414 1186 te?
2827 1148 2849 1187 5

568 1230 896 1295 XXXIllI.
947 1230 1072 1292 Vbi
1121 1228 1463 1311 respondet
1511 1227 1767 1293 Gedeon
1818 1227 1895 1291 ad
1943 1229 2276 1312 angelum:
2332 1228 2407 1291 in
2466 1248 2601 1303 me,
2651 1229 2770 1292 do-

477 1338 687 1402 mine
735 1337 981 1400 ——hoc
1021 1339 1152 1399 est:
1193 1336 1254 1398 in
1294 1354 1395 1398 me
1427 1334 1683 1399 intende
1721 1335 1932 1398 —in
1983 1354 2134 1417 quo
2183 1335 2522 1398 saluabo
2573 1336 2770 1399 Isra-

476 1446 653 1509 hel?
703 1462 886 1507 ecce
935 1443 1163 1507 mille
1212 1442 1364 1506 mei
1412 1442 1901 1506 humiliores
1950 1443 2026 1505 in
2064 1442 2484 1505 Manasse?
2524 1442 2770 1507 intelle·

480 1552 652 1635 gitur
687 1549 1088 1633 praepositus
1126 1549 1323 1612 fuisse
1362 1547 1535 1612 mille
1575 1547 1927 1625 hominum,
1964 1567 2120 1629 quos
2159 1568 2382 1632 graece
2409 1549 2769 1634 χιλιάρχους

476 1658 756 1740 appellat
802 1656 1135 1738 scriptura.
1187 1675 1259 1719 an
1314 1656 1465 1737 quid
1515 1655 1734 1719 aliud?
2802 1683 2846 1720 ιο

566 1764 823 1827 XXXV.
871 1761 1521 1829 Animaduertendum
1573 1769 1672 1825 est
1717 1762 1886 1843 quod
1927 1761 2180 1826 Gedeon
2219 1783 2340 1828 non
2380 1763 2471 1825 ait
2507 1762 2766 1845 angelo:

478 1871 733 1934 offeram
806 1870 925 1933 tibi
1002 1868 1400 1945 sacrificium,
1468 1868 1579 1931 sed
1646 1869 1762 1933 ait:
1841 1870 2176 1933 offeram
2251 1868 2764 1933 sacrificium

477 1996 728 2040 meum
777 1980 855 2039 et
899 1995 1178 2058 ponam
1227 1974 1302 2038 in
1352 1979 1797 2055 conspectu
1847 1978 2004 2040 tuo.
2056 1975 2221 2040 unde
2266 1975 2764 2059 intellegendum

478 2087 578 2147 est
624 2102 743 2147 non
795 2102 941 2146 eum
988 2082 1234 2165 ange10‚
1286 2081 1396 2145 sed
1444 2100 1557 2162 per
1603 2082 1902 2164 angelum
1951 2081 2331 2146 sacrificium
2380 2084 2599 2147 offerre
2657 2101 2764 2146 uo-

474 2190 693 2253 luisse.
770 2188 936 2270 quod
997 2192 1060 2253 et
1116 2188 1254 2271 ipse
1311 2188 1576 2271 angelus
1636 2188 1964 2253 euidenter
2019 2189 2314 2259 ostendit,
2365 2190 2468 2270 qni
2519 2208 2639 2252 non
2688 2188 2762 2252 ab
2801 2215 2844 2253 ιε,

474 2316 544 2360 eo
612 2293 991 2359 sacrificium
1058 2299 1383 2377 tamquam
1451 2294 1575 2358 sibi
1642 2295 1892 2373 sumsit,
1953 2296 2063 2359 sed
2131 2296 2219 2360 ait
2284 2295 2412 2359 illi:
2481 2295 2761 2376 accipe

473 2422 754 2466 carnes
813 2405 888 2465 et
945 2421 1263 2484 azymos
1328 2406 1405 2466 et
1459 2421 1659 2484 pone
1717 2400 1806 2464 ad
1863 2405 2168 2483 petram
2220 2400 2447 2464 illam
2497 2403 2575 2464 et
2635 2400 2761 2463 ius

473 2509 824 2574 effunde.
885 2513 1140 2572 etcum
1189 2510 1307 2574 hoe
1353 2509 1616 2573 fecisset
1665 2507 1943 2584 Gedeon,
1995 2508 2364 2572 extendit
2420 2508 2760 2590 angelus

472 2615 778 2679 domini
828 2634 1214 2679 summum
1264 2616 1551 2698 uirgae
1601 2615 1923 2697 quaein
1972 2634 2199 2677 manu
2251 2614 2425 2678 eius
2467 2617 2542 2677 et
2579 2614 2761 2678 teti-

472 2722 595 2804 git
643 2740 923 2785 carnes
975 2725 1052 2784 et
1099 2738 1446 2802 azymos:
1498 2724 1576 2784 et
1623 2739 2016 2785 accensus
2066 2725 2192 2783 est
2237 2720 2456 2803 ignis
2507 2720 2596 2783 de
2643 2739 2759 2801 pe·
2796 2746 2844 2787 20

471 2831 593 2888 tra
640 2829 718 2890 et
766 2825 1119 2890 comedit
1167 2844 1447 2890 carnes
1499 2830 1577 2890 et
1624 2845 1961 2909 azymos.
2013 2827 2100 2890 ita
2149 2826 2340 2890 etiam
2387 2827 2526 2908 ipse
2574 2846 2757 2910 ange·

469 2932 571 2995 lus
638 2932 700 2995 in
769 2932 1075 2996 sacrificio
1145 2932 1313 3014 quod
1380 2934 1617 2998 obtulit
1675 2933 1931 2997 Gedeon
2000 2932 2279 2998 officium
2341 2933 2760 2997 ministrantis

466 3039 765 3120 ianeuit:
815 3040 1030 3122 ignem
1080 3040 1309 3122 quippe
1358 3040 1546 3105 homo
1596 3041 1886 3104 minister
1928 3044 2004 3103 ut
2048 3039 2237 3104 homo
2286 3041 2418 3104 sine
2458 3041 2758 3105 miraculo

468 3147 870 3222 subiecisset,
922 3165 1106 3228 quem
1156 3146 1532 3210 mirabiliter
1569 3151 1643 3212 ut
1681 3147 1944 3230 angelus
1985 3147 2107 3211 iste
2148 3147 2439 3210 subiecit.
2492 3147 2758 3229 denique

466 3259 618 3317 tunc
678 3253 980 3337 cognouit
1038 3252 1292 3318 Gedeon
1353 3253 1520 3335 quod
1580 3254 1845 3338 angelus
1904 3252 2141 3317 domini
2198 3258 2397 3325 esset:
2447 3273 2592 3317 nam
2642 3254 2757 3318 hoe
2797 3281 2844 3322 2³

468 3359 781 3439 scriptura
838 3357 1138 3422 continuo
1198 3358 1511 3423 subdidit:
1581 3363 1658 3423 et
1725 3359 1942 3423 uidit
1999 3358 2319 3424 Gedeon
2382 3360 2756 3442 quoniam

466 3467 809 3549 angelus
877 3465 1177 3528 domini
1244 3472 1386 3530 est.
1457 3465 1631 3548 prius
1700 3485 1850 3550 ergo
1917 3469 2243 3547 tamquam
2301 3485 2446 3529 cum
2505 3467 2757 3532 homine

463 3572 863 3653 loquebatur,
906 3590 1090 3653 quem
1142 3575 1349 3635 tamen
1398 3571 1720 3636 hominem
1768 3572 1866 3636 dei
1915 3572 2201 3649 credidit,
2251 3577 2326 3636 ut
2373 3591 2579 3637 coram
2621 3576 2757 3659 ipso

643 3764 675 3816 3
713 3760 831 3816 Iud.
869 3763 921 3824 4,
961 3762 995 3815 6
1124 3764 1156 3816 6
1194 3761 1310 3816 Iud.
1352 3763 1401 3822 6,
1444 3764 1508 3816 15
1654 3764 1716 3817 12
1754 3763 1870 3818 Iud.
1911 3765 1960 3827 6,
2004 3763 2070 3817 18
2211 3764 2276 3817 16
2313 3763 2434 3818 Iud.
2470 3766 2522 3824 6.
2562 3764 2650 3818 20.
2690 3766 2751 3818 21

465 3850 533 3903 26
571 3849 689 3904 Iud.
730 3851 781 3910 6,
820 3852 889 3904 22

532 3973 565 4025 2
601 3988 707 4024 non
745 3987 848 4025 om.
887 3970 1064 4025 SVbd
1167 3972 1512 4026 nonne—sed
1551 3990 1651 4027 om.
1691 3974 1976 4028 PSVde
2046 3976 2080 4028 4
2118 3973 2240 4027 misi
2270 3973 2335 4028 δ’
2411 3975 2443 4027 5
2480 3975 2623 4045 misi]
2657 3975 2753 4029 mi·

463 4060 536 4113 sit
573 4058 691 4113 SP¹
802 4062 834 4113 6
872 4075 970 4113 sec.
1012 4060 1127 4114 cod.
1166 4061 1324 4115 Alex.
1436 4063 1468 4114 9
1509 4062 1790 4116 chiliarcos
1829 4062 1991 4117 PSN
1997 4063 2101 4117 VT
2199 4064 2264 4116 12
2301 4078 2401 4116 sec.
2441 4063 2559 4118 eod.
2600 4065 2751 4118 Alex.

467 4151 528 4203 16
568 4148 693 4216 sibi]
737 4148 782 4200 si
821 4148 874 4201 P
985 4149 1048 4202 17
1087 4149 1285 4203 azimos
1323 4150 1481 4204 PSN
1490 4150 1597 4204 VT
1705 4152 1769 4205 19
1810 4168 2071 4205 summam
2110 4151 2165 4203 P
2308 4157 2422 4204 erat
2450 4157 2583 4219 post
2618 4168 2753 4222 quae

461 4238 591 4291 add.
622 4236 831 4289 V²de
901 4237 972 4290 20
1001 4242 1055 4290 et
1076 4244 1205 4305 post
1232 4255 1415 4290 carnes
1436 4254 1536 4292 om..
1558 4238 1675 4292 ΡΗί
1693 4239 1758 4292 1⁷⁸
1870 4236 2090 4310 ἀνήφθη
2122 4245 2218 4308 πῦρ
2240 4239 2353 4293 cod.
2374 4240 2521 4293 Ale-1:
2548 4247 2598 4294 et
2615 4241 2737 4310 Lag]

462 4332 544 4382 est
581 4342 683 4380 om.
722 4324 892 4379 PVT
1042 4328 1101 4379 21
1138 4328 1303 4394 prius
1339 4331 1395 4379 et
1432 4342 1534 4380 om.
1585 4327 1635 4380 T
1783 4329 1851 4382 25
1890 4329 2155 4398 scriptura
2192 4327 2293 4380 hoc
2333 4326 2380 4381 S
2519 4330 2589 4383 26
2627 4309 2750 4383 sub-⁸

462 4421 542 4473 dit
580 4416 625 4470 S
767 4414 836 4482 cf.
877 4415 992 4469 cod.
1034 4416 1192 4469 Alex.
1232 4422 1280 4469 et
1317 4416 1455 4486 Lay,
1568 4417 1636 4469 27
1675 4417 1878 4471 homini
1920 4419 1974 4471 P
2007 4418 2217 4472 homin·
2258 4417 2304 4469 T
