3076 4976
474 492 603 554 204
1178 486 1562 543 8.,ΑιιτεῙί
1619 486 2055 555 Augustini

469 687 622 748 tunc
686 683 1024 767 figurabat,
1091 683 1282 747 aliam
1349 702 1547 747 nunc:
1616 685 1680 746 et
1743 684 1897 746 tunc
1964 701 2180 747 eorum
2247 682 2355 764 qui
2420 683 2760 765 participes

470 791 635 856 fiunt
699 792 957 856 intimae
1023 791 1314 855 ueritatis
1383 790 1502 868 dei,
1571 809 1735 854 nunc
1801 793 2014 855 autem
2071 790 2470 866 Iudaeorum,
2529 790 2761 872 quibus

470 900 674 982 gloria
740 898 996 975 domini,
1066 918 1226 981 quae
1290 898 1351 963 in
1411 898 1822 963 tabernaculo
1880 901 1980 961 est
2034 936 2123 945 —
2178 897 2346 980 quod
2404 909 2503 962 est
2557 897 2763 981 gratia

471 1007 711 1073 Christi
749 1044 830 1054 —-
868 1008 1195 1087 tamquam
1243 1005 1444 1068 nubes
1494 1004 1836 1085 opponitur
1880 1024 2002 1068 non
2044 1023 2180 1067 eam
2218 1002 2757 1087 intellegentibus,

471 1118 535 1178 et
578 1113 719 1179 ideo
778 1132 895 1177 non
953 1113 1148 1175 intrat
1200 1112 1262 1175 in
1320 1112 1800 1176 tabernaculum
1859 1110 2229 1175 testimonii.
2308 1114 2372 1174 et
2434 1110 2556 1175 boc
2630 1129 2758 1175 cre-
2821 1138 2848 1178 ⁵

469 1220 742 1285 dendum
792 1224 892 1284 est
938 1220 1136 1283 semel
1182 1218 1444 1295 factum,
1505 1238 1649 1282 mox
1704 1222 1777 1282 ut
1834 1218 2255 1282 constitutum
2316 1220 2414 1282 est
2468 1218 2757 1282 taberna-

471 1328 706 1403 culum,
758 1325 1240 1410 significationis
1289 1324 1482 1389 huius
1532 1344 1723 1390 causa
1771 1326 1877 1389 uel
1914 1325 2183 1390 alicuius
2223 1325 2508 1389 alteriue.
2557 1344 2759 1405 neque

473 1435 637 1499 enim
705 1453 956 1516 semper
1019 1433 1111 1497 sic
1179 1436 1312 1497 erat
1377 1430 1578 1496 nubes
1647 1452 1838 1514 super
1902 1432 2402 1506 tabernaculum,
2459 1434 2535 1496 ut
2600 1432 2760 1496 illuc

467 1542 724 1625 Moyses
775 1541 1005 1604 intrare
1072 1559 1192 1604 non
1261 1542 1499 1621 posset,
1569 1539 2079 1621 quandoquidem
2137 1558 2254 1603 non
2313 1540 2761 1604 remouebatur

468 1649 688 1725 nubeS,
728 1648 853 1711 nisi
902 1666 1046 1711 cum
1095 1647 1186 1711 eis
1234 1646 1354 1711 hoc
1404 1646 1658 1728 signum
1707 1645 1976 1711 dabatur
2022 1645 2443 1731 disiungendi,
2491 1647 2612 1709 hoc
2659 1650 2759 1711 est
2795 1674 2845 1714 ιο

468 1758 674 1820 castra
720 1754 1019 1818 mouendi
1067 1773 1137 1818 ex
1186 1773 1258 1818 eo
1306 1754 1447 1818 loco
1497 1754 1608 1817 ubi
1657 1756 1850 1831 erant,
1901 1758 1965 1818 et
2010 1753 2348 1817 accedendi
2391 1772 2513 1835 quo
2554 1753 2755 1818 nubes

466 1861 737 1925 ducebat
799 1880 912 1943 per
976 1861 1162 1937 diem,
1229 1861 1481 1924 flamma
1545 1880 1657 1943 per
1720 1863 1991 1925 noctem.
2068 1880 2227 1941 quae
2286 1860 2409 1924 duo
2466 1860 2754 1925 uicissim

465 1967 657 2031 etiam
726 1987 918 2049 super
978 1967 1451 2032 tabernaculum
1521 1965 1879 2045 manebant,
1937 1965 2046 2030 nbi
2105 1970 2310 2031 castra
2362 1968 2753 2048 posuissent,

468 2074 670 2138 nubes
718 2094 831 2157 per
877 2074 1066 2149 diem,
1114 2075 1369 2138 flamma
1415 2093 1525 2155 per
1570 2076 1847 2138 noctem.

831 2273 1140 2342 QVAEST.
1193 2267 1557 2332 CLXXVII.
1605 2267 1929 2349 Expositio
1976 2268 2388 2332 tabernaculi.
2793 2310 2846 2349 15

556 2393 614 2456 1.
667 2391 975 2471 Quoniam
1026 2391 1185 2455 liber
1233 2392 1338 2472 qui
1387 2391 1641 2455 Exodus
1690 2391 1922 2455 dicitur
1958 2391 2021 2455 in
2060 2392 2513 2456 constitutione
2550 2394 2754 2457 taber-

460 2498 670 2562 naculi
700 2499 1044 2563 terminum
1075 2499 1291 2574 sumit,
1334 2498 1409 2563 de
1449 2519 1572 2581 quo
1611 2499 2016 2564 tabernaculo
2058 2499 2247 2563 etiam
2285 2518 2397 2581 per
2433 2500 2755 2582 superiora

463 2603 752 2669 eiusdem
798 2605 944 2668 libri
991 2606 1197 2668 multa
1244 2605 1559 2682 dicuntur,
1601 2625 1759 2689 quae
1808 2606 2041 2670 faciant
2086 2606 2526 2670 difficultatem
2572 2607 2754 2671 intel-

462 2708 733 2791 legendi,
803 2709 973 2773 sicut
1039 2710 1208 2773 solet
1273 2710 1478 2775 omnis
1544 2713 1938 2797 τοπογραφία,
2003 2710 2070 2775 id
2136 2713 2233 2775 est
2300 2711 2425 2776 loci
2481 2711 2749 2775 alicuius

467 2815 810 2898 descriptio
869 2815 934 2879 in
993 2817 1163 2879 omni
1220 2816 1488 2881 historia
1543 2817 1767 2890 facere,
1833 2817 2049 2881 uisum
2116 2821 2215 2882 est
2267 2818 2425 2881 mihi
2482 2818 2558 2882 de
2612 2821 2747 2882 toto
2786 2848 2840 2886 ιο

470 2921 610 3003 ipso
667 2922 1074 2987 tabernaculo
1135 2923 1474 3004 separatim
1532 2923 1760 3001 dicere,
1831 2943 1955 3006 quo
2009 2924 2440 3009 intellegatur,
2499 2925 2554 2988 si
2616 2924 2751 2988 fieri

461 3030 697 3110 potest,
765 3029 951 3109 quale
1014 3029 1175 3093 illud
1243 3031 1308 3093 et
1373 3031 1525 3112 qnid
1590 3030 1781 3094 fuerit
1843 3030 2095 3094 interim
2162 3031 2240 3095 ad
2301 3031 2749 3115 proprietatem

459 3134 834 3200 narrationis
884 3139 1142 3218 excepta
1192 3138 1256 3199 et
1303 3135 1364 3200 in
1414 3137 1588 3200 aliud
1635 3140 1893 3220 tempus
1941 3137 2135 3201 dilata
2188 3138 2461 3223 figurata
2513 3138 2748 3222 signifi-

635 3396 667 3449 8
708 3396 773 3449 cf.
813 3398 905 3453 Ex,
949 3398 1031 3459 13,
1071 3397 1135 3450 21

529 3523 552 3574 1
597 3520 1073 3590 figurabat-tunc
1110 3539 1212 3577 om.
1249 3522 1296 3576 C
1398 3524 1707 3592 nunc—qui
1748 3541 1849 3578 om.
1879 3524 1942 3577 N
2012 3526 2045 3579 5
2082 3525 2290 3577 intrant
2318 3523 2627 3578 PSNVTd
2661 3524 2743 3577 in·

453 3610 621 3663 trauit
661 3611 692 3663 b
824 3610 889 3663 10
927 3610 1097 3663 nubes
1136 3627 1239 3664 om.
1277 3611 1416 3664 P¹V
1557 3612 1876 3682 diiungendi
1919 3612 2029 3665 CN
2131 3615 2197 3666 14
2234 3613 2438 3681 Incipit
2477 3614 2742 3681 exposicio

452 3698 791 3752 tabernaculi
838 3699 936 3765 fol.
980 3702 1061 3752 86
1103 3701 1150 3754 0
1191 3700 1392 3769 Incipit
1440 3701 1504 3754 de
1543 3701 1894 3755 tabernaculo
1931 3703 2032 3768 fol.
2075 3705 2155 3754 83
2190 3702 2259 3767 P,
2288 3719 2349 3770 p.
2391 3705 2510 3754 238
2548 3702 2606 3765 S,
2643 3702 2742 3769 sol.

459 3792 536 3841 77
582 3788 632 3839 V
664 3788 747 3840 De
786 3788 1134 3842 tabernaculo
1161 3790 1260 3856 fol.
1294 3794 1374 3844 87
1407 3790 1457 3843 Τ
1481 3790 1719 3860 Explicit
1748 3792 2093 3861 quaestiones
2133 3790 2318 3845 Exodi.
2358 3791 2560 3861 Incipit
2595 3791 2742 3845 locu-

453 3877 633 3930 tiones
673 3875 739 3929 de
779 3875 974 3930 Genesi
1003 3878 1114 3945 fol.
1157 3881 1232 3930 53
1268 3878 1335 3931 Ν

527 3965 590 4016 15
640 3964 1013 4018 Tabernaculi
1050 3967 1316 4034 expositio
1352 3968 1414 4020 in
1451 3968 1634 4022 codice
1659 3969 1721 4020 N
1755 3970 1958 4022 omissa
1995 3974 2072 4022 est
2157 3971 2221 4022 17
2252 3969 2419 4022 sumit
2452 3969 2741 4022 terminum

452 4052 740 4106 PSVde
848 4054 912 4107 18
953 4053 1206 4108 dicuntur
1242 4072 1378 4125 qnae
1418 4056 1643 4126 faciant]
1685 4057 1940 4111 dicuntur
1978 4058 2185 4111 faciant
2220 4075 2357 4128 qnae
2396 4057 2673 4112 faciebant
2701 4058 2747 4112 S

451 4141 707 4194 dicuntur
741 4140 950 4207 faciunt
988 4160 1126 4211 quae
1164 4143 1441 4197 faciebant
1480 4147 1709 4210 (faciunt
1747 4163 1863 4214 exp.
1894 4165 1961 4199 m.
1991 4147 2047 4212 2)
2078 4147 2132 4200 P
2159 4146 2414 4200 dicuntur
2438 4148 2575 4201 flant
2603 4164 2741 4217 quae

449 4229 728 4283 faciebant
774 4229 826 4282 V
927 4231 1153 4301 faciant]
1195 4232 1470 4287 faciebant
1513 4235 1564 4287 T
1646 4237 1710 4289 19
1750 4235 2052 4305 topografia
2096 4236 2301 4290 CPSV
2332 4238 2661 4307 tropografia
2696 4236 2748 4289 Τ

449 4319 514 4372 21
557 4319 673 4387 ipso
714 4336 813 4372 om.
853 4319 1064 4374 PSVT
1205 4323 1272 4375 22
1313 4322 1378 4375 ad
1417 4339 1519 4376 om.
1560 4323 1635 4376 bd
1795 4326 2127 4393 proprietate
2167 4326 2241 4378 bd
2382 4327 2452 4380 23
2492 4326 2737 4395 excepta]

449 4411 671 4478 expecta
708 4408 825 4463 1²8¹
866 4415 1148 4478 expectata
1187 4410 1373 4465 S²VT
1405 4412 1651 4482 inspecta
1687 4413 1762 4466 bd
