3076 4976
513 423 640 485 546
1216 417 1270 470 S.
1327 417 1600 471 Aureli
1655 416 2095 485 Augustini

511 616 617 679 uel
675 633 865 697 quare
921 616 1208 697 potestas
1267 613 1414 678 data
1462 614 1549 677 sit
1603 613 1791 695 inpiis
1852 614 1913 678 in
1975 612 2264 690 ecclesia,
2323 612 2433 677 uel
2490 629 2682 694 quare
2730 612 2802 675 ab

509 723 700 805 inpiis
766 722 1169 805 euangelium
1239 721 1528 805 agnitum
1598 741 1719 785 non
1788 720 1891 784 sit.
1950 721 2209 784 iustus
2276 723 2524 784 autem
2586 738 2805 801 super

511 829 902 894 inimicum
942 832 1382 912 consurgat:
1423 828 1532 910 qui
1563 827 2001 909 temporaliter
2028 827 2199 891 cadit
2231 826 2802 908 persecutionibus,

510 940 586 1000 ut
630 940 854 1019 postea
897 933 1259 999 infidelibus
1313 935 1698 999 dominetur.
1749 937 1822 997 et
1868 953 2101 1017 purus
2150 934 2498 997 manibus
2558 935 2808 997 sumat

514 1042 932 1107 audaciam:
1009 1041 1145 1123 spei
1219 1041 1581 1117 audaciam,
1651 1045 1724 1106 ut
1789 1041 2163 1105 confiteatur
2230 1039 2554 1105 Christum
2617 1043 2682 1104 et
2741 1040 2801 1103 in
2863 1060 2887 1097 s

511 1149 973 1233 persecutione.
1006 1168 1147 1213 non
1178 1149 1366 1212 enim
1410 1148 1709 1212 inuenit
1745 1148 1815 1212 in
1856 1168 1988 1213 uos
2028 1148 2467 1212 ueritatem:
2509 1147 2802 1211 omnibus

513 1257 679 1320 enim
725 1259 857 1320 tam
914 1255 1169 1320 Iudaeis
1219 1275 1407 1338 qnam
1467 1255 1611 1319 aliis
1667 1256 1870 1338 gratia
1926 1256 2282 1320 necessaria
2337 1259 2454 1318 est.
2515 1259 2588 1319 et
2645 1273 2805 1318 con·

512 1363 782 1427 uulsae
832 1367 1007 1426 sunt
1055 1381 1456 1446 compages
1506 1362 1758 1426 cordis
1808 1363 1980 1426 mei:
2032 1365 2261 1426 utnon
2303 1363 2502 1425 celem
2543 1364 2806 1450 peccata

512 1489 673 1534 mea.
741 1474 1037 1533 noctem
1087 1468 1158 1533 in
1217 1468 1413 1533 diem
1481 1473 1934 1551 posuerunt:
2001 1469 2175 1552 inpii.
2246 1468 2410 1532 unde
2478 1470 2605 1532 est:
2675 1487 2807 1532 uae

514 1577 679 1641 illis
756 1577 882 1657 qui
950 1576 1211 1640 dicunt
1277 1576 1473 1658 quod
1540 1577 1997 1640 bonum'est
2059 1576 2333 1639 malum
2393 1578 2466 1637 et
2532 1577 2805 1638 malum
2845 1597 2892 1632 ιο

512 1684 812 1754 bonum:
865 1684 990 1765 qui
1031 1686 1322 1766 ponunt
1356 1683 1713 1746 tenebras
1752 1684 1997 1746 lucem
2039 1686 2112 1746 et
2148 1683 2392 1746 lucem
2432 1681 2805 1746 tenebras,

515 1790 580 1854 si
647 1790 1109 1866 sustinuero,
1179 1789 1397 1852 inferi
1460 1788 1721 1852 domus
1789 1808 1947 1852 mea
2004 1792 2249 1852 erunt:
2309 1788 2625 1872 pertulero
2687 1808 2806 1865 me,

514 1900 775 1980 peccata
819 1916 962 1960 mea
997 1901 1072 1960 ut
1109 1915 1229 1959 non
1271 1895 1590 1960 confitear.
1641 1895 2039 1959 interitum
2089 1895 2481 1977 appellaui
2517 1897 2809 1976 patrem

514 2024 780 2069 meum:
833 2024 954 2067 non
1004 2023 1105 2067 ero
1155 2002 1325 2066 filius
1374 2003 1575 2072 uitae:
1625 2001 1976 2084 appellauit
2022 2005 2233 2065 autem
2275 2003 2452 2066 deus,
2493 2005 2808 2065 matrem

514 2131 748 2175 meam
814 2113 888 2175 et
955 2128 1284 2174 sororem
1369 2110 1647 2180 tabem:
1737 2129 1806 2173 ex
1892 2128 1963 2173 eo
2051 2108 2218 2190 quod
2311 2108 2814 2190 inseparabiliter
2852 2128 2895 2164 ιε)

515 2219 813 2282 haereant
848 2221 1175 2298 tamquam
1216 2216 1487 2299 cognati.
1531 2234 1720 2297 quae
1760 2219 1877 2279 est
1925 2216 2116 2279 enim
2163 2215 2348 2279 mihi
2397 2215 2538 2277 iam
2591 2218 2810 2296 spes?

518 2324 920 2389 subauditur:
990 2323 1044 2387 si
1111 2323 1495 2387 sustinuero.
1557 2325 1685 2385 aut
1740 2323 1929 2386 bona
1983 2341 2139 2385 mea
2195 2321 2512 2385 uidebo?
2574 2321 2811 2402 quibus

517 2432 817 2497 seductus
866 2433 983 2508 cst,
1033 2428 1319 2495 conuerti
1366 2429 1575 2493 noluit
1624 2433 1688 2493 et
1734 2428 2044 2493 sustinuit
2089 2431 2507 2512 peccatorem.

604 2540 839 2602 XVIII.
925 2537 1134 2601 Verba
1206 2537 1448 2600 Baldad
1525 2535 1871 2601 Sauchiti8.
1962 2538 2355 2610 et,lumen
2433 2535 2813 2618 inpiorum

519 2627 1036 2728 extinguetur:
1095 2643 1225 2707 noli
1283 2663 1430 2724 ergo
1490 2642 1728 2715 mirari.
1791 2643 1843 2706 si
1904 2647 1965 2706 et
2023 2647 2207 2706 tuum
2273 2645 2601 2723 tamquam
2657 2642 2810 2725 inpii
2849 2662 2898 2699 20

515 2752 728 2815 lumen
770 2751 1113 2815 extinctum
1155 2752 1273 2812 est.
1313 2751 1437 2812 lux
1478 2750 1644 2814 eius
1685 2751 2000 2813 fuerunt
2044 2748 2399 2812 tenebrae
2446 2749 2516 2812 in
2568 2749 2811 2812 domo:

521 2856 770 2920 claritas
803 2858 1029 2919 (lomus
1061 2855 1221 2930 eiu8‚
1252 2854 1317 2917 id
1348 2858 1447 2919 est
1475 2857 1732 2920 fuerunt
1766 2859 1877 2919 aut
1901 2855 2189 2919 diabolus
2221 2859 2333 2918 aut
2372 2855 2811 2919 antichristus,

520 2968 592 3027 et
636 2964 947 3027 lucerna
993 2981 1218 3043 super
1265 2981 1427 3024 eum
1478 2963 2002 3045 extinguetur:
2054 2962 2352 3045 exiguum
2393 2964 2458 3025 et
2493 2966 2813 3025 terrenum

518 3071 752 3134 lumen.
824 3068 1131 3150 capiant
1199 3068 1450 3131 infimi
1519 3070 2032 3133 substantiam
2099 3069 2289 3132 eius:
2359 3088 2517 3150 quae
2585 3069 2816 3132 habere

695 3246 726 3297 2
764 3244 862 3296 1010
906 3244 988 3303 17,
1026 3242 1059 3295 3
1168 3244 1204 3294 4
1238 3242 1335 3296 101)
1381 3243 1462 3301 17.
1503 3244 1534 3295 9
1639 3244 1670 3295 6
1706 3242 1803 3296 Iob
1847 3243 1929 3303 17,
1974 3244 2037 3295 10
2141 3244 2170 3294 7
2209 3241 2305 3294 101)
2349 3244 2433 3303 17.
2475 3244 2537 3295 11
2644 3244 2676 3295 9
2714 3241 2813 3295 lob

519 3334 602 3389 17.
646 3332 709 3385 12
892 3332 979 3384 Es.
1021 3333 1070 3389 5.
1112 3333 1178 3385 20
1373 3332 1437 3384 12
1477 3331 1575 3384 Iob
1615 3332 1700 3389 17.
1744 3331 1807 3383 13
2001 3333 2064 3384 13
2101 3331 2198 3384 101»
2242 3332 2323 3388 17.
2369 3333 2450 3386 14.
2611 3332 2678 3384 14
2714 3331 2813 3385 Iob

522 3423 602 3479 17.
645 3423 711 3473 14
824 3421 887 3473 16
927 3420 1022 3472 101)
1066 3421 1150 3474 17.
1193 3420 1256 3473 15
1370 3421 1433 3472 17
1474 3419 1571 3472 101>
1615 3421 1697 3483 17,
1745 3421 1805 3473 15
1920 3421 1983 3472 19
2023 3420 2118 3472 100
2163 3420 2243 3479 18.
2282 3423 2314 3471 5
2416 3422 2479 3473 21
2522 3419 2621 3473 100
2665 3420 2748 3479 18,
2781 3420 2814 3472 6

516 3512 583 3563 23
623 3508 719 3563 1010
762 3509 844 3563 18.
886 3510 917 3561 c
1024 3510 1094 3561 24
1130 3507 1226 3562 101)
1270 3509 1353 3574 18,
1392 3509 1422 3561 7

593 3618 616 3669 1
662 3617 941 3670 ecclesiam
978 3618 1064 3669 Pb
1167 3616 1197 3669 3
1237 3616 1481 3684 iniquum
1522 3615 1569 3668 S
1674 3617 1953 3684 consurgit
1990 3615 2021 3667 b
2130 3617 2164 3668 4
2203 3620 2258 3668 et
2294 3632 2395 3669 om.
2436 3614 2484 3669 S
2585 3616 2734 3685 puris
2774 3614 2822 3669 S

517 3706 753 3758 manbris
798 3705 841 3757 C
876 3705 1127 3758 membris
1165 3705 1196 3757 b
1342 3722 1459 3757 sum
1500 3704 1569 3757 ad
1608 3704 1655 3757 S
1759 3706 1790 3756 5
1831 3709 1886 3757 et
1923 3720 2027 3758 om.
2071 3704 2121 3756 T
2227 3705 2258 3756 6
2297 3706 2726 3773 persecutionem
2763 3703 2814 3758 G

515 3795 734 3849 inuenio
775 3794 962 3848 SHier
1067 3793 1222 3847 uobis
1245 3793 1430 3847 SHier
1504 3795 1532 3846 7
1576 3791 1886 3846 conuulsiS
1921 3809 2207 3845 concussae
2244 3792 2389 3845 Hier
2460 3794 2494 3845 9
2532 3797 2816 3845 uerterunt

522 3885 601 3947 (al
638 3890 951 3953 posuerunt)
993 3883 1024 3935 b
1245 3885 1308 3936 10
1349 3886 1432 3935 est
1469 3899 1568 3935 om.
1617 3881 1710 3933 TC
1928 3884 1992 3934 12
2031 3887 2184 3935 erunt
2233 3881 2421 3934 domus
2468 3898 2591 3934 mea
2628 3881 2814 3934 SHier

517 3989 602 4024 me
641 3987 743 4025 om.
783 3971 856 4023 bd
969 3971 1031 4021 13
1070 3969 1369 4039 appellauit
1412 3968 1458 4022 0
1567 3971 1630 4022 15
1669 3969 1875 4022 trabem
1919 3968 1968 4022 G
2007 3970 2195 4022 tabum
2234 3968 2279 4022 S
2405 3970 2469 4021 16
2507 3974 2594 4020 est
2630 3986 2732 4023 om.
2772 3969 2819 4023 S

524 4062 587 4112 17
628 4060 673 4112 si
712 4059 1035 4121 sustinuero,
1075 4059 1235 4111 inferi
1274 4058 1461 4111 domus
1499 4076 1620 4111 mea
1660 4064 1816 4111 erunt
1854 4060 1885 4111 b
2031 4060 2151 4127 quis
2192 4058 2418 4111 eductus
2461 4057 2507 4110 G
2626 4059 2691 4111 18
2730 4063 2814 4110 est

519 4166 620 4201 om.
661 4147 888 4201 TPde
995 4147 1171 4200 uoluit
1208 4147 1252 4199 C
1325 4149 1388 4200 19
1429 4147 1597 4200 uerba
1634 4148 1824 4201 baldac
1866 4147 2113 4210 (baldath
2143 4147 2195 4211 b)
2237 4148 2394 4200 sintis
2434 4146 2615 4210 (suitis
2647 4147 2699 4212 b)
2736 4147 2811 4199 (fb

521 4238 676 4290 3111113
710 4237 873 4290 GTP
944 4237 1010 4289 20
1042 4237 1375 4305 extinguitur
1406 4236 1447 4290 S
1519 4237 1582 4289 21
1618 4236 1857 4305 fuerunt]
1892 4241 2046 4290 erunt
2075 4236 2121 4290 S
2146 4238 2248 4289 erit
2275 4234 2418 4289 Hier
2525 4235 2742 4288 domum
2771 4234 2818 4288 S

521 4328 589 4378 22
618 4327 838 4378 fuerunt
874 4342 974 4379 om.
1025 4325 1251 4377 TPde
1321 4325 1389 4378 24
1429 4326 1646 4394 capiant
1685 4325 1898 4379 SHier:
1934 4325 2154 4393 capiunt
2196 4325 2303 4378 GP
2339 4324 2606 4393 accipiant
2639 4323 2815 4377 1*de
