3076 4976
507 479 634 542 538
1210 474 1263 528 S.
1318 473 1596 527 Aureli
1653 471 2090 542 Augustini

500 671 663 734 illud
724 670 983 734 dixisse:
1043 670 1358 734 animam
1416 689 1649 734 meam
1707 688 1970 752 ponam
2027 670 2098 733 in
2156 689 2372 733 manu
2424 665 2661 756 [mea]:
2720 668 2799 732 ad

505 776 1019 859 computandum.
1077 780 1208 841 aut
1252 779 1478 858 putas
1525 796 1637 840 me
1687 795 1851 840 esse
1900 775 2361 840 contrarium
2408 776 2593 840 tibi?
2651 794 2800 840 cum

506 883 727 964 utique
783 882 1069 947 infirmus
1129 882 1246 946 sim
1309 887 1373 946 et
1430 882 1612 964 quasi
1667 882 1786 946 hoc
1842 881 2100 958 metuis,
2168 901 2245 945 ne
2303 882 2357 945 si
2413 881 2801 946 iustificatus

503 990 704 1066 suem,
753 1009 865 1071 par
909 989 1028 1053 tibi
1076 989 1221 1066 sim,
1274 1007 1420 1053 cum
1467 988 1693 1053 folium
1743 987 1884 1052 sim.
1965 1007 2111 1071 ergo
2171 991 2271 1052 est
2326 987 2538 1070 aliqua
2593 990 2801 1051 latens

504 1114 717 1173 causa,
777 1094 1025 1178 quando
1082 1095 1238 1159 haec
1297 1115 1416 1160 non
1476 1099 1594 1159 est.
1671 1099 1749 1158 et
1793 1094 2211 1177 inposuisti
2256 1095 2440 1158 mihi
2486 1098 2804 1177 peccata
2865 1122 2896 1162 ε»

502 1201 963 1267 iuuentutis:
1031 1205 1105 1265 ut
1160 1202 1314 1266 haec
1372 1202 1458 1266 sit
1513 1221 1725 1277 causa,
1793 1221 1984 1283 quare
2043 1202 2214 1266 dicat
2277 1201 2580 1266 abscondi
2639 1221 2676 1265 a
2731 1221 2802 1266 se

503 1313 762 1390 peccata
803 1329 939 1388 sua,
970 1310 1117 1392 quia
1155 1308 1558 1391 superbierit,
1592 1309 1761 1390 quod
1801 1311 1900 1373 est
1936 1312 2270 1390 peccatum
2306 1308 2685 1373 iuuentutis.
2728 1312 2804 1373 et

503 1416 841 1499 posuisti
896 1417 967 1480 in
1028 1415 1380 1498 compede
1435 1415 1696 1498 pedem
1754 1434 2023 1479 meum:
2091 1415 2152 1480 in
2212 1414 2470 1480 uinculo
2518 1417 2802 1481 mortali·

503 1523 679 1588 tatis.
730 1526 803 1587 et
848 1523 1145 1587 radices
1184 1522 1454 1605 pedum
1491 1541 1821 1586 meorum
1862 1522 2427 1605 contemplatus
2468 1541 2576 1586 es:
2626 1522 2802 1605 cupi·

505 1630 740 1694 ditates
787 1649 981 1694 meas.
1052 1630 1177 1712 qui
1225 1633 1625 1694 ueterasco
1675 1628 1879 1694 sicut
1924 1633 2120 1693 uter:
2168 1633 2243 1693 ut
2287 1630 2508 1693 uinum
2558 1649 2802 1694 nouum
2841 1654 2897 1694 ιο

503 1739 750 1819 poitare
797 1756 919 1800 non
967 1736 1205 1819 possim
1260 1739 1371 1800 aut
1417 1732 1533 1823 [ut]
1586 1755 1790 1818 panno
1830 1754 1995 1800 nouo
2036 1737 2257 1800 consui
2305 1737 2521 1800 uelut
2566 1737 2802 1800 uesti-

503 1846 835 1906 mentum
884 1844 1079 1925 quod
1127 1862 1160 1905 a
1207 1842 1437 1906 tineis
1488 1845 1903 1906 comestum
1954 1846 2089 1906 est.

591 1949 797 2012 XIIII.
873 1948 1108 2014 Homo
1180 1948 1369 2013 enim
1436 1951 1659 2012 natus
1727 1968 1809 2013 ex
1873 1949 2191 2013 muliere
2257 1949 2514 2013 breuis
2591 1949 2801 2013 uitae

504 2059 579 2119 et
634 2056 902 2137 plenus
962 2055 1429 2119 iracundiae:
1486 2074 1746 2136 poenae.
1823 2058 1896 2118 et
1951 2055 2144 2119 hunc
2208 2056 2470 2121 fecisti
2537 2055 2802 2120 uenire

504 2161 574 2225 in
642 2162 1011 2226 iudicium
1079 2181 1324 2227 coram
1387 2165 1502 2226 te?
1563 2162 1857 2243 quamuis
1913 2162 2003 2226 ita
2057 2161 2345 2226 mortalis
2394 2162 2498 2236 sit,
2548 2167 2613 2226 et
2657 2162 2802 2244 ipse
2845 2188 2898 2228 ιε

503 2268 696 2332 habet
758 2272 968 2332 tamen
1034 2268 1203 2332 unde
1269 2269 1577 2333 rationem
1642 2268 1892 2344 reddat;
1972 2268 2247 2352 exigitur
2310 2269 2476 2333 enim
2542 2269 2621 2332 de
2686 2267 2801 2334 illo

504 2373 673 2456 quod
732 2377 965 2457 potest,
1025 2375 1320 2457 quamuis
1376 2393 1714 2457 perparum
1778 2375 2005 2456 possit.
2082 2374 2535 2439 dinumerati
2603 2375 2798 2439 enim

504 2484 683 2546 sunt
737 2501 1028 2547 menses
1088 2481 1250 2547 eius
1309 2480 1500 2564 apud
1548 2485 1650 2546 te:
1709 2500 1781 2545 eo
1832 2479 1996 2544 enim
2048 2480 2214 2562 quod
2261 2480 2628 2565 temporalis
2677 2484 2799 2557 est,

502 2588 578 2652 de
652 2593 912 2671 peccato
990 2589 1413 2663 conuincitur;
1500 2608 1646 2652 nam
1731 2590 2056 2652 aeternum
2129 2588 2314 2651 illum
2387 2591 2458 2652 tu
2532 2589 2797 2652 feceras.

500 2694 806 2759 discede
875 2695 959 2759 ab
1028 2715 1142 2771 eo;
1211 2696 1402 2772 sine,
1474 2694 1937 2777 requiescat:
2017 2695 2366 2759 secundum
2434 2695 2896 2778 opinionemm

503 2800 771 2864 carnalis
822 2805 885 2865 et
933 2802 1225 2865 animalis
1272 2801 1572 2878 hominis,
1621 2800 1724 2865 cui
1770 2803 1979 2865 totum
2025 2801 2262 2866 bonum
2308 2802 2461 2866 haec
2498 2803 2638 2866 uita
2674 2805 2798 2866 est.

505 2908 568 2969 et
614 2906 754 2970 ideo
806 2906 930 2971 sibi
976 2907 1121 2971 uult
1155 2907 1349 2989 parci,
1389 2914 1464 2971 ut
1498 2907 1744 2971 fruatur
1779 2907 1896 2971 hac
1936 2908 2090 2973 uita.
2142 2912 2258 2973 est
2304 2908 2495 2972 enim
2545 2908 2797 2972 arbori

500 3031 704 3094 spes:
765 3014 1105 3077 inridenter
1151 3013 1306 3077 haec
1362 3015 1845 3095 pronuntianda.
1932 3015 2154 3096 utique
2211 3015 2377 3079 enim
2433 3016 2638 3098 magis
2695 3018 2800 3080 est

502 3138 647 3201 spes
697 3119 965 3185 homini:
1025 3120 1195 3202 quod
1252 3121 1530 3184 carnales
1587 3122 1816 3185 nolunt
1870 3115 2143 3186 credere.
2221 3121 2337 3185 uir
2390 3140 2568 3185 uero
2628 3141 2793 3184 cum

499 3228 845 3290 mortuus
911 3226 1176 3303 fuerit,
1246 3226 1465 3291 abiit:
1536 3231 1601 3313 et
1664 3226 1769 3290 hic
1825 3227 2120 3291 ironicos.
2202 3232 2539 3310 tempore
2596 3227 2888 3298 enim„

678 3402 699 3452 1
743 3399 839 3453 Iob
881 3401 963 3465 13,
1006 3403 1072 3454 14
1240 3404 1273 3455 2
1309 3402 1404 3456 Iob
1448 3403 1531 3466 13,
1570 3402 1642 3457 24
1814 3403 1846 3455 5
1883 3401 1980 3455 Iob
2024 3403 2105 3467 13,
2145 3403 2214 3456 26
2388 3403 2418 3455 7
2458 3400 2555 3455 Iob
2597 3402 2680 3465 13,
2720 3403 2789 3455 27

494 3489 527 3541 9
565 3487 663 3542 Iob
707 3491 789 3554 13,
828 3490 896 3543 27
1010 3490 1076 3544 10
1110 3490 1207 3544 Iob
1251 3493 1332 3553 13,
1372 3491 1441 3545 28
1558 3493 1618 3545 11
1660 3491 1759 3545 Iob
1803 3491 1885 3555 13,
1923 3492 1993 3545 28
2095 3492 2161 3545 13
2199 3490 2294 3545 Iob
2338 3492 2424 3555 14,
2465 3492 2490 3544 1
2595 3489 2789 3544 1410b

498 3579 579 3640 14,
619 3580 653 3631 3
782 3580 846 3631 17
884 3579 981 3632 Iob
1024 3581 1107 3645 14,
1146 3583 1178 3633 5
1304 3580 1374 3633 20
1412 3579 1509 3633 Iob
1553 3582 1635 3643 14,
1675 3582 1708 3635 6
1827 3581 1896 3633 22
1933 3580 2030 3633 Iob
2074 3581 2155 3643 14,
2197 3581 2227 3633 7
2346 3581 2418 3634 24
2454 3579 2553 3634 Iob
2596 3580 2680 3643 14,
2721 3580 2792 3634 10

492 3668 562 3720 25
599 3666 695 3720 Iob
738 3669 820 3730 14,
863 3669 922 3721 11

568 3774 592 3825 1
633 3774 816 3842 manu]
859 3774 1039 3827 anima
1081 3774 1128 3828 C
1347 3790 1469 3827 mea
1514 3774 1718 3828 inclusi
1731 3793 1751 3840 ,·
1797 3774 1947 3829 abest
1991 3775 2133 3829 enim
2180 3776 2324 3829 enim
2357 3792 2491 3845 pay.
2545 3779 2678 3838 537,
2717 3779 2794 3828 16

492 3862 527 3914 2
557 3864 671 3930 aut]
703 3866 757 3915 et
788 3861 834 3916 S
902 3863 934 3915 3
973 3880 1091 3916 sum
1127 3863 1356 3917 TPde
1425 3865 1460 3917 4
1499 3881 1620 3917 cum
1660 3880 1787 3932 ergo
1824 3862 1876 3917 G
1950 3867 1982 3918 5
2022 3864 2123 3917 1100
2158 3864 2207 3917 Τ
2280 3866 2310 3917 7
2351 3863 2714 3933 superbierint
2747 3862 2798 3917 0

491 3950 526 4003 8
565 3950 869 4020 imposuisti
906 3951 1049 4004 Hier
1179 3954 1213 4005 9
1252 3957 1307 4005 et
1344 3968 1445 4006 om.
1484 3952 1629 4007 Hier
1763 3953 1829 4006 10
1868 3953 2133 4006 ueterisco
2172 3952 2219 4007 S
2355 3954 2413 4006 ll
2458 3954 2575 4021 aut]
2616 3951 2704 4004 uel
2749 3951 2798 4006 S

491 4041 555 4091 ut
590 4039 793 4092 inclusi
828 4056 929 4093 om.
970 4040 1000 4092 b
1147 4040 1287 4093 sicut
1323 4039 1370 4094 S
1512 4041 1578 4094 12
1617 4042 1765 4095 tinea
1803 4041 1835 4095 b
1960 4042 2026 4095 13
2067 4042 2150 4111 ex]
2201 4041 2264 4094 de
2305 4040 2490 4096 SHier
2631 4039 2792 4094 breui

489 4127 680 4179 uiuens
718 4130 960 4197 tempore
999 4132 1054 4180 et
1090 4128 1281 4198 plenus
1317 4144 1428 4197 sqq.
1470 4127 1500 4181 b
1630 4131 1697 4182 14
1733 4127 2012 4181 iracundia
2048 4127 2095 4182 S
2233 4128 2463 4198 poenae]
2501 4127 2665 4197 plene
2707 4127 2792 4181 cb

489 4215 674 4268 uenire
712 4215 891 4269 fecisti
928 4216 1071 4270 Hier
1183 4218 1245 4270 17
1283 4218 1590 4287 perparum]
1631 4233 1917 4287 parumper
1942 4216 1999 4271 P
2105 4217 2171 4270 21
2215 4220 2272 4270 et
2307 4215 2557 4269 animalis
2593 4233 2697 4270 om.
2736 4216 2792 4271 G

488 4304 559 4357 23
596 4321 794 4373 magna
831 4304 861 4357 b
937 4305 1006 4358 24
1042 4306 1274 4358 hominis
1314 4305 1344 4358 b
1456 4305 1595 4376 cum]
1637 4307 1682 4359 si
1719 4305 1766 4360 S
1834 4306 1903 4361 25
1940 4305 2224 4374 hyronicos
2268 4304 2432 4359 GTC
2461 4305 2696 4358 ironicos
2736 4305 2794 4359 P

489 4393 737 4454 ironica<
778 4393 816 4446 d
850 4394 1021 4447 ironia
1060 4398 1142 4447 est
1180 4393 1241 4459 b;
1276 4394 1363 4447 Ιιίε
1397 4393 1582 4447 uerbis
1615 4396 1711 4462 fin.
1751 4411 1871 4463 cap.
1910 4393 2088 4447 XIII
2115 4394 2176 4446 in
2215 4394 2245 4447 b
