3076 4976
747 411 1224 478 Quaestionum
1263 413 1372 466 lib.
1415 413 1468 466 II
1509 414 1881 483 (Expositio
1921 414 2392 480 tabernaculi).
2584 418 2707 481 231

416 609 660 673 duabus
711 608 1118 692 angularibus
1178 609 1512 683 columniS,
1573 609 1802 673 mediis
1861 613 2075 673 autem
2133 610 2355 686 nullis;
2418 613 2481 673 et
2538 615 2707 675 errant

414 716 569 780 haec
618 717 840 780 aulaea
888 715 1103 780 decem
1152 715 1227 779 de
1276 718 1578 798 quattuor
1627 716 1943 781 coloribus
1993 719 2179 783 texta.
2258 717 2377 780 hoc
2428 736 2575 800 ergo
2622 717 2713 780 in-

413 822 610 888 terius
684 822 1161 887 tabernaculum
1237 822 1748 887 circumdabatur
1821 824 1978 887 atrio
2046 823 2120 887 ab
2190 826 2404 887 austro
2480 823 2713 907 uiginti

417 929 728 994 columnis
769 933 833 994 et
871 931 946 994 ab
980 930 1271 1012 aquilone
1302 929 1553 1014 uiginti.
1596 949 1755 1011 quae
1796 930 1919 994 duo
1963 931 2105 994 atrii
2143 930 2343 994 latera
2383 929 2709 1012 aequalem

350 1058 377 1096 5
415 1037 729 1101 habebant
790 1036 1252 1120 longitudinem
1323 1056 1467 1100 cum
1532 1037 1838 1101 lateribus
1905 1037 2221 1102 interioris
2298 1036 2710 1112 tabernaculi,

417 1144 563 1225 quia
610 1147 673 1206 et
719 1143 859 1225 ipsa
896 1144 1135 1207 nicenis
1177 1144 1489 1207 columnis
1528 1143 2013 1226 porrigebantur
2048 1144 2109 1207 in
2152 1143 2384 1208 cubitis
2423 1143 2710 1219 totidem,

415 1250 479 1314 id
527 1254 625 1315 est
672 1250 977 1314 centenis.
1037 1269 1073 1313 a
1118 1250 1311 1314 latere
1361 1254 1577 1313 autem
1627 1250 1888 1314 orientis
1938 1250 2168 1314 atrium
2217 1249 2714 1314 concludebatur

416 1357 725 1421 columnis
777 1356 1014 1433 decem,
1066 1357 1298 1420 cubitis
1358 1357 1844 1440 quinquaginta:
1903 1357 2011 1438 qui
2067 1357 2217 1421 ordo
2276 1357 2709 1420 columnarum

413 1467 624 1529 rectus
683 1468 815 1527 erat
881 1466 945 1526 et
1008 1463 1368 1527 incurrebat
1433 1463 1493 1527 in
1562 1464 1703 1527 illas
1772 1464 1929 1527 duas
1996 1465 2330 1547 angulares
2393 1461 2709 1526 interioris

329 1597 381 1635 ιο
414 1570 824 1643 tabernaculi,
884 1589 1040 1652 quas
1099 1570 1266 1633 solas
1326 1570 1589 1634 orientis
1653 1592 1799 1652 pars
1864 1570 2167 1644 habebat;
2235 1570 2495 1652 proinde
2564 1588 2709 1632 cum

414 1676 572 1761 ipsis
621 1677 1078 1758 conplebantur
1125 1675 1360 1742 decem.
1439 1696 1474 1740 a
1519 1677 1717 1742 latere
1766 1682 1980 1742 autem
2038 1678 2381 1742 occidentis
2438 1675 2714 1740 habebat

416 1782 669 1865 quidem
718 1784 948 1848 atrium
998 1783 1214 1847 decem
1264 1785 1613 1860 columnaS,
1661 1805 1784 1849 non
1833 1790 2040 1849 tamen
2087 1788 2258 1849 recto
2300 1783 2535 1859 ordine,
2577 1782 2708 1857 sed,

416 1891 584 1954 sicut
630 1890 753 1953 iam
803 1889 1217 1966 ostendimus,
1266 1893 1593 1971 tamquam
1648 1890 2043 1972 triporticum
2104 1892 2403 1972 quattuor
2448 1910 2485 1954 a
2528 1892 2709 1972 porta

415 2001 479 2062 et
522 2000 732 2060 ternas
781 2015 815 2059 a
863 1995 1187 2060 lateribus.

329 2130 377 2168 ιτ,
506 2105 610 2166 22.
689 2102 1066 2166 Vniuersum
1128 2108 1339 2167 autem
1398 2103 1629 2166 atrium
1685 2103 1747 2166 in
1805 2102 2074 2166 circuitu
2129 2102 2521 2166 tabernaculi
2576 2104 2709 2165 ten-

415 2209 593 2273 toriis
651 2209 928 2291 byssinis
986 2209 1374 2293 cingebatur,
1433 2228 1593 2291 quae
1652 2209 2054 2292 erigebantur
2117 2208 2352 2272 cubitis
2410 2208 2706 2290 quinque.

415 2317 514 2381 his
584 2316 1117 2398 superueniebant
1183 2318 1325 2379 uela
1401 2316 1734 2397 capillacia
1807 2315 2126 2391 undecim,
2194 2336 2263 2379 ex
2336 2334 2459 2379 una
2530 2317 2707 2397 parte

415 2423 692 2506 quinque
742 2423 998 2487 sibimet
1045 2441 1296 2500 conexa,
1347 2442 1418 2486 ex
1465 2423 1589 2486 alia
1635 2442 1762 2487 sex,
1838 2423 1899 2486 in
1950 2423 2284 2487 conexione
2333 2441 2480 2507 ergo
2530 2422 2709 2505 quin-

415 2550 534 2612 que
582 2531 869 2595 uelorum
919 2530 1133 2594 cubita
1181 2534 1356 2594 erant
1403 2534 1656 2595 centum
1706 2531 2188 2615 quinquaginta3
2249 2550 2319 2594 ex
2376 2530 2500 2593 alia
2556 2547 2704 2593 uero

323 2662 376 2700 20
413 2641 588 2719 parte
635 2638 697 2701 in
749 2637 1088 2701 conexione
1128 2655 1234 2700 sex
1273 2637 1563 2702 uelorum
1604 2638 1819 2702 cubita
1857 2641 2032 2702 erant
2070 2643 2320 2701 centum
2360 2637 2706 2720 octoginta,

412 2744 707 2825 quoniam
757 2746 902 2808 uela
958 2743 1210 2827 singula
1263 2744 1642 2808 tricenorum
1702 2745 1957 2809 fuerunt
2012 2745 2390 2809 cubitorum.
2469 2744 2579 2807 sed
2636 2747 2709 2807 ut

412 2850 535 2914 alia
582 2869 726 2933 pars
777 2851 957 2915 alteri
1018 2855 1489 2933 coaequaretur,
1550 2852 1943 2934 duplicatum
2002 2855 2099 2916 est
2155 2872 2351 2916 unum
2405 2852 2624 2915 uelum
2672 2870 2707 2914 a

410 2956 567 3020 facie
615 2958 1025 3030 tabernaculi,
1074 2958 1138 3020 id
1177 2961 1276 3022 est
1314 2959 1390 3021 ab
1432 2958 1688 3034 oriente,
1731 2961 1796 3022 et
1833 2960 2199 3023 subtectum
2238 2961 2335 3022 est
2372 2956 2705 3021 dimidium

412 3063 629 3126 uelum
681 3083 716 3127 a
762 3067 938 3144 parte
985 3064 1352 3145 posteriore,
1403 3064 1464 3127 id
1516 3068 1614 3128 est
1662 3064 1737 3128 ab
1789 3064 2130 3129 occidente.
2191 3068 2377 3145 atque
2425 3065 2514 3128 ita
2561 3064 2705 3127 sub-

322 3194 375 3234 25
414 3171 611 3232 tracta
659 3172 809 3233 sunt
859 3169 1075 3234 cubita
1123 3170 1403 3254 triginta,
1454 3175 1687 3252 quanta
1746 3175 1878 3235 erat
1933 3171 2060 3235 ueli
2118 3172 2305 3234 unius
2351 3170 2705 3253 longitudo,

411 3279 476 3339 et
539 3280 977 3340 remanserunt
1043 3282 1295 3341 centum
1363 3278 1851 3362 quinquaginta,
1919 3282 2074 3360 quot
2136 3277 2326 3341 etiam
2395 3297 2465 3341 ex
2527 3281 2704 3360 parte

411 3382 610 3445 altera
672 3384 948 3446 fuerunt.
1028 3383 1332 3448 circuitus
1401 3385 1615 3465 itaque
1683 3385 1969 3448 uelorum
2028 3384 2522 3465 capillaciorum,
2581 3405 2704 3466 quo

411 3488 784 3572 cingebatur
849 3491 1079 3553 atrium
1144 3491 1565 3568 tabernaculi,
1631 3491 1929 3556 trecentis
2004 3491 2237 3555 cubitis
2311 3490 2704 3568 tendebatur,

410 3595 579 3658 sicut
625 3595 930 3660 circuitus
981 3597 1198 3660 decem
1247 3597 1612 3661 aulaeorum
1661 3597 1977 3662 interioris
2033 3597 2420 3662 tabernaculi
2469 3598 2703 3664 cubitis

317 3701 700 3766 seducentis
768 3704 1109 3787 octoginta.
1197 3705 1417 3768 aulaea
1491 3705 1723 3788 quippe
1791 3705 2045 3788 singula
2107 3706 2425 3769 habebant
2488 3706 2704 3770 cubita

480 3979 503 4031 1
549 3978 758 4032 duobus
807 3979 857 4031 V
1034 3979 1176 4033 medi
1222 3980 1268 4033 G
1447 3985 1502 4033 et
1540 3997 1642 4035 om.
1690 3980 1735 4033 0
1878 3981 1910 4032 2
1948 3980 2081 4032 bae·
2112 3978 2158 4033 S
2334 3979 2488 4049 aulee
2526 3978 2701 4032 PST¹

404 4071 435 4121 5
473 4067 823 4121 interioribus
869 4068 914 4121 0
1038 4071 1067 4122 7
1109 4069 1343 4122 orientes
1397 4070 1447 4122 V
1574 4071 1638 4122 14
1678 4069 1846 4122 ternis
1885 4068 2040 4122 PSV
2152 4069 2217 4121 16
2258 4067 2615 4135 cingebantur
2650 4068 2705 4120 P

407 4157 472 4210 18
511 4173 573 4209 ex
612 4156 742 4226 alia]
785 4158 892 4210 alia
936 4157 982 4211 0
1016 4162 1072 4212 et
1110 4159 1217 4211 alia
1255 4158 1414 4212 PSV
1558 4159 1621 4210 19
1662 4161 1817 4212 erant
1853 4174 1955 4211 om.
1997 4157 2042 4211 S
2175 4157 2238 4209 21
2284 4156 2502 4208 fuerant
2537 4155 2707 4208 PTV

402 4246 471 4297 22
538 4249 622 4297 est
686 4262 788 4299 om.
853 4245 1037 4302 P¹SV
1285 4248 1353 4300 26
1413 4247 1555 4316 quod
1618 4247 1663 4300 C
1716 4263 1819 4315 quo
1878 4245 1951 4299 P¹
2020 4262 2121 4313 qu}
2188 4243 2254 4295 Υ*
2306 4246 2512 4313 quanta
2576 4241 2704 4296 TV²

403 4333 472 4385 30
511 4334 701 4387 aulaee
737 4335 836 4389 PS
