3076 4976
420 438 557 500 416
1133 435 1185 488 S.
1242 433 1514 487 Aureli
1572 434 2007 504 Augustini

423 630 640 694 dicere
690 628 928 713 potuit:
987 628 1198 693 uenit
1245 629 1433 695 enim
1483 629 1831 712 princeps
1882 628 2134 693 mundi
2184 633 2258 693 et
2303 627 2373 693 in
2425 647 2533 692 me
2580 647 2720 691 non

424 737 657 801 habet
712 735 1119 817 quidquam
1176 772 1263 783 —
1308 734 1374 799 id
1433 739 1533 800 est
1589 735 1935 818 quidquam
1989 736 2236 818 peccati
2293 736 2461 817 quod
2520 738 2722 799 morte

426 844 519 907 sit
579 842 843 926 dignum
900 879 987 888 —
1045 842 1176 906 sed
1241 846 1320 905 ut
1390 846 1800 926 cognoscat
1863 841 2182 906 mundus
2250 842 2422 923 quia
2482 841 2721 924 diligo

424 952 719 1031 patrem
770 953 843 1012 et
892 948 1095 1013 sicut
1142 948 1570 1013 mandatum
1623 948 1831 1013 dedit
1876 949 2056 1013 mihi
2096 953 2310 1031 pater
2347 949 2455 1013 sic
2492 947 2720 1021 facim

423 1056 757 1141 surgite,
818 1074 1071 1119 eamus
1130 1055 1331 1131 hino,
1390 1060 1716 1136 tamquam
1773 1055 2038 1120 diceret:
2098 1055 2347 1120 etiamsi
2393 1054 2724 1119 leuissima
2788 1081 2820 1118 5

429 1165 690 1246 peccata
748 1163 972 1226 mortis
1032 1162 1347 1243 supplicio
1404 1166 1821 1244 persequatur
1866 1161 2160 1246 princeps
2205 1161 2449 1237 mundi,
2496 1161 2565 1226 in
2615 1180 2722 1224 me

424 1289 568 1334 non
626 1269 856 1333 habet
914 1268 1350 1350 quidquam,
1411 1267 1522 1333 sed
1574 1269 1899 1353 surgite,
1950 1287 2202 1333 eamus
2251 1268 2453 1344 hinc,
2512 1268 2576 1332 id
2624 1270 2724 1331 est

428 1380 502 1439 ut
550 1376 774 1459 patiar,
827 1375 975 1456 quia
1029 1374 1090 1438 in
1150 1393 1244 1449 eo,
1304 1374 1472 1456 quod
1526 1375 1753 1457 patior,
1803 1375 2201 1439 uoluntatem
2260 1374 2470 1456 inpleo
2528 1373 2723 1456 patris

428 1482 575 1560 mei,
627 1502 747 1547 non
798 1500 1066 1563 poenam
1116 1481 1297 1545 soluo
1347 1480 1592 1563 peccati
1652 1481 1808 1556 mei3
1858 1484 1922 1545 et
1978 1479 2146 1562 quod
2191 1480 2548 1545 Hieremias
2604 1481 2720 1543 ait:

431 1589 577 1653 tibi
626 1588 1151 1672 peccauimus,
1208 1587 1588 1670 patientia
1633 1587 1955 1663 Israhel,
2005 1587 2256 1652 domino
2306 1587 2529 1669 utique
2577 1606 2723 1670 sup-
2765 1616 2821 1654 ιο

424 1696 686 1779 pliciter
741 1694 977 1759 dicitur
1041 1694 1102 1758 in
1161 1694 1550 1777 paenitentia
1605 1713 1748 1759 cum
1810 1714 1920 1777 spe
1978 1695 2206 1758 salutis
2266 1713 2337 1758 ex
2394 1694 2605 1768 uenia;
2661 1697 2726 1756 et

434 1802 608 1884 quod
657 1802 899 1866 dicium
950 1804 1075 1865 est:
1127 1820 1305 1864 sana
1353 1801 1667 1865 animam
1717 1820 1969 1877 meam,
2019 1801 2365 1882 quoniam
2413 1800 2723 1884 peccaui

430 1908 608 1985 tibi,
669 1909 788 1972 hoc
844 1907 1010 1971 idem
1069 1908 1300 1991 agitur,
1359 1911 1433 1972 ut
1479 1906 1635 1971 deus
1683 1906 2070 1990 ignoscendo
2119 1907 2530 1990 glorificetur,
2577 1907 2726 1990 quia

428 2034 662 2098 magna
701 2019 799 2079 est
837 2016 974 2080 eius
1014 2014 1450 2078 misericordia
1488 2032 1678 2098 super
1715 2014 2084 2078 confitentes
2126 2015 2248 2079 sibi
2288 2020 2352 2079 et
2386 2015 2724 2079 redeuntes

425 2121 510 2185 ad
578 2140 667 2197 se,
736 2121 845 2203 qui
912 2120 1068 2185 dicit
1133 2140 1201 2185 se
1267 2121 1435 2186 nolle
1502 2125 1770 2186 mortem
1839 2121 2212 2203 peccatoriS,
2280 2124 2587 2203 quantum
2652 2124 2728 2185 ut
2767 2148 2818 2187 ιε»

432 2230 790 2291 reuertatur
836 2232 898 2292 et
947 2227 1147 2291 uiuat.
1206 2226 1351 2291 hinc
1401 2230 1465 2291 et
1509 2227 1646 2311 ipse
1685 2226 1896 2291 Dauid
1944 2246 2063 2291 non
2113 2228 2320 2291 solum
2369 2227 2431 2291 in
2479 2228 2725 2310 psalmo

433 2354 653 2399 uerum
704 2334 896 2398 etiam
946 2353 1086 2397 cum
1139 2354 1281 2398 eum
1335 2334 1487 2397 deus
1536 2338 1830 2416 argueret
1875 2353 1987 2417 per
2021 2334 2393 2415 prophetam
2431 2354 2554 2398 non
2594 2335 2726 2398 sine

431 2461 545 2525 spe
586 2440 1057 2524 propitiationis
1097 2439 1334 2505 domini
1372 2440 1728 2524 respondit:
1768 2440 2079 2522 peccaui
2119 2441 2432 2507 domino.
2482 2441 2726 2506 medico

426 2549 601 2613 enim
671 2548 1046 2612 uulneratus
1112 2546 1369 2610 uidetur
1434 2546 1707 2628 quodam
1774 2546 1986 2612 mode.
2054 2547 2159 2629 qui
2220 2551 2292 2612 ut
2347 2552 2605 2612 sanetur
2659 2567 2726 2613 se

431 2655 654 2719 subdit
709 2654 1004 2718 manibus
1059 2652 1312 2730 medici,
1372 2655 1444 2715 ut
1499 2653 1562 2715 in
1621 2672 1693 2717 eo
1750 2653 2098 2718 medicinae
2166 2674 2323 2735 opus
2390 2655 2726 2736 inpleatur.
2762 2685 2818 2723 80

433 2763 492 2825 in
543 2762 663 2825 hoc
712 2766 924 2826 autem
976 2759 1220 2823 cantico
1270 2758 1682 2840 praeuidebat
1738 2760 2043 2842 propheta
2097 2760 2347 2825 futuros
2396 2761 2727 2842 quosdam,

426 2869 540 2951 qui
589 2868 681 2931 sic
727 2867 963 2931 fuerint
998 2865 1319 2948 peccaturi
1359 2865 1547 2929 deum
1588 2865 1952 2930 offendendo
1993 2867 2242 2950 magnis
2282 2866 2727 2948 iniquitatibus

426 2973 590 3049 suis,
646 2976 720 3036 ut
776 2990 889 3036 nec
945 2970 1391 3054 paenitentiam
1451 2990 1635 3054 agere
1703 2971 1944 3035 uellent
2001 2974 2065 3034 et
2120 2971 2198 3035 ad
2258 2972 2447 3036 deum
2504 2971 2726 3047 redire,

433 3082 509 3143 ut
558 3082 947 3142 sanarentur.
1008 3077 1084 3141 de
1134 3077 1365 3158 quibus
1414 3077 1604 3141 etiam
1655 3076 1808 3141 alibi
1855 3076 2113 3142 dicitur:
2165 3078 2509 3160 quoniam
2561 3096 2725 3143 caro

434 3189 616 3249 sunt
682 3189 754 3249 et
820 3184 1143 3266 spiritus
1213 3184 1604 3249 ambulans
1672 3188 1743 3248 et
1807 3204 1944 3248 non
2020 3187 2430 3249 reuertens.
2516 3188 2727 3267 potest
2761 3218 2816 3257 25

433 3293 634 3356 etiam
686 3291 777 3355 sic
825 3290 1141 3374 intellegi:
1190 3295 1702 3374 peccauerunt
1748 3309 1885 3355 non
1934 3290 2020 3368 ei,
2072 3291 2418 3355 secundum
2458 3290 2522 3355 id
2562 3292 2728 3374 quod

431 3418 556 3463 non
608 3397 663 3462 ei
712 3400 1064 3461 nocuerunt
1108 3401 1367 3480 peccato
1418 3416 1556 3474 suo,
1606 3397 1717 3462 sed
1765 3397 1906 3461 sibi.

525 3504 684 3567 LVI.
764 3504 853 3566 Et
918 3503 1099 3567 haec
1175 3503 1609 3569 benedictio
1687 3524 1900 3586 quam
1973 3503 2360 3569 benedixit
2424 3504 2723 3588 Moyses

433 3610 650 3674 homo
710 3609 827 3673 dei
884 3610 1100 3674 filios
1150 3611 1470 3688 Israhel,
1529 3611 1968 3694 priusquam
2028 3609 2585 3694 defungeretur.
2663 3614 2724 3674 et

617 3784 642 3837 1
685 3783 799 3838 1011.
843 3785 925 3846 14,
966 3784 1053 3847 30,
1094 3784 1157 3836 31
1347 3784 1410 3837 15
1450 3782 1516 3839 cf.
1557 3783 1749 3840 Ezecb.
1790 3785 1878 3848 33,
1920 3785 1981 3837 11
2159 3784 2222 3838 18
2262 3785 2318 3840 ΙΙ,
2356 3785 2488 3853 ch.
2533 3786 2617 3840 12.
2661 3785 2721 3836 13

428 3874 505 3926 24
542 3873 630 3927 Ps.
670 3873 757 3936 77,
795 3873 864 3927 39
977 3873 1047 3927 2³3
1082 3873 1246 3927 Deut.
1288 3873 1375 3937 33,
1420 3874 1557 3928 1-5

509 4007 532 4059 1
584 4005 744 4058 huius
780 4004 966 4059 mundi
1002 4004 1069 4058 N
1207 4007 1239 4059 2
1288 4005 1345 4059 id
1384 4009 1469 4059 est
1507 4005 1804 4075 quidquam
1842 4022 1944 4061 om.
1984 4005 2029 4060 S
2170 4006 2202 4059 6
2251 4008 2647 4075 persequantur
2681 4003 2726 4057 S

430 4094 624 4148 mundi
644 4095 737 4163 qui
760 4094 937 4162 (quis.
962 4093 996 4146 l.
1018 4111 1086 4147 m.
1108 4094 1234 4160 1)V
1303 4094 1449 4148 'Ysed
1468 4094 1699 4148 om.SV
1773 4095 2059 4163 llspeiN
2129 4095 2195 4146 12
2217 4094 2634 4164 quoniaquuia
2653 4093 2726 4146 bd

436 4187 503 4238 13
552 4183 872 4252 glorificitur
906 4182 968 4235 N
1148 4186 1212 4237 15
1263 4183 1389 4252 quid
1437 4183 1489 4237 U
1597 4185 1660 4237 17
1702 4187 1932 4252 arguent
1965 4183 2033 4236 N
2205 4183 2270 4236 21
2322 4182 2646 4253 prouidebat
2684 4181 2727 4235 S

432 4272 504 4324 ⁴22
544 4271 746 4325 fuerint
782 4271 1004 4340 scripsi.-
1042 4271 1260 4326 fuerunt
1296 4272 1439 4326 P¹S¹
1458 4271 1566 4324 VN
1570 4272 1620 4326 U
1629 4271 1644 4304 ¹
1680 4272 1893 4325 fuerant
1928 4271 2234 4326 P²S2U2bd
2449 4272 2498 4324 ei
2537 4287 2723 4340 pecca·

435 4360 543 4411 turi
582 4359 634 4412 U
738 4360 1007 4428 peccatori
1036 4359 1098 4412 N
1168 4361 1238 4413 23
1269 4361 1493 4428 uellent]
1524 4361 1743 4414 ualeant
1773 4360 1838 4413 N
1906 4361 1973 4414 ‘28
2003 4378 2108 4430 qua
2137 4359 2343 4414 SV²T²
2413 4361 2482 4414 29
2513 4359 2622 4413 filio
2652 4357 2722 4412 Ρι
