3076 4976
436 450 564 511 214
1140 447 1193 499 S.
1253 444 1530 498 Aureli
1586 445 2021 515 Augustini

433 641 651 717 aerem,
719 641 887 704 sicut
952 641 1108 706 dixit
1175 641 1365 706 etiam
1434 641 1510 704 de
1578 640 2102 705 occidentalibus,
2177 640 2286 704 ubi
2353 639 2727 704 difficillima

434 747 637 811 oritur
702 748 1011 830 quaestio.
1093 767 1236 811 nam
1304 748 1489 811 facile
1557 750 1656 811 est
1721 746 1998 829 quidem,
2065 751 2137 810 ut
2200 747 2585 829 accipiamus
2650 746 2726 809 ab

433 854 672 917 oriente
731 873 926 917 unum
986 855 1268 918 ordinem
1328 855 1766 919 columnarum
1824 855 1902 918 ad
1959 854 2188 918 atrium
2253 853 2727 937 pertinentium,

434 979 558 1041 quo
608 960 1089 1024 tabernaculum
1128 960 1396 1024 interius
1435 980 1548 1043 per
1585 980 1800 1025 omnes
1842 963 2144 1042 quattuor
2178 963 2391 1042 partes
2430 960 2727 1044 cingitur,

441 1066 589 1147 quia
637 1085 757 1130 non
801 1066 1076 1130 habebat
1114 1087 1182 1130 ex
1224 1087 1296 1131 ea
1333 1070 1510 1149 parte
1551 1068 1877 1131 columnas
1915 1067 2392 1130 tabernaculum
2431 1066 2725 1143 interium

432 1173 510 1235 ab
588 1172 914 1237 occidente
992 1177 1235 1250 autem,
1308 1174 1417 1237 ubi
1492 1174 1618 1237 iam
1699 1177 1876 1238 erant
1950 1173 2267 1238 interioris
2340 1173 2729 1237 tabernaculi

431 1280 767 1344 columnae
827 1283 991 1356 octo,
1050 1280 1364 1362 quomodo
1425 1281 1613 1344 etiam
1672 1281 1828 1344 istas
1887 1280 2123 1357 decem,
2192 1299 2349 1361 quas
2407 1279 2726 1344 exterioris

434 1385 578 1449 atrii
636 1390 1110 1459 commemorat,
1179 1386 1495 1468 accepturi
1566 1406 1808 1461 sumus,
1877 1387 1955 1449 ab
2013 1386 2337 1451 occidente
2401 1390 2726 1467 tamquam

433 1493 556 1557 duo
607 1493 738 1556 sint
785 1492 1034 1557 ordines
1084 1494 1544 1565 columnarum,
1602 1494 1972 1557 interiorum
2032 1497 2174 1557 octo
2232 1502 2297 1555 et
2351 1492 2725 1556 exteriorum

433 1599 695 1663 decem?
761 1600 933 1681 quod
981 1600 1034 1663 si
1084 1600 1172 1663 ita
1220 1605 1336 1676 est,
1384 1601 1673 1684 longiora
1721 1603 1904 1665 erunt
1951 1600 2137 1664 etiam
2186 1600 2384 1664 latera
2439 1598 2580 1662 atrii
2629 1618 2724 1662 ex-

431 1704 680 1768 terioris
731 1725 921 1786 quam
970 1704 1361 1769 tabernaculi
1409 1705 1749 1780 interioriS‚
1799 1710 1874 1767 ut
1930 1706 2035 1780 sit,
2093 1704 2258 1769 unde
2316 1705 2391 1767 ab
2450 1707 2723 1769 extremo

431 1811 492 1873 in
545 1812 891 1875 extremum
940 1811 1103 1874 alius
1154 1812 1589 1875 columnarum
1639 1811 1788 1875 ordo
1838 1810 2149 1893 dirigatur
2194 1814 2259 1874 et
2294 1831 2413 1876 non
2452 1811 2728 1875 incurrat

431 1918 493 1980 in
545 1917 827 1981 ordinem
874 1918 1146 1999 priorem
1195 1918 1272 1981 ad
1320 1917 1586 1981 interius
1634 1918 2113 1981 tabernaculum
2161 1910 2598 1999 pertinentem.
2664 1920 2728 1980 et

431 2024 484 2086 si
535 2024 654 2087 hoc
704 2028 821 2101 est,
873 2044 1266 2107 consequens
1316 2025 1453 2102 erit,
1495 2028 1570 2087 ut
1607 2024 1866 2088 nicenae
1904 2024 2049 2088 illae
2091 2025 2419 2088 columnae
2458 2024 2724 2087 duorum

433 2130 702 2193 laterum
763 2130 1154 2195 tabernaculi
1214 2132 1551 2207 interiori8‚
1611 2132 1810 2195 austri
1869 2135 1932 2194 et
1987 2131 2322 2213 aquiloni8‚
2371 2129 2726 2193 interuallis

430 2236 829 2300 breuioribus
879 2237 1256 2301 dirimantur
1301 2257 1489 2320 quam
1537 2238 1685 2301 illae
1732 2238 2013 2311 nicenae,
2054 2257 2211 2319 quas
2258 2237 2451 2300 habet
2496 2236 2725 2300 atrium

435 2342 708 2407 exterius
778 2362 846 2406 ex
906 2343 1141 2407 eisdem
1200 2345 1530 2408 lateribus
1612 2346 1675 2407 et
1731 2344 1879 2425 quia
1934 2344 2029 2407 illi
2088 2343 2420 2407 exteriores
2479 2343 2725 2407 ordines

434 2450 797 2514 uicenarum
830 2451 1290 2528 columnarum,
1324 2451 1495 2515 sicut
1525 2451 1839 2534 scriptura
1876 2450 2179 2534 loquitur,
2214 2453 2475 2515 centena
2514 2449 2727 2514 cubita

430 2561 668 2630 tenent,
736 2558 844 2620 isti
913 2559 1237 2622 interiores
1306 2558 1575 2621 totidem
1642 2559 2076 2623 columnarum
2144 2558 2461 2639 quotlibet
2515 2558 2725 2620 minus

431 2664 646 2727 cubita
712 2667 988 2740 teneant,
1057 2664 1352 2746 quoniam
1426 2665 1546 2728 hoc
1625 2664 1939 2746 scriptura
2004 2684 2126 2729 non
2194 2664 2519 2746 expressit,
2587 2683 2727 2728 con-

437 2789 710 2851 sequens
761 2770 899 2846 erit,
949 2775 1022 2834 ut
1069 2775 1210 2834 octo
1269 2770 1415 2833 illae
1473 2771 1800 2835 columnae
1857 2771 2243 2835 tabemaculi
2300 2770 2616 2834 interioris
2664 2771 2722 2833 in

428 2877 622 2940 latere
691 2877 1066 2942 occidentali
1132 2877 1400 2943 rariores
1469 2879 1599 2941 sint
1664 2897 1850 2960 quam
1919 2878 2180 2942 nicenae
2237 2878 2383 2940 illae
2441 2876 2727 2941 eiusdem

426 2983 815 3047 tabernaculi
894 2984 1202 3048 australes
1273 2987 1335 3047 et
1401 2985 1788 3065 aquiloniae,
1856 2988 1930 3047 ut
2003 2985 2208 3066 possit
2282 2981 2726 3066 comprehendi

436 3089 714 3171 spatium
763 3094 1067 3170 quantum
1119 3091 1358 3154 sufficit
1407 3091 1623 3154 decem
1672 3091 1801 3154 illis
1852 3091 2090 3154 aulaeis
2131 3089 2724 3165 circumtendendiS‚

427 3195 658 3277 quibus
721 3197 1016 3278 primitus
1086 3197 1241 3261 dixit
1307 3198 1424 3260 hoc
1493 3198 1970 3261 tabernaculum
2038 3197 2189 3262 fieri.
2264 3197 2499 3261 habent
2555 3195 2719 3260 enim

428 3301 641 3365 cubita
689 3303 909 3366 uicena
957 3308 1022 3367 et
1070 3309 1316 3380 octona,
1367 3324 1527 3386 quae
1578 3304 1737 3368 fiunt
1786 3305 1979 3369 simul
2039 3305 2307 3368 ducenta
2367 3304 2721 3387 octoginta:

428 3427 694 3488 quorum
742 3409 795 3472 si
845 3414 1101 3473 centena
1151 3415 1362 3475 essent
1407 3410 1467 3473 in
1518 3410 1827 3474 lateribus
1887 3411 2135 3474 duobus
2195 3411 2394 3474 austri
2442 3413 2505 3474 et
2552 3409 2723 3492 aqui-

503 3651 525 3702 1
571 3651 741 3703 aereis
780 3651 963 3704 decem
999 3651 1205 3719 (decem
1246 3669 1314 3705 m.
1354 3655 1394 3705 2
1428 3654 1617 3719 inser.)
1658 3654 1788 3710 P.T
1855 3656 1888 3708 2
1928 3655 2129 3707 orietur
2166 3653 2365 3708 P¹SV¹
2459 3653 2720 3723 quaestio.

427 3740 573 3807 nam]
617 3740 986 3807 quaestionem
1034 3740 1080 3793 C
1183 3743 1218 3792 4
1257 3741 1401 3808 quod
1438 3743 1554 3795 ΡΥ
1657 3743 1689 3794 8
1729 3748 2007 3812 tamquam
2047 3744 2114 3796 ab
2154 3743 2434 3797 occidente
2474 3743 2548 3795 bd
2655 3740 2721 3795 ab

429 3827 707 3880 occidente
765 3831 853 3891 (m.
892 3833 921 3880 1
969 3829 1109 3897 exp.)
1158 3829 1209 3879 V
1376 3833 1407 3882 9
1458 3836 1514 3884 et
1562 3847 1665 3885 om.
1712 3831 1759 3885 0
1926 3833 2248 3885 exteriorum
2298 3848 2341 3886 s,
2397 3832 2431 3885 1.
2484 3849 2551 3884 m.
2601 3834 2640 3884 2
2681 3831 2727 3885 C

430 3918 491 3970 11
537 3917 1040 3985 quam—interioris
1077 3933 1177 3972 om.
1226 3918 1290 3972 Ο1
1448 3920 1593 3974 unde
1632 3938 1733 3975 om.
1779 3921 1827 3974 C
2004 3923 2071 3975 14
2108 3922 2321 3975 uicinae
2364 3922 2465 3986 (sic
2502 3923 2519 3975 i
2550 3937 2656 3990 pro
2694 3938 2721 3974 e

425 4005 667 4073 saepius)
705 4005 811 4057 GV
902 4007 965 4060 15
1003 4007 1228 4060 interius
1275 4009 1478 4062 GPSV
1569 4011 1635 4064 16
1674 4010 1875 4063 habeat
1903 4008 2081 4064 PSV¹
2118 4007 2360 4063 habebat
2396 4010 2447 4062 T
2534 4011 2597 4063 17
2626 4009 2722 4076 fin.

429 4094 659 4147 exterius
698 4093 750 4145 V
854 4094 1068 4147 ordines
1107 4112 1207 4152 om.
1242 4096 1284 4149 C
1371 4099 1435 4150 19
1474 4098 1761 4167 quodlibet
1804 4097 2045 4151 GPS¹V¹
2085 4096 2332 4167 qualibet
2377 4096 2451 4149 Γ2
2529 4098 2593 4151 21
2636 4113 2722 4150 co·

427 4184 643 4236 lumnae
682 4182 807 4235 illae
855 4183 980 4236 Vbd
1139 4185 1191 4237 in
1233 4185 1504 4240 interioris
1541 4188 1598 4239 P
1739 4187 1807 4240 22
1848 4188 2075 4255 uigenae
2122 4185 2244 4239 TP¹
2389 4188 2458 4239 24
2496 4186 2721 4239 circum·

425 4269 714 4323 tendendis
750 4269 947 4337 scripsi
982 4287 1100 4323 cum
1140 4271 1236 4323 bd.-
1274 4272 1658 4326 circumtendis
1705 4273 1751 4326 G
1785 4273 2237 4326 circumtenendis
2276 4272 2483 4327 PSVT
2560 4273 2630 4325 26
2670 4274 2724 4323 et

429 4358 710 4424 octoginta
756 4358 805 4409 T

2766 1610 2821 1648 10

2767 2136 2817 2176 15

2765 2693 2818 2732 80

2762 3228 2815 3267 25
