3076 4976
448 531 574 594 542
1155 527 1207 580 S.
1265 527 1536 580 Aureli
1596 528 2028 596 Augustini

447 726 524 787 et
568 722 789 805 ignis
840 722 1261 786 comburet
1318 720 1592 785 domos
1642 741 1910 785 eorum
1960 721 2092 802 qui
2153 741 2480 785 munera
2537 722 2735 785 acci-

444 830 707 912 piunt:
756 828 822 892 hi
871 831 1021 892 sunt
1067 828 1232 892 enim
1279 827 1436 911 inpii
1485 828 1594 908 qui
1631 847 1893 890 munera
1929 828 2304 908 temporalia
2341 833 2740 911 praeponunt

442 935 745 999 iustitiae.
823 934 1238 1017 concipiet
1283 931 1409 1019 [et]
1459 934 1534 997 in
1608 937 1895 997 uentre
1971 934 2357 1017 gemitus:
2419 954 2492 998 ea
2572 953 2736 1016 quae

445 1044 659 1124 sperat
704 1041 765 1103 in
816 1060 1081 1124 poenam
1127 1039 1223 1104 illi
1271 1040 1626 1122 proficiunt.

532 1146 702 1211 XVI.
752 1146 961 1211 Verba
1004 1147 1137 1211 Iob.
1198 1147 1481 1211 audiui
1530 1147 1737 1210 talia
1783 1146 2064 1209 multa:
2116 1166 2236 1211 non
2296 1148 2505 1211 solum
2566 1166 2731 1229 quae
2811 1171 2838 1209 ε,

445 1274 563 1318 uos
595 1254 828 1318 dicitis,
871 1254 1442 1318 consolatores
1483 1254 1870 1317 malorum
1903 1271 2197 1317 omnes:
2231 1255 2431 1318 malos
2461 1253 2737 1336 potestis

446 1361 777 1436 consolari,
819 1361 968 1442 quia
1003 1359 1125 1442 ipsi
1165 1380 1284 1424 uos
1323 1358 1674 1432 imitantur,
1709 1379 1827 1423 non
1864 1359 2085 1423 bonos.
2127 1363 2191 1423 et
2229 1365 2327 1423 est
2363 1362 2737 1436 uocatiuus3

445 1488 479 1532 a
546 1466 721 1531 nullo
798 1467 963 1530 enim
1038 1471 1327 1530 uestrum
1406 1466 1623 1529 audiui
1689 1465 1930 1547 aliquid
1994 1465 2160 1530 boni.
2230 1466 2417 1547 quid
2488 1467 2740 1530 enim?

446 1573 832 1655 numquid
882 1572 1070 1637 ordo
1112 1572 1348 1636 estin
1390 1572 1900 1636 sermonibus
1942 1571 2340 1655 spiritus?
2380 1574 2737 1655 superbiae.

446 1684 586 1745 aut
648 1681 724 1743 in
792 1700 939 1762 quo
1009 1681 1444 1744 molestum
1510 1679 1667 1742 tibi
1735 1680 1934 1743 erit?
2010 1680 2303 1762 quamuis
2370 1700 2490 1743 non
2559 1701 2738 1745 ames
2779 1709 2833 1746 ιο

446 1787 616 1870 quod
692 1787 886 1850 dicas.
956 1790 1034 1850 et
1100 1804 1240 1869 ego
1312 1786 1751 1850 secundum
1818 1804 1961 1849 uos
2027 1787 2343 1868 loquor:
2422 1787 2739 1868 quomodo

447 1893 618 1977 digni
669 1894 846 1956 estis,
897 1893 961 1956 si
1010 1893 1390 1957 subiecta
1439 1899 1661 1957 esset
1708 1893 1964 1958 anima
2014 1896 2295 1957 uestra
2341 1912 2478 1974 pro
2539 1912 2737 1957 mea:

447 2001 500 2064 si
549 2019 664 2063 uos
713 1999 1083 2082 pateremini
1136 1999 1306 2080 quod
1354 2019 1491 2082 ego,
1541 1999 1833 2082 loquerer
1878 2000 2297 2074 se1·monibuS‚
2349 2020 2471 2064 non
2518 2000 2737 2076 factis;

446 2108 536 2171 ita
581 2107 740 2170 nihil
789 2110 889 2170 est
935 2106 1108 2188 loqui
1161 2107 1327 2188 quod
1377 2127 1498 2170 non
1558 2108 1788 2171 facitis,
1848 2109 1916 2171 si
1965 2109 2167 2172 enim
2226 2108 2532 2189 loquar,
2595 2128 2737 2172 non

446 2213 737 2277 dolebo
787 2215 1161 2278 uulnere:
1223 2213 1558 2278 ostenditis
1615 2233 1732 2278 uos
1780 2233 1983 2296 neque
2039 2215 2101 2277 in
2160 2214 2475 2295 loquendo
2535 2233 2738 2296 neque
2779 2238 2834 2277 ιε,

444 2321 506 2384 in
554 2320 819 2384 tacendo
878 2320 1219 2402 prudentes
1280 2339 1436 2384 esse.
1486 2340 1632 2384 nam
1690 2321 2009 2402 sapientes
2059 2325 2122 2384 et
2169 2340 2310 2384 cum
2370 2322 2739 2402 loquuntur,

445 2427 505 2492 in
593 2427 1134 2493 consolationibus
1221 2427 1711 2505 condolescunt3
1806 2429 1910 2493 uel
1992 2428 2055 2492 in
2141 2427 2539 2493 confessione
2624 2446 2742 2492 sua

446 2537 778 2616 loquentes
854 2534 1071 2599 dolent
1145 2536 1380 2598 uulnus
1456 2554 1643 2599 suum
1709 2536 1814 2598 uel
1883 2555 2027 2600 cum
2092 2538 2324 2610 tacent,
2400 2534 2743 2617 prudenter

453 2645 684 2706 tacent.
735 2661 940 2705 nunc
989 2646 1254 2705 autem
1316 2642 1677 2706 lassauit
1722 2626 1960 2705 meet
2005 2643 2211 2707 fecit
2268 2644 2613 2706 stultum
2663 2646 2742 2705 et

448 2751 791 2829 putrem:
852 2752 925 2810 ut
975 2767 1093 2811 non
1154 2756 1371 2812 contra
1417 2769 1535 2813 uos
1593 2749 1836 2831 loquar,
1888 2749 2043 2813 deus
2101 2750 2295 2831 fregit
2351 2749 2736 2830 superbiam,
2777 2781 2837 2823 20

450 2859 523 2916 ut
590 2854 825 2918 stultus
892 2852 1097 2916 factus
1166 2854 1417 2934 sapiens
1485 2853 1654 2917 fiam.
1724 2854 2292 2936 adprehendisti
2361 2874 2470 2918 me
2530 2857 2604 2918 et
2665 2854 2740 2917 in

450 2959 973 3023 testimonium
1034 2961 1282 3023 factus
1334 2981 1522 3024 sum:
1583 2960 1917 3025 conuicisti
1967 2980 2065 3024 me
2115 2962 2190 3024 de
2237 2962 2518 3043 peccatis
2578 2961 2740 3024 meis

452 3069 514 3129 et
561 3065 901 3129 aduersum
969 3085 1068 3128 me
1137 3086 1252 3149 ego
1324 3087 1466 3130 sum
1531 3068 1738 3133 testis,
1807 3071 1878 3131 et
1945 3069 2276 3131 surrexit
2342 3088 2567 3150 super
2630 3087 2741 3131 me

451 3171 921 3235 mendacium
1007 3191 1273 3236 meum:
1362 3192 1506 3237 cum
1593 3174 1751 3237 mihi
1825 3174 2035 3238 iustus
2112 3174 2390 3240 uidebar.
2479 3181 2743 3238 contra

450 3277 721 3342 faciem
772 3297 1001 3342 meam
1050 3280 1425 3361 respondi,
1459 3280 1578 3344 hoc
1612 3287 1737 3344 est:
1779 3286 2107 3344 statuam
2147 3286 2219 3344 te
2260 3285 2429 3344 ante
2468 3281 2740 3344 faciem
2778 3315 2838 3355 25

450 3388 672 3450 tuam.
721 3384 1116 3449 iracundia
1163 3405 1344 3450 usus
1394 3386 1679 3452 deiecit
1726 3406 1862 3451 me:
1912 3387 2233 3451 benedixit
2281 3406 2437 3452 usus
2495 3389 2743 3453 iracun-

526 3543 548 3594 1
590 3541 688 3595 Iob
730 3543 813 3605 15,
853 3544 921 3596 34
1045 3544 1077 3597 3
1118 3542 1213 3595 101)
1258 3544 1337 3604 15,
1378 3544 1446 3596 35
1576 3546 1607 3597 5
1644 3543 1741 3596 Iob
1783 3545 1865 3603 16,
1906 3545 1938 3596 2
2068 3545 2099 3596 6
2137 3544 2234 3596 101)
2279 3546 2359 3603 16.
2399 3546 2432 3597 2
2570 3546 2604 3598 8
2641 3544 2741 3597 Iob

451 3632 535 3693 16,
576 3633 607 3684 3
739 3631 803 3684 10
840 3630 937 3682 101)
980 3631 1063 3691 16,
1102 3632 1133 3683 3
1268 3634 1323 3683 11
1369 3631 1465 3684 101)
1509 3633 1592 3691 16.
1631 3634 1665 3685 4
1805 3634 1868 3685 12
1906 3632 2002 3685 101)
2047 3634 2129 3696 16,
2167 3635 2200 3686 4
2342 3634 2407 3685 14
2449 3632 2542 3686 lob
2587 3634 2668 3695 16,
2707 3636 2743 3687 6

452 3721 518 3773 19
556 3720 653 3771 101)
696 3720 778 3775 16.
820 3719 848 3770 7
952 3721 1015 3772 21
1057 3718 1155 3771 101)
1199 3721 1280 3782 16,
1322 3720 1370 3772 7.
1412 3720 1444 3772 8
1546 3722 1614 3774 23
1650 3720 1747 3774 Iob
1792 3722 1873 3785 16,
1912 3722 1944 3774 8
2047 3723 2115 3775 24
2154 3721 2250 3774 101)
2295 3723 2376 3783 16,
2409 3723 2442 3776 8
2554 3724 2623 3776 25
2651 3723 2741 3780 Pe.

449 3809 535 3865 49.
577 3808 639 3860 21
755 3808 822 3860 26
860 3806 955 3859 101)
1000 3809 1081 3869 16,
1120 3808 1153 3860 9

526 3914 548 3966 1
594 3912 781 3966 domus
817 3913 998 3967 1²de
1175 3930 1441 3967 marmora
1471 3914 1517 3967 S
1693 3915 1725 3968 3
1764 3918 1819 3967 et
1855 3916 2073 3979 inclusi,
2112 3933 2213 3968 om.
2245 3915 2431 3970 SHier
2610 3933 2742 3969 uen-

449 4008 586 4055 trem
630 4001 681 4055 G
789 4005 820 4056 5
860 4002 969 4053 alia
1009 4001 1202 4055 GTPb
1310 4002 1343 4055 8
1382 4002 1603 4071 aliquod
1639 4004 1694 4056 P
1833 4004 2034 4057 bonum
2079 4003 2128 4057 G
2239 4005 2270 4056 9
2309 4005 2364 4056 in
2404 4003 2744 4058 sermonibus

453 4093 536 4142 est
578 4090 695 4143 de
838 4090 958 4144 est?
997 4092 1217 4159 spiritus
1256 4092 1536 4161 superbiae
1580 4094 1679 4156 (sic
1715 4094 1875 4157 coni.)
1917 4092 1947 4144 b
2098 4093 2156 4145 11
2202 4093 2337 4146 dicis
2375 4093 2406 4145 b
2552 4093 2746 4162 loquar

452 4177 637 4233 SHier
756 4178 821 4232 12
862 4182 1006 4232 esset
1043 4196 1142 4233 om.
1185 4180 1229 4232 C
1407 4182 1586 4234 anima
1623 4185 1805 4233 uestra
1843 4186 1984 4234 esset
2027 4181 2133 4236 GP
2252 4183 2316 4234 14
2354 4198 2461 4234 non
2499 4197 2602 4236 om.
2638 4181 2750 4235 GP

450 4267 644 4335 loquor
684 4268 735 4321 G
813 4270 876 4321 15
917 4268 1071 4321 doleo
1116 4268 1166 4321 G
1295 4269 1612 4322 ostendistis
1652 4270 1689 4322 d
1763 4270 1826 4322 17
1866 4270 1921 4322 in
1948 4286 2038 4338 pr.
2078 4285 2179 4323 om.
2220 4270 2250 4321 b
2330 4270 2393 4321 19
2431 4269 2672 4339 lapsauit
2700 4270 2753 4325 S

451 4357 558 4423 me]
600 4373 682 4409 me
722 4356 874 4409 dolor
910 4357 1051 4410 Hier
1193 4358 1396 4410 stultus
1435 4358 1481 4412 S
1585 4359 1654 4410 25
1691 4358 1969 4427 respondit
2006 4357 2053 4411 S
2191 4357 2316 4410 hinc
2357 4358 2395 4410 d
2527 4359 2596 4412 26
2633 4358 2745 4411 ira-

454 4444 699 4497 cundiam
744 4445 868 4511 (bis)
917 4444 964 4498 G
1006 4444 1278 4515 iracundie
1319 4445 1441 4513 (bis)
1493 4445 1626 4497 TPb
1771 4446 1912 4497 enim
1953 4462 2078 4498 usus
2117 4444 2260 4498 Hier
