3076 4976
929 477 1455 531 Adnotationum
1494 479 1559 531 111
1597 477 1714 531 101)
1754 477 1928 531 liber
1964 477 2006 531 1.
2479 480 2606 542 539

319 673 705 738 minuetur
767 691 993 736 mare:
1061 691 1204 735 nam
1270 676 1416 755 post
1479 672 1774 754 inpletur.
1862 671 2015 736 dicit
2090 674 2304 735 autem
2372 670 2447 734 de
2513 669 2612 734 his

321 780 501 856 10013,
567 779 676 843 ubi
743 798 1041 843 accessus
1110 782 1174 842 et
1230 797 1521 842 recessus
1589 778 1681 852 fit,
1739 778 1845 841 uel
1902 777 2067 859 quod
2133 777 2342 841 omnia
2427 776 2614 841 litora

322 887 594 950 latenter
645 887 1018 949 minuuntur
1076 889 1141 949 et
1195 889 1527 969 augentur,
1586 884 1757 949 horis
1813 883 2164 958 lunaribus,
2212 883 2275 946 id
2325 887 2422 947 est
2470 902 2614 946 cum

324 992 525 1058 oritur
586 993 756 1068 luna,
824 992 929 1055 uel
995 992 1176 1056 nobis
1241 993 1349 1056 uel
1414 992 1558 1056 aliis
1626 1010 1827 1074 usque
1893 990 1970 1054 ad
2029 990 2309 1054 medium
2367 990 2612 1054 caelum

258 1123 286 1160 5
323 1100 557 1163 crescit
603 1101 667 1162 et
711 1099 855 1163 inde
903 1099 1229 1162 minuitur.
1296 1118 1688 1181 usquequo
1739 1098 2030 1161 caelum
2078 1101 2220 1174 est,
2268 1116 2405 1161 non
2456 1115 2612 1160 con·

324 1209 616 1271 suetur:
678 1206 758 1269 ad
804 1225 1065 1280 nouum,
1113 1205 1178 1270 id
1227 1209 1325 1270 est
1370 1206 1493 1287 ipsi
1544 1206 1738 1270 caelo,
1815 1210 2038 1288 atque
2087 1204 2374 1270 utinam
2421 1203 2612 1286 apud

322 1314 610 1378 inferos
696 1333 805 1377 me
881 1312 1399 1377 custodisses:
1467 1332 1673 1394 usque
1733 1311 1889 1377 adeo
1949 1316 2048 1376 est
2103 1331 2250 1395 spes
2307 1328 2614 1376 resurrec-

322 1422 540 1498 tionis,
580 1424 655 1485 ut
690 1421 814 1485 iam
858 1424 922 1484 et
957 1420 1057 1484 his
1098 1439 1371 1484 carerem
1412 1420 1586 1484 uitae
1626 1419 1906 1484 incertis,
1957 1422 2027 1482 et
2076 1418 2610 1483 abscondisses

322 1548 464 1605 me,
524 1528 756 1592 donec
814 1527 1338 1610 requiesceret
1392 1527 1502 1590 ira
1558 1531 1714 1592 tua:
1773 1527 1919 1590 hinc
1967 1530 2092 1589 est:
2153 1525 2613 1589 abscondere

231 1657 287 1697 1⁰
325 1635 722 1719 pusillum,
799 1635 1033 1700 donec
1104 1637 1447 1699 transeat
1518 1633 1629 1697 ira
1706 1633 2015 1709 domini,
2090 1632 2154 1696 id
2221 1635 2350 1708 est,
2417 1632 2613 1696 donec

326 1746 607 1806 transeat
668 1743 795 1806 ista
858 1743 1211 1806 mortalitas
1279 1744 1344 1804 et
1408 1740 1486 1805 ad
1558 1740 2087 1804 resurrectionem
2159 1739 2470 1803 ueniatur.
2552 1738 2614 1802 si

326 1849 518 1913 enim
583 1852 926 1913 mortuus
992 1849 1229 1912 fuerit
1293 1847 1541 1923 hom0,
1609 1847 1851 1911 uiuet:
1918 1866 2064 1910 nam
2127 1845 2282 1909 haec
2339 1864 2459 1909 non
2517 1849 2617 1909 est

326 1957 482 2020 uita.
525 1957 1074 2021 consummatis
1116 1955 1381 2019 diebus
1421 1953 1628 2018 uitae
1669 1974 1874 2017 suae:
1915 1957 2067 2017 tunc
2096 1953 2296 2016 uiuet.
2347 1951 2612 2015 deinde

325 2062 642 2127 uocabis
693 2065 767 2126 et
815 2081 947 2145 ego
1006 2060 1474 2144 respondebo
1531 2061 1704 2124 tibi:
1766 2059 2103 2124 oboediens
2152 2057 2271 2122 tibi
2319 2058 2452 2121 sine
2499 2057 2614 2121 im·

232 2169 690 2252 mpedimento
748 2168 1179 2233 mortalitatis.
1267 2166 1600 2250 signasti
1663 2166 1733 2230 in
1796 2166 2102 2230 sacculo
2158 2164 2612 2246 iniquitates

327 2295 562 2340 meas:
601 2278 676 2339 ut
712 2275 1005 2340 redderes
1036 2274 1214 2339 mihi.
1266 2273 1650 2359 ajdnotasti
1689 2272 1752 2336 si
1792 2271 1967 2354 quid
2005 2271 2299 2335 inuitus
2338 2269 2612 2334 erraui:

328 2382 518 2447 etiam
568 2382 686 2447 1100
735 2372 1097 2446 adnotasti.'
1129 2381 1406 2445 inuitum
1454 2383 1665 2443 autem
1716 2397 1916 2443 errare
1963 2378 2204 2461 peccati
2251 2396 2452 2460 poena
2497 2380 2614 2440 est.

329 2492 404 2553 et
469 2488 769 2571 quidem
835 2508 1043 2552 mons
1113 2487 1382 2551 cadens
1452 2486 1759 2551 defluit:
1825 2484 1918 2549 ita
1981 2487 2045 2549 et
2107 2484 2296 2549 homo
2355 2504 2426 2547 ex
2482 2483 2620 2548 alti-

326 2596 549 2660 tudine
589 2598 651 2660 et
691 2595 989 2659 firmitate
1029 2614 1144 2659 sua
1184 2593 1435 2659 cecidit.
1486 2596 1559 2657 et
1605 2596 1818 2676 petra
1864 2591 2286 2656 ueterascit
2330 2591 2403 2654 in
2448 2590 2616 2655 1000

224 2720 288 2758 20
328 2720 493 2766 suo:
563 2707 637 2765 ut
693 2704 881 2767 homo
940 2703 1002 2766 in
1064 2721 1291 2785 genere
1358 2721 1474 2766 suo
1534 2705 1599 2765 et
1656 2700 2023 2765 condicione
2091 2718 2226 2762 sua.
2312 2701 2385 2762 et
2440 2699 2620 2761 allu-

327 2808 550 2873 uione
599 2809 1111 2891 frequentium
1162 2810 1580 2892 gurgitum:
1631 2807 1813 2888 quasi
1860 2810 1924 2869 et
1970 2806 2160 2871 homo
2207 2805 2296 2868 ita
2334 2804 2411 2867 ad
2450 2803 2623 2868 exili-

323 2916 522 2978 tatem
588 2916 937 2998 perductus
1004 2914 1117 2991 sit,
1187 2934 1332 2979 cum
1400 2914 1635 2978 crebris
1701 2912 2123 2994 cupiditatum
2193 2909 2620 2974 alluuionibus

330 3020 658 3086 adteritur.
729 3041 932 3104 spem
980 3041 1156 3085 uero
1205 3020 1528 3086 hominis
1578 3018 2013 3103 perdidisti:
2064 3017 2297 3103 gradus
2344 3017 2497 3080 fecit
2543 3015 2618 3079 de

323 3131 540 3192 monte
588 3128 665 3192 ad
713 3132 978 3211 petram,
1028 3148 1064 3192 a
1108 3131 1289 3210 petra
1334 3127 1414 3191 ad
1457 3127 1724 3210 lapides,
1774 3146 1810 3189 a
1853 3125 2174 3209 lapidibus
2223 3124 2300 3187 ad
2347 3143 2617 3198 arenam,

220 3259 284 3301 aa
326 3234 477 3314 quia
531 3235 646 3299 has
703 3235 1089 3300 minutiones
1148 3235 1427 3299 carnales
1483 3234 1834 3316 patiuntur.
1919 3236 1984 3297 et
2036 3232 2194 3296 bene
2250 3231 2374 3294 iam
2435 3249 2620 3311 „per-

326 3340 634 3406 didisti“
682 3341 857 3408 dixit.
906 3340 1268 3423 inpulisti
1307 3341 1499 3404 enirn
1536 3340 1608 3403 in
1646 3340 1901 3404 finem:
1943 3338 2006 3401 in
2047 3335 2615 3419 consumptionem,

503 3579 535 3629 5
575 3575 670 3629 Iob
713 3577 795 3637 14,
837 3576 901 3628 12
1086 3575 1118 3628 6
1155 3573 1253 3628 101)
1297 3576 1378 3635 14,
1422 3575 1486 3628 13
1662 3574 1695 3626 8
1733 3572 1830 3627 101)
1873 3573 1956 3631 14,
2000 3572 2064 3625 13
2220 3571 2252 3623 9
2289 3569 2381 3624 Es,
2421 3570 2506 3629 26,
2546 3570 2617 3624 20

322 3665 386 3717 11
432 3663 528 3717 Iob
566 3663 662 3718 Iob
704 3666 789 3727 14,
832 3666 897 3718 14
1082 3666 1146 3717 13
1183 3663 1281 3717 101)
1324 3665 1405 3725 14,
1450 3664 1516 3715 14
1666 3661 1764 3714 101)
1806 3662 1891 3725 14,
1934 3662 1998 3714 15
2184 3661 2248 3712 15
2288 3659 2383 3712 101)
2427 3660 2508 3722 14,
2552 3659 2615 3711 17

322 3754 392 3807 16
431 3751 529 3807 101)
573 3755 653 3813 14,
698 3754 762 3806 17
854 3753 918 3807 18
958 3752 1055 3807 101)
1100 3754 1180 3815 14,
1224 3753 1290 3805 18
1374 3754 1439 3806 19
1477 3750 1575 3805 101)
1619 3753 1702 3814 14,
1744 3751 1810 3804 18
1891 3750 1961 3803 ‘20
1997 3748 2095 3802 Iob
2138 3747 2221 3813 14,
2264 3748 2329 3801 19
2410 3748 2479 3801 23
2516 3746 2614 3799 Iob

319 3843 407 3905 14,
449 3843 515 3896 19
623 3843 692 3896 26
729 3842 827 3895 101)
870 3843 953 3904 14,
991 3842 1060 3895 20

392 3968 425 4019 2
463 3966 548 4035 fit]
591 3966 664 4019 sit
708 3966 758 4019 T
862 3967 894 4019 3
932 3965 1243 4019 minuant-ur
1283 3963 1391 4018 GP
1541 3961 1828 4032 augentur]
1869 3962 2175 4031 allegentur
2217 3959 2267 4013 G
2411 3959 2468 4012 id
2507 3961 2612 4029 est]

318 4055 532 4108 scilicet
570 4053 643 4106 bd
767 4055 801 4107 4
830 4056 996 4123 prius
1032 4053 1145 4123 uel]
1184 4054 1240 4107 in
1288 4053 1332 4107 C
1474 4053 1699 4122 caelum]
1738 4068 1972 4105 mensem
2020 4050 2148 4104 TCb
2259 4052 2291 4104 5
2330 4053 2618 4102 consuetur
2649 4085 2660 4095 .

318 4144 390 4198 ad
426 4160 626 4197 nouum
668 4143 770 4208 (sic
806 4142 969 4205 coni.)
1008 4143 1040 4197 b
1149 4142 1182 4195 8
1220 4143 1423 4212 incerte
1463 4141 1494 4194 b
1627 4142 1693 4195 13
1731 4139 2057 4194 consumatis
2101 4138 2151 4192 G
2191 4141 2534 4192 consumatus
2574 4136 2621 4190 S

320 4235 389 4288 16
426 4232 633 4285 inuitus
671 4248 773 4285 om.
812 4230 859 4283 S
968 4232 1029 4284 17
1067 4247 1241 4300 poena
1276 4230 1488 4300 peccati
1532 4229 1705 4283 Tde
1814 4229 1879 4282 18
1917 4227 2134 4297 quidam
2173 4226 2218 4279 C
2343 4225 2545 4279 defluet
2571 4225 2621 4279 S

316 4322 505 4391 homo]
546 4320 650 4374 1100
693 4319 744 4373 G
928 4321 992 4372 19
1034 4320 1321 4372 ueterescit
1360 4318 1405 4373 S
1582 4318 1652 4371 20
1688 4318 1949 4371 illuuione
1993 4316 2044 4370 G
2224 4317 2287 4369 21
2332 4313 2422 4383 ad]
2475 4319 2530 4367 et
2573 4313 2622 4368 0

317 4412 390 4464 25
427 4409 776 4463 munitiones.
803 4408 852 4463 G
890 4408 1217 4461 mutationes
1258 4408 1288 4460 b
1398 4409 1468 4461 26
1507 4406 1669 4476 enim]
1712 4423 1827 4459 eum
1869 4405 1916 4459 S
