3076 4976
495 467 622 530 522
1198 463 1247 519 S.
1308 463 1585 517 Aureli
1641 462 2079 532 Augustini

492 663 897 741 tamquam
936 658 1491 723 mercenarius
1533 658 1669 740 qui
1710 661 2091 739 expectat
2127 657 2576 723 mercedem
2616 677 2785 739 ope·

492 767 603 830 ris
654 764 823 829 sui?
871 765 993 829 iste
1043 784 1075 828 a
1124 764 1445 846 superiore
1501 765 1623 829 hoc
1682 764 1910 842 differt,
1970 763 2140 847 quod
2191 763 2485 847 superior
2539 763 2786 838 habuit,

492 872 595 937 hic
663 875 878 936 autem
952 870 1183 934 habere
1260 870 1578 938 desiderat
1640 871 1781 952 ipsa
1855 870 2247 953 temporalia.
2314 870 2431 935 sic
2500 874 2577 934 et
2642 890 2786 955 ego

496 977 929 1062 expectaui
989 996 1304 1042 menses
1372 996 1657 1042 uanos:
1715 978 1842 1041 iam
1889 978 1968 1042 ad
2013 977 2302 1042 umbram
2360 976 2519 1041 dixit
2565 995 2788 1052 uanos,

493 1085 561 1149 id
607 1089 707 1149 est
752 1084 1126 1167 temporalia
1173 1084 1352 1149 bona.
1406 1087 1485 1148 et
1532 1088 1818 1149 noctes
1878 1085 2247 1149 dolorum
2305 1083 2541 1147 datae
2600 1086 2790 1148 sunt
2856 1108 2880 1146 s

493 1190 717 1255 mihi:
768 1192 831 1255 in
889 1191 1121 1274 quibus
1170 1195 1234 1255 et
1278 1191 1383 1255 lux
1443 1191 1762 1256 amittitur
1818 1191 2165 1273 sapientiae
2215 1193 2280 1254 et
2333 1189 2633 1255 materies
2691 1193 2793 1254 est

496 1316 859 1380 poenarum.
910 1297 978 1362 si
1027 1297 1450 1374 dormiere,
1501 1297 1711 1362 dico:
1762 1296 2076 1380 quando
2127 1297 2348 1365 dies?
2395 1299 2472 1361 et
2520 1296 2587 1361 si
2629 1316 2792 1361 sur·

493 1422 794 1481 texero,
862 1423 1208 1469 rursum:
1276 1403 1590 1486 quando
1657 1408 1989 1487 uesper?
2056 1404 2302 1486 quando
2371 1402 2793 1485 cupiditatem

494 1510 738 1594 negotii
802 1510 1042 1593 patitur
1107 1509 1296 1575 homo
1364 1509 1426 1573 in
1495 1509 1626 1574 otio
1694 1513 1758 1573 et
1813 1509 1929 1574 otii
1988 1509 2053 1573 in
2118 1509 2399 1594 negotio.
2466 1509 2794 1591 repleor

498 1621 763 1680 autem
840 1616 1274 1681 doloribus
1342 1636 1378 1681 a
1440 1634 1785 1699 uespere
1861 1636 2114 1698 usque
2181 1617 2273 1681 ad
2346 1636 2595 1681 mane:
2664 1634 2791 1698 quo
2835 1641 2880 1680 ιο

498 1722 732 1788 occidit
777 1742 813 1786 a
877 1722 1015 1787 deo.
1083 1722 1248 1787 unde
1315 1726 1378 1786 et
1426 1722 1506 1786 ad
1573 1741 1907 1804 uesperam
1973 1722 2388 1787 deambulans
2455 1721 2614 1786 deus
2681 1740 2791 1785 eos

498 1828 768 1892 dimisit:
819 1827 989 1911 quod
1037 1828 1357 1912 significat
1400 1829 1717 1906 uolenteS,
1774 1829 2006 1911 quibus
2055 1829 2231 1893 nulla
2290 1828 2641 1910 expectatio
2692 1831 2793 1891 est

497 1934 760 1998 remedii
823 1935 947 1999 nisi
1013 1954 1215 1999 mane.
1293 1935 1368 1999 de
1436 1955 1559 2017 quo
1636 1935 1895 1999 dicitur:
1971 1954 2191 1999 mane
2258 1934 2542 1999 astabo
2610 1933 2791 2009 tibi,

495 2040 561 2105 id
608 2048 707 2106 est
753 2042 1002 2124 quando
1066 2046 1215 2125 post
1269 2042 1580 2106 iudicium
1645 2061 1829 2106 mane
1895 2041 2050 2106 deus
2118 2041 2510 2106 reuelabitur
2577 2040 2792 2105 iustis.

497 2149 661 2214 unde
728 2154 792 2213 et
854 2150 1147 2215 dominus
1213 2169 1479 2232 uespere
1547 2149 1856 2231 sepelitur
1919 2152 1982 2213 et
2037 2168 2219 2213 mane
2283 2148 2580 2232 resurgit.
2631 2148 2794 2212 hanc
2833 2173 2880 2214 ιε

500 2274 648 2339 ergo
679 2256 881 2320 uitam
911 2261 1234 2339 tamquam
1264 2256 1529 2321 lucifero
1560 2258 1774 2339 potest
1806 2275 2188 2338 comparare.
2222 2258 2300 2319 et
2339 2255 2796 2320 concrescit

500 2380 794 2444 corpus
843 2381 1093 2427 meum
1154 2363 1591 2446 putredine
1647 2362 2071 2427 uermium:
2131 2361 2442 2425 uermium
2502 2361 2794 2424 multitu-

500 2468 662 2534 dine.
711 2469 1052 2536 infundo
1105 2470 1386 2554 glebas
1435 2473 1703 2534 terrae
1750 2469 2040 2534 radens
2091 2467 2427 2534 saniem:
2468 2466 2791 2551 expressio

498 2577 922 2660 cupiditatum
967 2577 1076 2641 uel
1123 2595 1417 2641 curarum
1465 2575 1905 2653 confessionis,
1953 2576 2016 2639 in
2066 2594 2191 2658 qua
2237 2574 2517 2658 gaudent
2563 2573 2789 2656 iniqui,

499 2684 666 2764 quod
715 2684 792 2747 ad
849 2684 1246 2748 occasionem
1302 2682 1603 2766 redigunt
1655 2682 1979 2766 peccandi,
2039 2701 2200 2765 quae
2258 2681 2368 2745 alii
2415 2700 2526 2763 per
2580 2679 2792 2763 paeni·
2828 2709 2883 2748 20

497 2789 762 2852 tentiam
830 2788 1239 2854 confitentur:
1315 2787 1481 2852 unde
1560 2791 1710 2852 sunt
1785 2806 1993 2865 canes,
2070 2788 2179 2870 qui
2243 2786 2459 2851 Lazari
2526 2786 2792 2850 uulnera

495 2895 842 2978 lingebant.
920 2896 998 2958 et
1070 2894 1244 2958 uita
1309 2912 1476 2957 mea
1551 2894 1846 2959 exilior
1919 2897 2044 2958 est
2118 2913 2348 2975 quam
2420 2892 2787 2973 loquela:

497 3002 708 3065 minus
785 3001 950 3065 enim
1024 3000 1185 3065 facio
1264 3019 1454 3083 quam
1527 3000 1771 3082 loquor.
1835 2999 2266 3065 recordare
2333 3018 2523 3083 ergo
2603 2998 2789 3079 quia

498 3108 852 3189 spiritus
913 3110 1038 3172 est
1096 3108 1268 3171 uita
1322 3127 1517 3171 mea:
1566 3106 1632 3172 id
1683 3111 1781 3172 est
1826 3108 1892 3171 in
1940 3108 2104 3171 fame
2164 3106 2455 3189 spiritali.
2515 3108 2597 3169 et
2643 3124 2789 3170 non

496 3215 870 3278 reuertar
933 3213 1026 3277 ad
1091 3213 1497 3280 uisibilia.
1575 3231 1721 3277 non
1787 3232 1901 3277 me
1970 3216 2416 3297 cognoscet
2492 3212 2881 3283 oculus„

682 3457 713 3509 3
754 3456 852 3510 Iob
894 3458 943 3519 7,
983 3456 1016 3510 3
1126 3457 1158 3510 5
1194 3455 1293 3509 Iob
1335 3457 1383 3515 7,
1423 3457 1455 3510 3
1569 3456 1598 3508 7
1638 3455 1734 3509 Iob
1775 3457 1823 3516 7,
1861 3457 1895 3509 4
2003 3455 2171 3509 9101:
2212 3457 2261 3517 7,
2299 3457 2333 3509 4
2447 3456 2507 3509 11
2550 3454 2617 3509 cf.
2659 3454 2787 3509 Gen.

499 3546 548 3601 3.
589 3544 638 3596 8.
676 3544 747 3598 23
878 3544 944 3597 13
980 3543 1069 3598 Ps.
1109 3545 1163 3603 5,
1198 3545 1234 3596 4
1356 3545 1419 3597 15
1461 3543 1526 3598 cf.
1567 3544 1681 3597 Ioh.
1727 3545 1790 3597 19
1830 3548 1885 3597 et
1921 3544 1991 3598 20
2114 3545 2178 3597 16
2214 3544 2313 3598 Iob
2353 3546 2402 3606 7,
2442 3545 2474 3597 5
2590 3544 2656 3597 18
2693 3543 2788 3597 Iob

499 3635 548 3690 7,
587 3635 618 3687 5
738 3633 802 3686 21
847 3632 913 3688 cf.
954 3632 1078 3685 Luc.
1123 3632 1206 3695 16,
1246 3633 1311 3685 21
1432 3634 1501 3686 22
1538 3632 1638 3686 Iob
1679 3634 1729 3698 7,
1768 3634 1799 3687 6
1929 3634 1996 3686 23
2034 3633 2132 3687 Iob
2173 3634 2222 3696 7,
2264 3634 2295 3686 7
2422 3633 2494 3686 24
2530 3632 2628 3686 Iob
2670 3634 2720 3694 7,
2759 3633 2788 3685 7

498 3724 566 3776 25
604 3720 700 3774 Iob
743 3722 791 3779 7.
832 3721 864 3775 8

574 3846 597 3898 1
642 3845 733 3913 qui
781 3844 1046 3914 expectat]
1096 3848 1383 3913 expectans
1432 3843 1478 3899 S
1654 3846 1687 3899 2
1734 3846 1997 3915 superiori
2041 3846 2135 3899 Pd
2347 3844 2471 3912 hoc]
2526 3845 2581 3897 in
2620 3844 2723 3897 hoc
2759 3843 2788 3896 b

500 3935 529 3986 7
571 3932 709 4002 dies]
748 3933 893 3988 dices
937 3934 984 3987 G
1017 3933 1132 3987 dies
1172 3940 1254 3987 est
1294 3934 1324 3987 b
1399 3938 1433 3988 8
1472 3950 1755 4004 uesperum
1785 3933 1826 3988 S
1865 3951 2092 4004 uespera
2122 3934 2262 3988 Hier
2333 3934 2366 3985 9
2397 3934 2495 3986 alt.
2525 3933 2582 3986 in
2613 3949 2715 3987 om.
2750 3932 2794 3987 0

501 4022 566 4076 10
605 4039 828 4092 uerpera
867 4022 1008 4076 Hier
1116 4024 1293 4092 mane]
1330 4039 1415 4076 me
1458 4022 1505 4076 C
1615 4023 1679 4075 12
1718 4022 1964 4076 dolentes
2005 4023 2044 4076 d
2154 4024 2217 4075 13
2256 4037 2412 4075 mane
2450 4020 2643 4075 astabo
2680 4037 2786 4090 sqq.

495 4127 667 4178 usque
713 4111 792 4163 ad
828 4128 963 4180 paq.
1016 4114 1151 4173 524,
1199 4115 1279 4165 25
1327 4112 1370 4164 si
1430 4111 1570 4164 enim
1626 4127 1727 4165 om.
1785 4112 1940 4165 codd.
2003 4111 2111 4165 GP
2290 4113 2356 4165 14
2413 4109 2663 4164 dominus
2714 4109 2788 4163 Cb

501 4200 566 4252 16
603 4203 882 4268 tamquam
921 4216 1023 4255 om.
1070 4200 1117 4253 C
1291 4203 1600 4252 concrescet
1636 4200 1680 4254 S
1863 4201 1925 4252 17
1967 4201 2198 4254 alterum
2245 4199 2507 4253 uermium
2546 4215 2650 4253 om.
2699 4196 2794 4251 TC

501 4287 567 4340 18
605 4287 795 4356 globos
835 4287 866 4340 b
1012 4288 1217 4341 uadens
1261 4288 1308 4341 G
1417 4304 1665 4357 expresso
1710 4287 1758 4341 C
1852 4288 1922 4341 23
1962 4288 2112 4358 ergo]
2150 4290 2338 4357 itaque
2378 4288 2523 4342 Hier
2631 4288 2701 4342 24
2737 4290 2789 4341 et

498 4392 603 4429 non
642 4376 872 4447 amplius
912 4382 1213 4430 reuertetur
1250 4376 1436 4429 oculus
1475 4392 1625 4429 meus
1663 4375 1847 4429 uidere
1886 4375 2027 4430 bona
2065 4376 2250 4431 SHier
