3076 4976
630 462 1105 527 Quaestionum
1146 460 1257 514 lib.
1300 460 1401 513 VII
1445 460 1736 527 (Quaest.
1778 459 1850 514 de
1888 459 2276 527 Iudicibus).
2464 462 2593 526 457

301 656 363 720 111
412 657 574 722 libro
622 657 771 720 Iesu
816 654 1019 731 Naue,
1070 655 1275 738 magis
1317 655 1609 720 existimo
1651 655 2172 739 praeoccupando
2213 673 2597 719 commemo-

301 767 531 837 ratum,
582 763 751 846 quod
807 766 958 845 post
1003 762 1139 826 eius
1204 765 1469 826 mortem
1543 763 1648 826 uel
1712 763 1997 827 futurum
2065 782 2204 827 esse
2271 762 2396 826 iam
2458 761 2597 843 ipse

302 874 566 935 nouerat
626 869 999 953 prophetico
1067 868 1316 950 spiritu,
1367 869 1423 933 si
1469 869 1546 932 ab
1615 868 1725 934 illo
1783 868 1944 934 liber
2007 869 2407 952 conscriptus
2476 871 2596 944 est,

304 977 413 1058 qui
460 977 817 1059 appellatur
879 976 1024 1041 Iesu
1085 974 1289 1052 Naue,
1346 976 1473 1054 uel,
1533 975 1589 1040 si
1637 977 1715 1040 ab
1773 976 1897 1040 alio
1957 978 2234 1060 scriptus
2293 979 2410 1053 est,
2468 975 2597 1038 iam

235 1107 262 1147 5
303 1084 542 1147 factum
608 1102 750 1148 6336
819 1082 1060 1147 sciebat
1121 1087 1272 1165 post
1336 1086 1609 1147 mortem
1674 1083 1845 1162 Iesu,
1915 1083 2083 1165 quod
2130 1083 2191 1146 in
2261 1082 2369 1146 illo
2434 1081 2595 1146 libro

300 1189 818 1272 praeoccupando
869 1189 1416 1255 commemorauit.

391 1297 565 1361 XIII.
634 1295 803 1375 Quid
860 1299 959 1360 est
1015 1296 1184 1378 quod
1241 1297 1509 1379 angelus
1567 1296 1806 1361 domini
1861 1297 2026 1361 inter
2080 1300 2291 1361 cetera
2346 1294 2596 1359 diuinae

305 1403 816 1468 comminationis
865 1402 1051 1467 dicit:
1101 1422 1240 1468 uon
1291 1402 1610 1467 adiciam
1649 1403 2196 1488 transmigrare
2234 1403 2597 1485 populum

303 1528 519 1592 quem
585 1509 737 1574 dixi
805 1509 1048 1574 eicere
1107 1506 1254 1596 [non
1305 1507 1608 1596 auferam]
1670 1528 1794 1574 603
1844 1528 1879 1573 a
1927 1509 2121 1574 facie
2180 1511 2465 1584 uest1·a;
2521 1512 2595 1572 et

211 1643 264 1684 ιο
304 1619 520 1682 erunt
563 1616 787 1681 uobis
835 1617 906 1680 111
957 1616 1357 1699 angustias
1407 1620 1482 1680 et
1528 1616 1633 1680 dii
1683 1626 1936 1681 eorum
1986 1619 2207 1681 erunt
2252 1615 2472 1681 uobis
2518 1616 2592 1679 in

303 1724 757 1802 scandalum,
815 1724 940 1788 nisi
988 1727 1062 1788 ut
1117 1724 1572 1808 intellegamus
1629 1724 1933 1789 nonnulla
1990 1724 2181 1788 etiam
2231 1723 2306 1787 de
2353 1723 2446 1786 ira
2494 1722 2595 1787 dei

301 1832 515 1896 uenire
579 1834 882 1913 peccata?
946 1833 1022 1894 ut
1068 1832 1235 1895 enim
1301 1830 1389 1894 dii
1447 1831 1755 1915 gentium,
1822 1831 1987 1895 inter
2050 1850 2205 1913 quas
2274 1849 2394 1895 non
2443 1848 2479 1892 a
2528 1849 2596 1894 se

303 1938 744 2003 exterminatas
790 1937 1163 2002 Israhelitae
1202 1937 1489 2001 habitare
1527 1937 1889 2015 uoluerunt,
1933 1940 2148 2002 essent
2185 1936 2275 2001 eis
2313 1937 2376 2000 in
2418 1954 2594 2000 scan-

302 2044 537 2122 dalum,
601 2045 670 2108 id
714 2048 815 2108 est
875 2045 1159 2109 facerent
1224 2062 1333 2109 eos
1400 2044 1812 2108 scandalizari
1858 2044 1922 2107 in
1972 2043 2224 2108 domino
2292 2042 2408 2107 deo
2476 2062 2592 2108 suo

208 2178 262 2218 1⁵
302 2169 503 2234 eoque
579 2151 813 2216 offenso
879 2150 1097 2215 uiuere
1161 2150 1496 2234 indignans
1565 2150 1684 2214 hoc
1750 2151 2172 2216 comminatus
2241 2153 2340 2213 est
2404 2148 2590 2213 deus:

303 2258 471 2339 quod
518 2263 686 2323 certe
734 2257 1141 2322 manifestum
1192 2262 1289 2321 est
1334 2276 1636 2340 magnum
1686 2275 1825 2321 6336
1872 2258 2223 2337 peccatum.

389 2364 599 2429 XIIII.
664 2365 758 2430 Et
824 2363 1119 2429 dimisit
1182 2364 1396 2429 Iesus
1463 2364 1853 2446 populum;
1903 2365 1977 2426 et
2022 2362 2371 2426 abierunt
2435 2361 2589 2426 filii

302 2471 601 2536 Israhel
649 2470 1176 2554 unusquisque
1225 2472 1296 2537 in
1346 2471 1638 2537 domum
1690 2488 1896 2534 suam
1945 2472 2018 2534 et
2063 2468 2588 2551 unusquisque

301 2579 373 2642 in
422 2578 923 2643 hereditatem
992 2596 1200 2642 suam
1267 2577 1702 2642 hereditare
1749 2581 2045 2643 terram.
2094 2577 2214 2641 hoc
2262 2595 2374 2658 per
2423 2595 2588 2640 reca-

196 2715 261 2756 20
298 2684 745 2768 pitulationem
799 2684 1015 2748 iterari
1069 2685 1248 2748 nulla
1304 2683 1617 2748 dubitatio
1676 2685 1792 2747 est.
1851 2701 1994 2746 nam
2044 2685 2109 2746 et
2162 2700 2332 2746 mors
2386 2681 2589 2765 ipsius

298 2791 447 2856 Iesu
500 2791 682 2855 Naue
739 2791 931 2855 etiam
986 2789 1049 2854 in
1106 2791 1227 2855 hoc
1282 2790 1444 2854 libro
1513 2792 2059 2864 commemoratur,
2126 2792 2200 2854 ut
2263 2791 2588 2869 tamquam

298 2898 377 2961 ab
427 2897 676 2962 exordio
744 2901 970 2962 cuncta
1034 2897 1315 2961 breuiter
1365 2896 1789 2977 insinuentur,
1838 2916 1908 2960 ex
1965 2914 2090 2978 quo
2148 2895 2238 2959 eis
2295 2894 2591 2959 dominus

298 3003 479 3068 dedit
529 3007 781 3081 terram,
839 3006 903 3067 et
958 3003 1493 3086 quemadmodum
1552 3003 1671 3068 sub
1728 3002 1885 3086 ipsis
1942 3003 2262 3067 iudicibus
2319 3001 2594 3065 uixerint

299 3130 542 3192 quaeue
570 3111 857 3192 perpessi
896 3111 1051 3187 sint3
1093 3115 1282 3193 atque
1321 3110 1552 3174 iterum
1589 3111 1832 3175 reditur
1870 3110 1946 3174 ad
1983 3111 2267 3193 ipsorum
2304 3109 2591 3174 iudicum

193 3249 254 3289 25
298 3215 582 3281 ordinem
631 3217 706 3281 ab
757 3237 828 3282 60
879 3218 986 3300 qui
1034 3218 1277 3299 primus
1327 3221 1426 3282 est
1472 3217 1884 3282 constitutUS.

390 3323 529 3388 XV.
586 3325 679 3390 Et
725 3325 1054 3390 surrexit
1115 3325 1504 3410 generatio
1556 3325 1797 3389 altera
1849 3327 2024 3406 post
2071 3343 2216 3400 603,
2268 3323 2393 3405 qui
2452 3341 2590 3386 11011

299 3431 647 3496 scierunt
710 3432 1086 3497 dominum
1148 3435 1221 3497 et
1267 3451 1490 3514 opera
1556 3431 1718 3494 eius
1787 3450 1973 3512 quae
2031 3431 2219 3495 fecit
2273 3429 2587 3495 Israhel.

297 3537 596 3621 exposuit
632 3539 948 3619 quomodo
989 3538 1216 3603 dixerit
1269 3558 1443 3614 „non
1497 3537 1837 3602 scierunt
1876 3537 2318 3614 dominun1“,
2358 3537 2420 3600 in
2460 3535 2590 3599 illis

294 3643 605 3709 uidelicet
648 3644 990 3726 praeclaris
1039 3649 1105 3708 et
1149 3644 1549 3709 mirabilibus
1610 3644 1926 3726 operibus,
1975 3663 2087 3725 per
2134 3663 2292 3726 quae
2349 3643 2590 3706 factum

179 3785 247 3823 ,ο
295 3755 400 3816 est
446 3754 588 3815 ante
635 3752 806 3829 illos,
853 3753 928 3815 ut
972 3750 1213 3815 Israhel
1261 3751 1453 3815 sciret
1501 3750 1847 3814 dominum.

482 3926 507 3979 1
548 3924 653 3978 102.
700 3926 779 3986 13,
822 3925 959 3978 1—3
1070 3925 1103 3978 s
1139 3923 1257 3978 Iud.
1298 3925 1347 3988 2,
1387 3925 1418 3977 3
1532 3925 1597 3978 17
1637 3924 1756 3977 Iud.
1797 3925 1846 3988 2,
1889 3925 1920 3976 6
2039 3923 2108 3977 20
2148 3922 2212 3976 cf.
2251 3923 2356 3976 103.
2395 3923 2479 3984 24,
2520 3921 2589 3975 23

291 4016 362 4069 21
406 4014 472 4068 cf.
512 4013 628 4069 1u‹1.
669 4015 719 4080 2,
758 4013 791 4066 3
901 4015 968 4068 26
1006 4013 1122 4067 Iud.
1164 4015 1213 4075 2,
1259 4013 1323 4066 10

369 4121 404 4173 3
442 4121 488 4173 si
527 4137 628 4174 om.
668 4120 732 4172 Ν
900 4121 933 4173 9
972 4137 1077 4173 11011
1117 4119 1355 4174 auferam
1393 4120 1624 4182 inclusi,·
1660 4137 1769 4173 non
1809 4119 2046 4173 auferam
2085 4118 2228 4172 enim
2263 4115 2435 4170 uerba
2471 4115 2586 4169 cod.

301 4210 436 4262 ναι.
474 4210 655 4271 uertit,
694 4225 815 4262 cum
850 4225 969 4278 sup.
1007 4209 1180 4262 uerba
1219 4209 1333 4263 cod.
1375 4209 1532 4262 Alex.
1573 4209 1818 4275 reserant
1893 4208 1957 4261 13
1997 4223 2112 4259 esse
2151 4206 2195 4260 S
2300 4206 2354 4258 111
2382 4221 2484 4259 om.
2513 4203 2588 4257 P¹

292 4299 364 4353 17
402 4313 506 4352 sec.
543 4298 659 4352 cod.
701 4298 859 4352 Alex.
988 4299 1057 4351 20
1094 4314 1218 4350 nam
1259 4299 1335 4367 et]
1377 4301 1562 4350 manet
1599 4296 1645 4351 S
1767 4297 1834 4350 22
1873 4295 2274 4349 insinuarentur
2309 4292 2593 4348 PSVde

285 4389 368 4442 24
404 4391 534 4439 sunt⁴
569 4386 683 4439 PV
786 4387 855 4440 28
893 4386 1127 4440 dixerint
1160 4385 1287 4440 P¹S
