3076 4976
366 440 494 502 208
1063 433 1117 489 S.
1173 433 1451 488 Aureli
1508 434 1950 505 Augustini

368 630 573 693 uelis
633 629 718 692 (16
774 629 1258 713 longitudine
1323 630 1667 695 uelorum
1734 630 2221 695 tabernaculi
2292 632 2438 696 erit
2502 652 2660 696 6011-

369 740 638 820 tegens
701 755 928 818 super
981 737 1224 800 latera
1280 737 1791 815 tabernaculi,
1843 737 2012 801 hinc
2071 740 2294 820 atque
2352 738 2523 803 hinc
2579 742 2663 803 ut

370 844 679 927 operiat.
767 862 912 906 cum
987 847 1234 907 sextum
1311 844 1527 907 uelum
1602 843 1862 908 iusserit
1934 844 2244 927 duplicari
2311 845 2657 910 secundum

368 950 595 1015 faciem
658 950 1079 1028 tabernaculi,
1148 950 1302 1033 quid
1367 951 1538 1014 dicat
1604 969 1902 1033 superare
1968 951 2028 1014 in
2095 951 2261 1015 uelis
2330 951 2662 1016 dimidium

369 1058 496 1121 ueli
547 1061 611 1122 et
658 1057 811 1139 quid
860 1056 1057 1121 dicat:
1119 1057 1458 1121 cubitum
1520 1076 1599 1120 ex
1658 1057 1795 1122 hoc
1853 1060 1926 1121 et
1982 1058 2322 1122 cubitum
2375 1077 2454 1122 ex
2500 1059 2660 1135 hoc,
2727 1084 2755 1123 5

370 1184 513 1230 cum
574 1163 908 1227 dimidium
966 1163 1096 1227 ueli
1153 1162 1511 1244 quindecim
1572 1163 1786 1227 cubita
1844 1164 1990 1241 sint,
2051 1166 2348 1246 quoniam
2403 1164 2667 1249 triginta

371 1272 731 1335 cubitorum
795 1269 990 1334 iussit
1056 1289 1195 1333 esse
1261 1290 1458 1334 unum
1524 1270 1766 1348 uelum,
1836 1270 1979 1352 quis
2041 1258 2228 1335 'facile
2293 1271 2661 1355 intellegat?

370 1382 481 1442 aut
529 1378 580 1441 si
629 1379 962 1460 propterea
1010 1379 1270 1458 superat
1318 1377 1393 1440 (16
1439 1377 1839 1460 longitudine
1897 1378 2205 1451 uelorum,
2263 1378 2412 1459 quia
2462 1378 2667 1460 prima

371 1485 593 1549 aulaea
659 1483 733 1546 de
799 1483 988 1565 bysso
1057 1486 1122 1547 et
1185 1502 1374 1547 cocco
1442 1486 1506 1546 et
1568 1503 1847 1565 purpura
1903 1487 1966 1548 et
2030 1484 2367 1566 hyacintho
2433 1484 2667 1568 uiginti

370 1595 512 1656 octo
563 1589 798 1653 cubitis
846 1589 1038 1673 longa
1085 1608 1224 1654 esse
1271 1589 1612 1671 praecepit,
1660 1590 1786 1653 ista
1830 1609 1980 1654 uero
2030 1591 2359 1672 capillacia
2402 1591 2667 1675 triginta
2704 1617 2759 1655 10

372 1698 729 1762 cubitorum
808 1715 948 1759 esse
1027 1696 1260 1772 uoluit,
1329 1695 1580 1760 duobus
1656 1697 1889 1760 cubitis
1967 1702 2343 1779 superantur
2415 1699 2667 1783 singula

371 1806 592 1869 aulaea
640 1803 910 1887 singulis
961 1803 1122 1866 uelis
1174 1803 1551 1886 capillaciis:
1612 1823 1770 1885 quae
1828 1804 1890 1867 in
1951 1823 2266 1868 summam
2324 1806 2515 1869 ducta
2569 1825 2665 1869 ex-

373 1916 555 1993 cepto
617 1910 975 1985 undecimo,
1036 1910 1203 1991 quod
1263 1910 1573 1992 duplicari
1631 1910 1843 1986 iussit,
1902 1911 2131 1995 uiginti
2192 1912 2406 1975 cubita
2463 1932 2665 1976 excre-

374 2022 580 2094 scunt,
640 2018 872 2099 quibus
932 2021 1269 2099 superatur
1324 2017 1604 2081 ambitus
1672 2017 2037 2081 aulaeorum
2105 2019 2346 2082 ambitu
2413 2019 2666 2099 capilla-

373 2127 636 2190 ciorum.
699 2123 914 2188 decem
975 2123 1206 2206 quippe
1264 2125 1550 2189 uelorum
1610 2124 1826 2188 cubita
1878 2124 2045 2202 bina,
2104 2124 2339 2206 quibus
2385 2126 2667 2209 longiora
2704 2152 2759 2190 15

376 2234 572 2308 erant,
623 2230 857 2315 uiginti
904 2231 1173 2294 faciunt:
1234 2249 1502 2311 quorum
1552 2250 1621 2294 ex
1669 2233 1939 2312 utroque
1993 2231 2192 2295 latere
2249 2231 2467 2294 decem
2523 2231 2669 2295 hinc

373 2344 438 2404 et
504 2338 718 2402 decem
788 2337 932 2400 inde
998 2340 1292 2417 poterant
1360 2356 1676 2418 superare,
1744 2357 1865 2400 non
1933 2338 2216 2401 cubitum
2285 2357 2355 2400 ex
2418 2337 2538 2400 hoc
2605 2341 2670 2402 et

374 2446 658 2510 cubitum
705 2464 774 2508 ex
812 2445 953 2518 1106,
998 2444 1168 2508 sicut
1207 2444 1520 2526 scriptura
1558 2445 1859 2525 loquitur.
1913 2447 2292 2527 quapropter
2329 2443 2671 2508 differenda

372 2553 527 2617 mihi
566 2551 822 2616 uidetur
858 2551 1048 2614 huius
1082 2550 1204 2614 loci
1238 2551 1569 2632 expositio,
1603 2551 1798 2615 donec
1838 2551 2313 2616 tabernaculum
2355 2552 2667 2615 columnis

376 2659 670 2722 omnibus
720 2677 865 2721 cum
915 2657 1093 2731 atri0‚
1147 2658 1314 2739 quod
1364 2658 1881 2740 circumponitur,
1942 2658 2109 2722 omni
2168 2677 2238 2722 ex
2293 2661 2469 2740 parte
2525 2676 2667 2722 con·
2704 2693 2759 2731 20

376 2767 582 2830 sistat.
661 2764 952 2829 fortassis
1004 2763 1168 2827 6111111
1219 2783 1329 2846 per
1376 2764 1891 2846 anticipationem
1948 2764 2187 2846 aliquid
2245 2764 2399 2828 dicit
2444 2764 2520 2828 de
2566 2764 2665 2828 his

375 2872 537 2936 uelis
607 2871 977 2953 capillacii8‚
1047 2871 1215 2952 quod
1273 2871 1347 2934 ad
1415 2872 1526 2934 illa
1591 2872 1899 2953 proficiat,
1961 2871 2035 2935 (16
2092 2871 2324 2953 quibus
2390 2871 2668 2935 nondum

374 2980 631 3043 locutus
691 2981 806 3043 est.
886 2977 1052 3059 quod
1112 2977 1278 3041 enim
1338 2978 1521 3041 dicit:
1592 2980 1666 3041 et
1729 2977 1968 3041 facies
2036 2978 2207 3041 uela
2262 2977 2667 3059 capillacia

375 3085 666 3167 operire
726 3103 954 3165 super
1008 3084 1610 3161 tabernaculum,
1679 3087 1893 3147 utrum
1951 3084 2324 3147 uniuersum
2381 3085 2666 3148 taberna-

375 3191 590 3255 culum
655 3190 756 3254 his
822 3190 987 3253 uelis
1057 3190 1361 3272 cooperiri
1428 3190 1590 3253 uelit
1655 3209 1797 3254 cum
1866 3191 2023 3254 atrio
2084 3190 2349 3266 scilicet,
2409 3191 2485 3254 de
2543 3210 2663 3272 quo
2703 3226 2758 3266 25

375 3296 901 3380 circumponendo
949 3299 1174 3379 postea
1217 3298 1520 3378 loquitur,
1563 3317 1638 3360 an
1688 3298 1807 3361 hoc
1855 3297 2118 3361 interius
2166 3297 2662 3374 tabernaculum,

378 3406 542 3485 quod
592 3405 805 3468 decem
858 3404 1095 3468 aulaeis
1154 3403 1288 3467 fieri
1344 3404 1558 3480 iussit,
1621 3404 1932 3467 incertum
1992 3407 2108 3468 est.
2187 3405 2474 3484 sequitur
2519 3422 2665 3486 ergo

376 3515 439 3575 et
513 3511 693 3574 dicit:
773 3514 846 3575 et
921 3510 1158 3574 facies
1236 3510 1780 3592 operimentum
1857 3510 2353 3575 tabernaculo
2420 3510 2664 3592 pelles

363 3619 696 3682 ‘arietum
734 3618 1183 3682 rubricatas,
1226 3617 1414 3681 etiam
1455 3618 1573 3681 1106
1615 3616 2075 3699 operimentum
2114 3619 2329 3681 utrum
2366 3617 2664 3681 uniuerso

373 3724 781 3789 tabernaculo
857 3723 991 3788 fieri
1067 3724 1329 3788 iusserit
1401 3723 1462 3786 in
1540 3723 1809 3787 circuitu
1885 3742 1959 3788 an
2034 3723 2317 3788 interiori
2391 3725 2661 3798 tantum,
2701 3758 2757 3798 30

378 3830 671 3895 similiter
729 3830 1001 3894 habetur
1054 3830 1386 3894 incertum.
1465 3830 1637 3910 quod
1703 3847 1853 3893 uero
1913 3828 2226 3913 adiungit:
2298 3832 2370 3893 et
2436 3829 2666 3912 operi-

554 4058 621 4111 23
663 4056 755 4110 Ex.
795 4057 880 4120 26,
921 4057 950 4108 7
1061 4055 1130 4108 28
1169 4055 1260 4111 Ex.
1299 4055 1387 4118 26,
1431 4056 1496 4108 14

445 4182 478 4234 2
518 4184 681 4251 atque
720 4180 861 4234 hinc.
898 4181 1092 4250 Itaque
1129 4180 1258 4233 hinc
1294 4181 1358 4232 ut
1385 4177 1429 4233 S
1500 4181 1531 4233 3
1565 4196 1683 4233 611111
1711 4195 1815 4235 om.
1847 4180 1889 4233 S
1965 4180 2029 4232 12
2061 4195 2093 4231 a
2121 4177 2354 4247 singulis
2382 4177 2671 4232 PSVde

379 4272 443 4324 13
483 4269 651 4322 cubiti
689 4268 736 4323 S
887 4269 954 4321 14
991 4271 1315 4337 superantur
1352 4267 1457 4321 SV
1633 4266 1907 4320 auleatum
1948 4266 2051 4320 ST
2189 4267 2260 4320 24
2298 4269 2479 4319 utrum
2516 4265 2666 4319 uniu.

374 4358 546 4410 taber.
585 4374 689 4410 om.
734 4355 800 4408 (3¹
910 4357 978 4408 25
1017 4356 1231 4424 cooperi
1277 4355 1328 4407 T
1431 4354 1500 4408 28
1541 4355 1875 4424 operimento
1923 4355 1965 4404 G
