<?xml version="1.0" encoding="UTF-8"?>
<!DOCTYPE html PUBLIC "-//W3C//DTD XHTML 1.0 Transitional//EN"
    "http://www.w3.org/TR/xhtml1/DTD/xhtml1-transitional.dtd">
<html xmlns="http://www.w3.org/1999/xhtml" xml:lang="en" lang="en">
 <head>
  <title>
</title>
<meta http-equiv="Content-Type" content="text/html;charset=utf-8" />
  <meta name='ocr-system' content='tesseract 3.04.00' />
  <meta name='ocr-capabilities' content='ocr_page ocr_carea ocr_par ocr_line ocrx_word'/>
</head>
<body>
  <div class='ocr_page' id='page_1' title='image "./corpusscriptoru31wissgoog_0237.png"; bbox 0 0 3076 4976; ppageno 0'>
   <div class='ocr_carea' id='block_1_1' title="bbox 793 454 2662 522">
    <p class='ocr_par' dir='ltr' id='par_1_1' title="bbox 793 454 2662 522">
     <span class='ocr_line' id='line_1_1' title="bbox 793 454 2662 522; baseline 0.003 -15"><span class='ocrx_word' id='word_1_1' title='bbox 793 454 1262 519; x_wconf 79' lang='lat' dir='ltr'><strong>Quaestionum</strong></span> <span class='ocrx_word' id='word_1_2' title='bbox 1298 455 1411 511; x_wconf 93' lang='lat' dir='ltr'>lib.</span> <span class='ocrx_word' id='word_1_3' title='bbox 1449 455 1504 509; x_wconf 89' lang='lat'>11</span> <span class='ocrx_word' id='word_1_4' title='bbox 1548 455 1837 521; x_wconf 82' lang='lat' dir='ltr'>(Quaest.</span> <span class='ocrx_word' id='word_1_5' title='bbox 1879 455 1952 509; x_wconf 89' lang='lat' dir='ltr'>de</span> <span class='ocrx_word' id='word_1_6' title='bbox 1991 454 2258 522; x_wconf 86' lang='lat' dir='ltr'>Exodo).</span> <span class='ocrx_word' id='word_1_7' title='bbox 2531 457 2662 520; x_wconf 85' lang='grc'>203</span> 
     </span>
    </p>
   </div>
   <div class='ocr_carea' id='block_1_2' title="bbox 367 649 2661 1054">
    <p class='ocr_par' dir='ltr' id='par_1_2' title="bbox 367 649 2661 1054">
     <span class='ocr_line' id='line_1_2' title="bbox 375 649 2661 734; baseline -0 -20"><span class='ocrx_word' id='word_1_8' title='bbox 375 651 539 731; x_wconf 89' lang='lat' dir='ltr'>quod</span> <span class='ocrx_word' id='word_1_9' title='bbox 578 651 823 717; x_wconf 87' lang='lat' dir='ltr'>dictum</span> <span class='ocrx_word' id='word_1_10' title='bbox 860 653 1064 717; x_wconf 86' lang='lat' dir='ltr'>fuerat</span> <span class='ocrx_word' id='word_1_11' title='bbox 1094 656 1383 717; x_wconf 85' lang='lat' dir='ltr'>sanctum</span> <span class='ocrx_word' id='word_1_12' title='bbox 1417 653 1641 728; x_wconf 85' lang='lat' dir='ltr'>sancti,</span> <span class='ocrx_word' id='word_1_13' title='bbox 1673 655 1980 734; x_wconf 87' lang='lat' dir='ltr'>quantum</span> <span class='ocrx_word' id='word_1_14' title='bbox 2009 653 2184 716; x_wconf 89' lang='lat' dir='ltr'>ualet</span> <span class='ocrx_word' id='word_1_15' title='bbox 2212 650 2380 733; x_wconf 91' lang='lat' dir='ltr'>quod</span> <span class='ocrx_word' id='word_1_16' title='bbox 2419 649 2661 714; x_wconf 88' lang='lat' dir='ltr'>dictum</span> 
     </span>
     <span class='ocr_line' id='line_1_3' title="bbox 372 756 2661 841; baseline -0.001 -21"><span class='ocrx_word' id='word_1_17' title='bbox 372 761 471 821; x_wconf 89' lang='lat' dir='ltr'>est</span> <span class='ocrx_word' id='word_1_18' title='bbox 525 762 817 823; x_wconf 88' lang='lat' dir='ltr'>sanctum</span> <span class='ocrx_word' id='word_1_19' title='bbox 874 764 1257 838; x_wconf 83' lang='lat' dir='ltr'>sanctorum,</span> <span class='ocrx_word' id='word_1_20' title='bbox 1317 779 1388 824; x_wconf 86' lang='lat' dir='ltr'>ac</span> <span class='ocrx_word' id='word_1_21' title='bbox 1444 779 1558 841; x_wconf 91' lang='lat' dir='ltr'>per</span> <span class='ocrx_word' id='word_1_22' title='bbox 1612 759 1733 824; x_wconf 89' lang='lat' dir='ltr'>hoc</span> <span class='ocrx_word' id='word_1_23' title='bbox 1790 763 1855 823; x_wconf 93' lang='lat' dir='ltr'>et</span> <span class='ocrx_word' id='word_1_24' title='bbox 1906 759 2018 822; x_wconf 90' lang='lat' dir='ltr'>illa</span> <span class='ocrx_word' id='word_1_25' title='bbox 2075 758 2284 823; x_wconf 89' lang='lat' dir='ltr'>omnia</span> <span class='ocrx_word' id='word_1_26' title='bbox 2334 759 2547 831; x_wconf 88' lang='lat' dir='ltr'>uncta,</span> <span class='ocrx_word' id='word_1_27' title='bbox 2594 756 2661 819; x_wconf 83' lang='lat' dir='ltr'>id</span> 
     </span>
     <span class='ocr_line' id='line_1_4' title="bbox 373 865 2660 948; baseline -0 -21"><span class='ocrx_word' id='word_1_28' title='bbox 373 867 470 928; x_wconf 90' lang='lat' dir='ltr'>est</span> <span class='ocrx_word' id='word_1_29' title='bbox 522 867 730 929; x_wconf 87' lang='lat' dir='ltr'>totum</span> <span class='ocrx_word' id='word_1_30' title='bbox 788 866 1264 932; x_wconf 87' lang='lat' dir='ltr'>tabernaculum</span> <span class='ocrx_word' id='word_1_31' title='bbox 1323 870 1388 931; x_wconf 90' lang='lat' dir='ltr'>et</span> <span class='ocrx_word' id='word_1_32' title='bbox 1443 884 1878 948; x_wconf 88' lang='lat' dir='ltr'>quaecumque</span> <span class='ocrx_word' id='word_1_33' title='bbox 1942 865 2005 929; x_wconf 89' lang='lat' dir='ltr'>in</span> <span class='ocrx_word' id='word_1_34' title='bbox 2064 885 2135 930; x_wconf 92' lang='lat' dir='ltr'>eo</span> <span class='ocrx_word' id='word_1_35' title='bbox 2194 867 2430 937; x_wconf 89' lang='lat' dir='ltr'>essent,</span> <span class='ocrx_word' id='word_1_36' title='bbox 2499 881 2660 944; x_wconf 89' lang='lat' dir='ltr'>quae</span> 
     </span>
     <span class='ocr_line' id='line_1_5' title="bbox 367 969 2660 1054; baseline 0 -21"><span class='ocrx_word' id='word_1_37' title='bbox 367 970 541 1054; x_wconf 88' lang='lat' dir='ltr'>prius</span> <span class='ocrx_word' id='word_1_38' title='bbox 598 973 1028 1053; x_wconf 88' lang='lat' dir='ltr'>appellauerat</span> <span class='ocrx_word' id='word_1_39' title='bbox 1084 977 1301 1037; x_wconf 89' lang='lat' dir='ltr'>sancta</span> <span class='ocrx_word' id='word_1_40' title='bbox 1356 976 1738 1049; x_wconf 87' lang='lat' dir='ltr'>sanctorum,</span> <span class='ocrx_word' id='word_1_41' title='bbox 1796 971 2169 1036; x_wconf 80' lang='lat' dir='ltr'><strong>tantundem</strong></span> <span class='ocrx_word' id='word_1_42' title='bbox 2224 972 2434 1034; x_wconf 87' lang='lat' dir='ltr'>ualere</span> <span class='ocrx_word' id='word_1_43' title='bbox 2491 969 2660 1053; x_wconf 88' lang='lat' dir='ltr'>quod</span> 
     </span>
    </p>
   </div>
   <div class='ocr_carea' id='block_1_3' title="bbox 307 1075 2661 1161">
    <p class='ocr_par' dir='ltr' id='par_1_3' title="bbox 307 1075 2661 1161">
     <span class='ocr_line' id='line_1_6' title="bbox 307 1075 2661 1161; baseline -0.001 -20"><span class='ocrx_word' id='word_1_44' title='bbox 307 1099 333 1134; x_wconf 72' lang='lat'><strong>⁵</strong></span> <span class='ocrx_word' id='word_1_45' title='bbox 370 1097 531 1141; x_wconf 90' lang='lat' dir='ltr'>nunc</span> <span class='ocrx_word' id='word_1_46' title='bbox 597 1078 688 1141; x_wconf 90' lang='lat' dir='ltr'>ait</span> <span class='ocrx_word' id='word_1_47' title='bbox 752 1083 969 1143; x_wconf 86' lang='lat' dir='ltr'>sancta</span> <span class='ocrx_word' id='word_1_48' title='bbox 1033 1098 1147 1143; x_wconf 83' lang='lat' dir='ltr'>nec</span> <span class='ocrx_word' id='word_1_49' title='bbox 1212 1079 1709 1161; x_wconf 89' lang='lat' dir='ltr'>unumquodque</span> <span class='ocrx_word' id='word_1_50' title='bbox 1766 1098 1983 1143; x_wconf 89' lang='lat' dir='ltr'>eorum</span> <span class='ocrx_word' id='word_1_51' title='bbox 2041 1077 2166 1141; x_wconf 89' lang='lat' dir='ltr'>dici</span> <span class='ocrx_word' id='word_1_52' title='bbox 2218 1075 2661 1140; x_wconf 84' lang='lat' dir='ltr'>tantummodo</span> 
     </span>
    </p>
   </div>
   <div class='ocr_carea' id='block_1_4' title="bbox 271 1626 325 1663">
    <p class='ocr_par' dir='ltr' id='par_1_4' title="bbox 271 1626 325 1663">
     <span class='ocr_line' id='line_1_7' title="bbox 271 1626 325 1663; baseline -0.037 0"><span class='ocrx_word' id='word_1_53' title='bbox 271 1626 325 1663; x_wconf 81' lang='lat'>10</span> 
     </span>
    </p>
   </div>
   <div class='ocr_carea' id='block_1_5' title="bbox 269 2161 321 2198">
    <p class='ocr_par' dir='ltr' id='par_1_5' title="bbox 269 2161 321 2198">
     <span class='ocr_line' id='line_1_8' title="bbox 269 2161 321 2198; baseline 0.019 -1"><span class='ocrx_word' id='word_1_54' title='bbox 269 2161 321 2198; x_wconf 77' lang='lat'>15</span> 
     </span>
    </p>
   </div>
   <div class='ocr_carea' id='block_1_6' title="bbox 260 3231 318 3269">
    <p class='ocr_par' dir='ltr' id='par_1_6' title="bbox 260 3231 318 3269">
     <span class='ocr_line' id='line_1_9' title="bbox 260 3231 318 3269; baseline 0 0"><span class='ocrx_word' id='word_1_55' title='bbox 260 3231 318 3269; x_wconf 77' lang='lat'>25</span> 
     </span>
    </p>
   </div>
   <div class='ocr_carea' id='block_1_7' title="bbox 354 1183 2659 3719">
    <p class='ocr_par' dir='ltr' id='par_1_7' title="bbox 361 1183 2659 2118">
     <span class='ocr_line' id='line_1_10' title="bbox 367 1183 2656 1265; baseline -0.003 -15"><span class='ocrx_word' id='word_1_56' title='bbox 367 1187 516 1265; x_wconf 90' lang='lat' dir='ltr'>post</span> <span class='ocrx_word' id='word_1_57' title='bbox 559 1184 750 1248; x_wconf 82' lang='lat' dir='ltr'>istam</span> <span class='ocrx_word' id='word_1_58' title='bbox 799 1186 1159 1250; x_wconf 89' lang='lat' dir='ltr'>unctionem</span> <span class='ocrx_word' id='word_1_59' title='bbox 1209 1188 1498 1250; x_wconf 88' lang='lat' dir='ltr'>sanctum</span> <span class='ocrx_word' id='word_1_60' title='bbox 1557 1185 1781 1262; x_wconf 85' lang='lat' dir='ltr'>sancti,</span> <span class='ocrx_word' id='word_1_61' title='bbox 1839 1204 2061 1249; x_wconf 90' lang='lat' dir='ltr'>uerum</span> <span class='ocrx_word' id='word_1_62' title='bbox 2119 1183 2308 1247; x_wconf 85' lang='lat' dir='ltr'>etiam</span> <span class='ocrx_word' id='word_1_63' title='bbox 2367 1185 2656 1246; x_wconf 86' lang='lat' dir='ltr'>sanctum</span> 
     </span>
     <span class='ocr_line' id='line_1_11' title="bbox 366 1287 2658 1365; baseline -0.002 -10"><span class='ocrx_word' id='word_1_64' title='bbox 366 1293 749 1365; x_wconf 88' lang='lat' dir='ltr'>sanctorum,</span> <span class='ocrx_word' id='word_1_65' title='bbox 789 1292 959 1356; x_wconf 87' lang='lat' dir='ltr'>sicut</span> <span class='ocrx_word' id='word_1_66' title='bbox 994 1293 1191 1356; x_wconf 85' lang='lat' dir='ltr'>altare</span> <span class='ocrx_word' id='word_1_67' title='bbox 1228 1292 1881 1358; x_wconf 75' lang='lat' dir='ltr'>holocaustomatum:</span> <span class='ocrx_word' id='word_1_68' title='bbox 1923 1295 1995 1354; x_wconf 89' lang='lat' dir='ltr'>ut</span> <span class='ocrx_word' id='word_1_69' title='bbox 2032 1290 2155 1353; x_wconf 86' lang='lat' dir='ltr'>iam</span> <span class='ocrx_word' id='word_1_70' title='bbox 2194 1288 2351 1353; x_wconf 88' lang='lat' dir='ltr'>nihil</span> <span class='ocrx_word' id='word_1_71' title='bbox 2391 1287 2658 1365; x_wconf 87' lang='lat' dir='ltr'>intersit,</span> 
     </span>
     <span class='ocr_line' id='line_1_12' title="bbox 366 1393 2656 1481; baseline -0.002 -21"><span class='ocrx_word' id='word_1_72' title='bbox 366 1401 674 1479; x_wconf 84' lang='lat' dir='ltr'>quantum</span> <span class='ocrx_word' id='word_1_73' title='bbox 732 1398 807 1461; x_wconf 87' lang='lat' dir='ltr'>ad</span> <span class='ocrx_word' id='word_1_74' title='bbox 863 1399 1024 1463; x_wconf 87' lang='lat' dir='ltr'>hanc</span> <span class='ocrx_word' id='word_1_75' title='bbox 1080 1399 1569 1481; x_wconf 80' lang='lat' dir='ltr'>appellationem</span> <span class='ocrx_word' id='word_1_76' title='bbox 1636 1398 1899 1472; x_wconf 85' lang='lat' dir='ltr'>adtinet,</span> <span class='ocrx_word' id='word_1_77' title='bbox 1965 1397 2128 1460; x_wconf 88' lang='lat' dir='ltr'>inter</span> <span class='ocrx_word' id='word_1_78' title='bbox 2182 1395 2294 1458; x_wconf 89' lang='lat' dir='ltr'>illa</span> <span class='ocrx_word' id='word_1_79' title='bbox 2350 1413 2511 1476; x_wconf 87' lang='lat' dir='ltr'>quae</span> <span class='ocrx_word' id='word_1_80' title='bbox 2567 1393 2656 1457; x_wconf 91' lang='lat' dir='ltr'>in-</span> 
     </span>
     <span class='ocr_line' id='line_1_13' title="bbox 364 1500 2655 1581; baseline 0 -16"><span class='ocrx_word' id='word_1_81' title='bbox 364 1501 560 1566; x_wconf 84' lang='lat' dir='ltr'>terius</span> <span class='ocrx_word' id='word_1_82' title='bbox 625 1502 790 1566; x_wconf 88' lang='lat' dir='ltr'>intra</span> <span class='ocrx_word' id='word_1_83' title='bbox 853 1503 1071 1568; x_wconf 88' lang='lat' dir='ltr'>uelum</span> <span class='ocrx_word' id='word_1_84' title='bbox 1127 1504 1397 1581; x_wconf 85' lang='lat' dir='ltr'>fuerant,</span> <span class='ocrx_word' id='word_1_85' title='bbox 1454 1503 1519 1568; x_wconf 88' lang='lat' dir='ltr'>id</span> <span class='ocrx_word' id='word_1_86' title='bbox 1577 1508 1676 1569; x_wconf 88' lang='lat' dir='ltr'>est</span> <span class='ocrx_word' id='word_1_87' title='bbox 1731 1505 1840 1568; x_wconf 90' lang='lat' dir='ltr'>ubi</span> <span class='ocrx_word' id='word_1_88' title='bbox 1898 1507 2032 1567; x_wconf 87' lang='lat' dir='ltr'>erat</span> <span class='ocrx_word' id='word_1_89' title='bbox 2087 1520 2229 1566; x_wconf 85' lang='lat' dir='ltr'>arca</span> <span class='ocrx_word' id='word_1_90' title='bbox 2281 1500 2655 1578; x_wconf 87' lang='lat' dir='ltr'>testimonii,</span> 
     </span>
     <span class='ocr_line' id='line_1_14' title="bbox 366 1608 2657 1693; baseline -0.002 -20"><span class='ocrx_word' id='word_1_91' title='bbox 366 1613 431 1673; x_wconf 91' lang='lat' dir='ltr'>et</span> <span class='ocrx_word' id='word_1_92' title='bbox 486 1613 699 1673; x_wconf 86' lang='lat' dir='ltr'>cetera</span> <span class='ocrx_word' id='word_1_93' title='bbox 754 1609 927 1687; x_wconf 74' lang='lat' dir='ltr'>forie,</span> <span class='ocrx_word' id='word_1_94' title='bbox 984 1610 1107 1674; x_wconf 87' lang='lat' dir='ltr'>nisi</span> <span class='ocrx_word' id='word_1_95' title='bbox 1165 1610 1336 1693; x_wconf 92' lang='lat' dir='ltr'>quod</span> <span class='ocrx_word' id='word_1_96' title='bbox 1390 1611 1502 1675; x_wconf 86' lang='lat' dir='ltr'>illa</span> <span class='ocrx_word' id='word_1_97' title='bbox 1557 1611 1822 1675; x_wconf 84' lang='lat' dir='ltr'>interius</span> <span class='ocrx_word' id='word_1_98' title='bbox 1877 1610 1970 1674; x_wconf 87' lang='lat' dir='ltr'>ita</span> <span class='ocrx_word' id='word_1_99' title='bbox 2026 1608 2394 1673; x_wconf 78' lang='lat' dir='ltr'>dicebantur</span> <span class='ocrx_word' id='word_1_100' title='bbox 2439 1609 2657 1670; x_wconf 87' lang='lat' dir='ltr'>sancta</span> 
     </span>
     <span class='ocr_line' id='line_1_15' title="bbox 363 1713 2654 1793; baseline -0.001 -15"><span class='ocrx_word' id='word_1_101' title='bbox 363 1719 727 1780; x_wconf 88' lang='lat' dir='ltr'>sanctorum</span> <span class='ocrx_word' id='word_1_102' title='bbox 774 1718 881 1780; x_wconf 88' lang='lat' dir='ltr'>uel</span> <span class='ocrx_word' id='word_1_103' title='bbox 927 1720 1216 1781; x_wconf 87' lang='lat' dir='ltr'>sanctum</span> <span class='ocrx_word' id='word_1_104' title='bbox 1267 1721 1653 1793; x_wconf 86' lang='lat' dir='ltr'>sanctorum,</span> <span class='ocrx_word' id='word_1_105' title='bbox 1710 1722 1782 1781; x_wconf 91' lang='lat' dir='ltr'>ut</span> <span class='ocrx_word' id='word_1_106' title='bbox 1838 1717 2030 1781; x_wconf 89' lang='lat' dir='ltr'>etiam</span> <span class='ocrx_word' id='word_1_107' title='bbox 2088 1719 2231 1780; x_wconf 85' lang='lat' dir='ltr'>ante</span> <span class='ocrx_word' id='word_1_108' title='bbox 2289 1713 2654 1777; x_wconf 85' lang='lat' dir='ltr'>unctionem</span> 
     </span>
     <span class='ocr_line' id='line_1_16' title="bbox 362 1822 2658 1905; baseline -0.001 -20"><span class='ocrx_word' id='word_1_109' title='bbox 362 1822 456 1885; x_wconf 87' lang='lat' dir='ltr'>sic</span> <span class='ocrx_word' id='word_1_110' title='bbox 523 1822 1009 1905; x_wconf 84' lang='lat' dir='ltr'>appellarentur,</span> <span class='ocrx_word' id='word_1_111' title='bbox 1077 1828 1286 1888; x_wconf 86' lang='lat' dir='ltr'>cetera</span> <span class='ocrx_word' id='word_1_112' title='bbox 1349 1843 1499 1889; x_wconf 89' lang='lat' dir='ltr'>uero</span> <span class='ocrx_word' id='word_1_113' title='bbox 1560 1824 1853 1889; x_wconf 88' lang='lat' dir='ltr'>unctione</span> <span class='ocrx_word' id='word_1_114' title='bbox 1910 1823 2300 1887; x_wconf 85' lang='lat' dir='ltr'>sanctificata</span> <span class='ocrx_word' id='word_1_115' title='bbox 2356 1822 2525 1895; x_wconf 85' lang='lat' dir='ltr'>sunt,</span> <span class='ocrx_word' id='word_1_116' title='bbox 2583 1822 2658 1883; x_wconf 88' lang='lat' dir='ltr'>ut</span> 
     </span>
     <span class='ocr_line' id='line_1_17' title="bbox 361 1926 2659 2012; baseline -0.001 -21"><span class='ocrx_word' id='word_1_117' title='bbox 361 1927 482 1992; x_wconf 90' lang='lat' dir='ltr'>hoc</span> <span class='ocrx_word' id='word_1_118' title='bbox 530 1946 755 1992; x_wconf 87' lang='lat' dir='ltr'>nomen</span> <span class='ocrx_word' id='word_1_119' title='bbox 805 1930 1178 2012; x_wconf 80' lang='lat' dir='ltr'>acciperent.</span> <span class='ocrx_word' id='word_1_120' title='bbox 1254 1931 1423 2012; x_wconf 89' lang='lat' dir='ltr'>quod</span> <span class='ocrx_word' id='word_1_121' title='bbox 1472 1931 1602 1995; x_wconf 90' lang='lat' dir='ltr'>otio</span> <span class='ocrx_word' id='word_1_122' title='bbox 1652 1929 2121 1995; x_wconf 87' lang='lat' dir='ltr'>discutiendum</span> <span class='ocrx_word' id='word_1_123' title='bbox 2170 1931 2270 1992; x_wconf 89' lang='lat' dir='ltr'>est</span> <span class='ocrx_word' id='word_1_124' title='bbox 2322 1926 2475 2009; x_wconf 91' lang='lat' dir='ltr'>quid</span> <span class='ocrx_word' id='word_1_125' title='bbox 2529 1926 2659 1990; x_wconf 79' lang='lat' dir='ltr'>ista</span> 
     </span>
     <span class='ocr_line' id='line_1_18' title="bbox 362 2034 744 2118; baseline 0.003 -20"><span class='ocrx_word' id='word_1_126' title='bbox 362 2034 744 2118; x_wconf 85' lang='lat' dir='ltr'>significent.</span> 
     </span>
    </p>

    <p class='ocr_par' dir='ltr' id='par_1_8' title="bbox 357 2140 2656 2633">
     <span class='ocr_line' id='line_1_19' title="bbox 453 2140 2654 2226; baseline -0.002 -21"><span class='ocrx_word' id='word_1_127' title='bbox 453 2140 821 2206; x_wconf 86' lang='lat' dir='ltr'>CLXXIIII.</span> <span class='ocrx_word' id='word_1_128' title='bbox 893 2141 1051 2208; x_wconf 89' lang='lat' dir='ltr'>Cum</span> <span class='ocrx_word' id='word_1_129' title='bbox 1110 2144 1423 2225; x_wconf 86' lang='lat' dir='ltr'>scriptura</span> <span class='ocrx_word' id='word_1_130' title='bbox 1478 2147 1756 2207; x_wconf 86' lang='lat' dir='ltr'>narraret</span> <span class='ocrx_word' id='word_1_131' title='bbox 1802 2163 1925 2226; x_wconf 89' lang='lat' dir='ltr'>quo</span> <span class='ocrx_word' id='word_1_132' title='bbox 1972 2142 2159 2207; x_wconf 86' lang='lat' dir='ltr'>modo</span> <span class='ocrx_word' id='word_1_133' title='bbox 2206 2142 2462 2223; x_wconf 83' lang='lat' dir='ltr'>Moyses</span> <span class='ocrx_word' id='word_1_134' title='bbox 2512 2157 2654 2203; x_wconf 90' lang='lat' dir='ltr'>con-</span> 
     </span>
     <span class='ocr_line' id='line_1_20' title="bbox 361 2247 2653 2332; baseline -0.001 -21"><span class='ocrx_word' id='word_1_135' title='bbox 361 2247 650 2312; x_wconf 75' lang='lat' dir='ltr'>Stituerit</span> <span class='ocrx_word' id='word_1_136' title='bbox 695 2249 1210 2326; x_wconf 86' lang='lat' dir='ltr'>tabernaculum,</span> <span class='ocrx_word' id='word_1_137' title='bbox 1264 2254 1336 2315; x_wconf 93' lang='lat' dir='ltr'>et</span> <span class='ocrx_word' id='word_1_138' title='bbox 1385 2251 1757 2327; x_wconf 84' lang='lat' dir='ltr'>extendit,</span> <span class='ocrx_word' id='word_1_139' title='bbox 1814 2249 2052 2332; x_wconf 88' lang='lat' dir='ltr'>inquit,</span> <span class='ocrx_word' id='word_1_140' title='bbox 2112 2249 2376 2313; x_wconf 87' lang='lat' dir='ltr'>aulaea</span> <span class='ocrx_word' id='word_1_141' title='bbox 2431 2264 2653 2326; x_wconf 89' lang='lat' dir='ltr'>super</span> 
     </span>
     <span class='ocr_line' id='line_1_21' title="bbox 359 2354 2654 2439; baseline -0.001 -21"><span class='ocrx_word' id='word_1_142' title='bbox 359 2354 974 2433; x_wconf 84' lang='lat' dir='ltr'>tabernaculum,</span> <span class='ocrx_word' id='word_1_143' title='bbox 1063 2377 1182 2421; x_wconf 89' lang='lat' dir='ltr'>non</span> <span class='ocrx_word' id='word_1_144' title='bbox 1269 2358 1490 2439; x_wconf 88' lang='lat' dir='ltr'>utique</span> <span class='ocrx_word' id='word_1_145' title='bbox 1567 2357 1839 2439; x_wconf 83' lang='lat' dir='ltr'>desuper</span> <span class='ocrx_word' id='word_1_146' title='bbox 1918 2359 2118 2433; x_wconf 82' lang='lat' dir='ltr'>tecte,</span> <span class='ocrx_word' id='word_1_147' title='bbox 2195 2354 2310 2419; x_wconf 87' lang='lat' dir='ltr'>sed</span> <span class='ocrx_word' id='word_1_148' title='bbox 2394 2354 2654 2437; x_wconf 84' lang='lat' dir='ltr'>cingens</span> 
     </span>
     <span class='ocr_line' id='line_1_22' title="bbox 359 2461 2656 2547; baseline -0.001 -21"><span class='ocrx_word' id='word_1_149' title='bbox 359 2462 712 2540; x_wconf 74' lang='lat' dir='ltr'>columnae,</span> <span class='ocrx_word' id='word_1_150' title='bbox 772 2462 922 2545; x_wconf 89' lang='lat' dir='ltr'>quia</span> <span class='ocrx_word' id='word_1_151' title='bbox 975 2463 1051 2527; x_wconf 88' lang='lat' dir='ltr'>de</span> <span class='ocrx_word' id='word_1_152' title='bbox 1110 2463 1422 2530; x_wconf 89' lang='lat' dir='ltr'>columnis</span> <span class='ocrx_word' id='word_1_153' title='bbox 1481 2464 1743 2540; x_wconf 80' lang='lat' dir='ltr'>dixerat,</span> <span class='ocrx_word' id='word_1_154' title='bbox 1793 2463 1962 2547; x_wconf 88' lang='lat' dir='ltr'>quod</span> <span class='ocrx_word' id='word_1_155' title='bbox 2020 2462 2319 2528; x_wconf 86' lang='lat' dir='ltr'>statuerit</span> <span class='ocrx_word' id='word_1_156' title='bbox 2373 2461 2656 2525; x_wconf 84' lang='lat' dir='ltr'>taberna-</span> 
     </span>
     <span class='ocr_line' id='line_1_23' title="bbox 357 2567 596 2633; baseline -0.004 -1"><span class='ocrx_word' id='word_1_157' title='bbox 357 2567 596 2633; x_wconf 88' lang='lat' dir='ltr'>culum.</span> 
     </span>
    </p>

    <p class='ocr_par' dir='ltr' id='par_1_9' title="bbox 354 2673 2653 3167">
     <span class='ocr_line' id='line_1_24' title="bbox 453 2673 2651 2760; baseline -0 -21"><span class='ocrx_word' id='word_1_158' title='bbox 453 2673 756 2740; x_wconf 82' lang='lat' dir='ltr'>CLXXV.</span> <span class='ocrx_word' id='word_1_159' title='bbox 854 2675 1016 2742; x_wconf 89' lang='lat' dir='ltr'>Cum</span> <span class='ocrx_word' id='word_1_160' title='bbox 1101 2676 1288 2742; x_wconf 82' lang='lat' dir='ltr'>dixit:</span> <span class='ocrx_word' id='word_1_161' title='bbox 1374 2682 1447 2743; x_wconf 89' lang='lat' dir='ltr'>et</span> <span class='ocrx_word' id='word_1_162' title='bbox 1522 2697 1751 2760; x_wconf 89' lang='lat' dir='ltr'>super</span> <span class='ocrx_word' id='word_1_163' title='bbox 1825 2678 2096 2742; x_wconf 90' lang='lat' dir='ltr'>atrium</span> <span class='ocrx_word' id='word_1_164' title='bbox 2173 2677 2245 2740; x_wconf 90' lang='lat' dir='ltr'>in</span> <span class='ocrx_word' id='word_1_165' title='bbox 2322 2675 2651 2741; x_wconf 87' lang='lat' dir='ltr'>circuitu</span> 
     </span>
     <span class='ocr_line' id='line_1_25' title="bbox 357 2781 2652 2860; baseline 0 -16"><span class='ocrx_word' id='word_1_166' title='bbox 357 2781 841 2846; x_wconf 81' lang='lat' dir='ltr'>tabernaculi</span> <span class='ocrx_word' id='word_1_167' title='bbox 890 2787 964 2847; x_wconf 91' lang='lat' dir='ltr'>et</span> <span class='ocrx_word' id='word_1_168' title='bbox 1010 2784 1305 2860; x_wconf 80' lang='lat' dir='ltr'>altariS,</span> <span class='ocrx_word' id='word_1_169' title='bbox 1355 2784 1726 2849; x_wconf 89' lang='lat' dir='ltr'>manifestat</span> <span class='ocrx_word' id='word_1_170' title='bbox 1771 2785 1968 2848; x_wconf 87' lang='lat' dir='ltr'>altare</span> <span class='ocrx_word' id='word_1_171' title='bbox 2024 2784 2652 2848; x_wconf 84' lang='lat' dir='ltr'>holocaustomatum</span> 
     </span>
     <span class='ocr_line' id='line_1_26' title="bbox 356 2887 2653 2966; baseline 0 -15"><span class='ocrx_word' id='word_1_172' title='bbox 356 2887 436 2951; x_wconf 89' lang='lat' dir='ltr'>ad</span> <span class='ocrx_word' id='word_1_173' title='bbox 483 2889 724 2952; x_wconf 86' lang='lat' dir='ltr'>ostium</span> <span class='ocrx_word' id='word_1_174' title='bbox 769 2890 1166 2955; x_wconf 85' lang='lat' dir='ltr'>tabernaculi</span> <span class='ocrx_word' id='word_1_175' title='bbox 1212 2892 1569 2956; x_wconf 87' lang='lat' dir='ltr'>forinsecus</span> <span class='ocrx_word' id='word_1_176' title='bbox 1617 2892 1840 2966; x_wconf 85' lang='lat' dir='ltr'>fuisse,</span> <span class='ocrx_word' id='word_1_177' title='bbox 1888 2894 1965 2955; x_wconf 87' lang='lat' dir='ltr'>ut</span> <span class='ocrx_word' id='word_1_178' title='bbox 2011 2891 2170 2955; x_wconf 90' lang='lat' dir='ltr'>atrio</span> <span class='ocrx_word' id='word_1_179' title='bbox 2208 2893 2419 2954; x_wconf 89' lang='lat' dir='ltr'>totum</span> <span class='ocrx_word' id='word_1_180' title='bbox 2458 2887 2653 2951; x_wconf 88' lang='lat' dir='ltr'>ambi-</span> 
     </span>
     <span class='ocr_line' id='line_1_27' title="bbox 355 2994 2651 3079; baseline -0 -21"><span class='ocrx_word' id='word_1_181' title='bbox 355 2998 530 3058; x_wconf 91' lang='lat' dir='ltr'>retur</span> <span class='ocrx_word' id='word_1_182' title='bbox 577 2998 643 3059; x_wconf 89' lang='lat' dir='ltr'>et</span> <span class='ocrx_word' id='word_1_183' title='bbox 688 3000 863 3061; x_wconf 88' lang='lat' dir='ltr'>esset</span> <span class='ocrx_word' id='word_1_184' title='bbox 909 2997 1107 3061; x_wconf 87' lang='lat' dir='ltr'>altare</span> <span class='ocrx_word' id='word_1_185' title='bbox 1153 2997 1319 3061; x_wconf 87' lang='lat' dir='ltr'>infra</span> <span class='ocrx_word' id='word_1_186' title='bbox 1366 2998 1600 3062; x_wconf 88' lang='lat' dir='ltr'>atrium</span> <span class='ocrx_word' id='word_1_187' title='bbox 1637 2998 1805 3063; x_wconf 86' lang='lat' dir='ltr'>inter</span> <span class='ocrx_word' id='word_1_188' title='bbox 1839 3002 2088 3079; x_wconf 82' lang='lat' dir='ltr'>portam</span> <span class='ocrx_word' id='word_1_189' title='bbox 2128 2996 2272 3061; x_wconf 87' lang='lat' dir='ltr'>atrii</span> <span class='ocrx_word' id='word_1_190' title='bbox 2311 2998 2376 3059; x_wconf 88' lang='lat' dir='ltr'>et</span> <span class='ocrx_word' id='word_1_191' title='bbox 2414 2994 2651 3060; x_wconf 86' lang='lat' dir='ltr'>ostium</span> 
     </span>
     <span class='ocr_line' id='line_1_28' title="bbox 354 3101 769 3167; baseline 0 -2"><span class='ocrx_word' id='word_1_192' title='bbox 354 3101 769 3167; x_wconf 86' lang='lat' dir='ltr'>tabernaculi.</span> 
     </span>
    </p>

    <p class='ocr_par' dir='ltr' id='par_1_10' title="bbox 354 3207 2651 3719">
     <span class='ocr_line' id='line_1_29' title="bbox 447 3207 2649 3291; baseline -0.002 -17"><span class='ocrx_word' id='word_1_193' title='bbox 447 3207 782 3274; x_wconf 88' lang='lat' dir='ltr'>CLXXVI.</span> <span class='ocrx_word' id='word_1_194' title='bbox 846 3210 1142 3275; x_wconf 85' lang='lat' dir='ltr'>Notanda</span> <span class='ocrx_word' id='word_1_195' title='bbox 1199 3214 1298 3275; x_wconf 87' lang='lat' dir='ltr'>est</span> <span class='ocrx_word' id='word_1_196' title='bbox 1351 3230 1452 3275; x_wconf 86' lang='lat' dir='ltr'>res</span> <span class='ocrx_word' id='word_1_197' title='bbox 1518 3213 1797 3275; x_wconf 90' lang='lat' dir='ltr'>multum</span> <span class='ocrx_word' id='word_1_198' title='bbox 1863 3210 2195 3288; x_wconf 87' lang='lat' dir='ltr'>mirabilis,</span> <span class='ocrx_word' id='word_1_199' title='bbox 2255 3208 2423 3291; x_wconf 88' lang='lat' dir='ltr'>quod</span> <span class='ocrx_word' id='word_1_200' title='bbox 2480 3207 2649 3271; x_wconf 90' lang='lat' dir='ltr'>nube</span> 
     </span>
     <span class='ocr_line' id='line_1_30' title="bbox 356 3313 2651 3399; baseline 0.001 -22"><span class='ocrx_word' id='word_1_201' title='bbox 356 3313 776 3381; x_wconf 83' lang='lat' dir='ltr'>descendente</span> <span class='ocrx_word' id='word_1_202' title='bbox 844 3319 907 3380; x_wconf 88' lang='lat' dir='ltr'>et</span> <span class='ocrx_word' id='word_1_203' title='bbox 978 3317 1263 3399; x_wconf 87' lang='lat' dir='ltr'>inplente</span> <span class='ocrx_word' id='word_1_204' title='bbox 1339 3318 1849 3394; x_wconf 85' lang='lat' dir='ltr'>tabernaculum,</span> <span class='ocrx_word' id='word_1_205' title='bbox 1927 3337 2087 3399; x_wconf 89' lang='lat' dir='ltr'>quae</span> <span class='ocrx_word' id='word_1_206' title='bbox 2162 3319 2371 3380; x_wconf 88' lang='lat' dir='ltr'>tamen</span> <span class='ocrx_word' id='word_1_207' title='bbox 2450 3314 2651 3398; x_wconf 85' lang='lat' dir='ltr'>gloria</span> 
     </span>
     <span class='ocr_line' id='line_1_31' title="bbox 355 3419 2650 3507; baseline 0 -23"><span class='ocrx_word' id='word_1_208' title='bbox 355 3419 595 3485; x_wconf 88' lang='lat' dir='ltr'>domini</span> <span class='ocrx_word' id='word_1_209' title='bbox 645 3421 896 3500; x_wconf 88' lang='lat' dir='ltr'>dicitur,</span> <span class='ocrx_word' id='word_1_210' title='bbox 948 3442 1069 3488; x_wconf 89' lang='lat' dir='ltr'>non</span> <span class='ocrx_word' id='word_1_211' title='bbox 1120 3425 1372 3506; x_wconf 83' lang='lat' dir='ltr'>poterat</span> <span class='ocrx_word' id='word_1_212' title='bbox 1409 3424 1665 3507; x_wconf 82' lang='lat' dir='ltr'>Moyses</span> <span class='ocrx_word' id='word_1_213' title='bbox 1714 3423 1945 3487; x_wconf 87' lang='lat' dir='ltr'>intrare</span> <span class='ocrx_word' id='word_1_214' title='bbox 1993 3422 2492 3496; x_wconf 88' lang='lat' dir='ltr'>tabernaculum,</span> <span class='ocrx_word' id='word_1_215' title='bbox 2542 3420 2650 3502; x_wconf 88' lang='lat' dir='ltr'>qui</span> 
     </span>
     <span class='ocr_line' id='line_1_32' title="bbox 355 3527 2646 3615; baseline 0 -25"><span class='ocrx_word' id='word_1_216' title='bbox 355 3527 418 3590; x_wconf 91' lang='lat' dir='ltr'>in</span> <span class='ocrx_word' id='word_1_217' title='bbox 467 3531 679 3593; x_wconf 88' lang='lat' dir='ltr'>monte</span> <span class='ocrx_word' id='word_1_218' title='bbox 728 3527 900 3602; x_wconf 88' lang='lat' dir='ltr'>Sina,</span> <span class='ocrx_word' id='word_1_219' title='bbox 951 3530 1198 3611; x_wconf 88' lang='lat' dir='ltr'>quando</span> <span class='ocrx_word' id='word_1_220' title='bbox 1256 3531 1463 3614; x_wconf 89' lang='lat' dir='ltr'>legem</span> <span class='ocrx_word' id='word_1_221' title='bbox 1520 3530 1822 3615; x_wconf 86' lang='lat' dir='ltr'>primitus</span> <span class='ocrx_word' id='word_1_222' title='bbox 1881 3531 2146 3612; x_wconf 88' lang='lat' dir='ltr'>accepit,</span> <span class='ocrx_word' id='word_1_223' title='bbox 2206 3528 2530 3593; x_wconf 85' lang='lat' dir='ltr'>intrauit</span> <span class='ocrx_word' id='word_1_224' title='bbox 2576 3529 2646 3591; x_wconf 90' lang='lat' dir='ltr'>in</span> 
     </span>
     <span class='ocr_line' id='line_1_33' title="bbox 354 3634 2646 3719; baseline 0 -22"><span class='ocrx_word' id='word_1_225' title='bbox 354 3634 641 3712; x_wconf 88' lang='lat' dir='ltr'>nubem,</span> <span class='ocrx_word' id='word_1_226' title='bbox 691 3635 818 3699; x_wconf 91' lang='lat' dir='ltr'>ubi</span> <span class='ocrx_word' id='word_1_227' title='bbox 867 3639 1028 3700; x_wconf 89' lang='lat' dir='ltr'>erat</span> <span class='ocrx_word' id='word_1_228' title='bbox 1073 3636 1279 3701; x_wconf 89' lang='lat' dir='ltr'>deus.</span> <span class='ocrx_word' id='word_1_229' title='bbox 1359 3637 1578 3719; x_wconf 85' lang='lat' dir='ltr'>procul</span> <span class='ocrx_word' id='word_1_230' title='bbox 1627 3637 1818 3700; x_wconf 90' lang='lat' dir='ltr'>dubio</span> <span class='ocrx_word' id='word_1_231' title='bbox 1869 3656 2015 3719; x_wconf 84' lang='lat' dir='ltr'>ergo</span> <span class='ocrx_word' id='word_1_232' title='bbox 2067 3637 2254 3700; x_wconf 85' lang='lat' dir='ltr'>aliam</span> <span class='ocrx_word' id='word_1_233' title='bbox 2312 3654 2646 3719; x_wconf 87' lang='lat' dir='ltr'>personam</span> 
     </span>
    </p>
   </div>
   <div class='ocr_carea' id='block_1_8' title="bbox 353 3826 2646 3982">
    <p class='ocr_par' dir='ltr' id='par_1_11' title="bbox 353 3826 2646 3982">
     <span class='ocr_line' id='line_1_34' title="bbox 537 3826 2646 3897; baseline 0 -18"><span class='ocrx_word' id='word_1_234' title='bbox 537 3827 601 3879; x_wconf 86' lang='grc'>16</span> <span class='ocrx_word' id='word_1_235' title='bbox 638 3826 735 3881; x_wconf 85' lang='lat' dir='ltr'>Ex.</span> <span class='ocrx_word' id='word_1_236' title='bbox 773 3828 862 3889; x_wconf 87' lang='grc'>40,</span> <span class='ocrx_word' id='word_1_237' title='bbox 905 3828 967 3883; x_wconf 90' lang='grc'>17</span> <span class='ocrx_word' id='word_1_238' title='bbox 1011 3828 1122 3896; x_wconf 84' lang='grc'>(19)</span> <span class='ocrx_word' id='word_1_239' title='bbox 1250 3828 1319 3881; x_wconf 89' lang='grc'>20</span> <span class='ocrx_word' id='word_1_240' title='bbox 1359 3828 1450 3881; x_wconf 84' lang='lat' dir='ltr'>Ex.</span> <span class='ocrx_word' id='word_1_241' title='bbox 1489 3829 1576 3888; x_wconf 83' lang='lat'>40.</span> <span class='ocrx_word' id='word_1_242' title='bbox 1618 3830 1684 3882; x_wconf 83' lang='lat'>27</span> <span class='ocrx_word' id='word_1_243' title='bbox 1727 3829 1839 3897; x_wconf 87' lang='lat'><strong>(33)</strong></span> <span class='ocrx_word' id='word_1_244' title='bbox 1976 3829 2043 3882; x_wconf 91' lang='grc'>25</span> <span class='ocrx_word' id='word_1_245' title='bbox 2084 3828 2150 3883; x_wconf 86' lang='lat' dir='ltr'>cf.</span> <span class='ocrx_word' id='word_1_246' title='bbox 2191 3828 2282 3880; x_wconf 80' lang='lat' dir='ltr'>Ex.</span> <span class='ocrx_word' id='word_1_247' title='bbox 2323 3828 2410 3892; x_wconf 88' lang='lat'>40,</span> <span class='ocrx_word' id='word_1_248' title='bbox 2451 3829 2534 3882; x_wconf 83' lang='lat'>28.</span> <span class='ocrx_word' id='word_1_249' title='bbox 2577 3828 2646 3881; x_wconf 87' lang='grc'>29</span> 
     </span>
     <span class='ocr_line' id='line_1_35' title="bbox 353 3914 1243 3982; baseline 0.006 -16"><span class='ocrx_word' id='word_1_250' title='bbox 353 3914 459 3982; x_wconf 83' lang='grc'><strong>(34.</strong></span> <span class='ocrx_word' id='word_1_251' title='bbox 499 3915 592 3979; x_wconf 86' lang='grc'>35)</span> <span class='ocrx_word' id='word_1_252' title='bbox 701 3916 772 3970; x_wconf 92' lang='grc'>28</span> <span class='ocrx_word' id='word_1_253' title='bbox 812 3916 877 3969; x_wconf 86' lang='lat' dir='ltr'>cf.</span> <span class='ocrx_word' id='word_1_254' title='bbox 920 3917 1013 3970; x_wconf 82' lang='lat' dir='ltr'>Ex.</span> <span class='ocrx_word' id='word_1_255' title='bbox 1054 3918 1140 3980; x_wconf 83' lang='lat'>20,</span> <span class='ocrx_word' id='word_1_256' title='bbox 1179 3918 1243 3971; x_wconf 88' lang='grc'>21</span> 
     </span>
    </p>
   </div>
   <div class='ocr_carea' id='block_1_9' title="bbox 351 4020 2653 4448">
    <p class='ocr_par' dir='ltr' id='par_1_12' title="bbox 351 4020 2653 4448">
     <span class='ocr_line' id='line_1_36' title="bbox 422 4020 2643 4092; baseline 0.001 -20"><span class='ocrx_word' id='word_1_257' title='bbox 422 4022 457 4073; x_wconf 84' lang='grc'><strong>4</strong></span> <span class='ocrx_word' id='word_1_258' title='bbox 497 4020 916 4089; x_wconf 84' lang='lat' dir='ltr'>appellauerunt</span> <span class='ocrx_word' id='word_1_259' title='bbox 959 4023 1006 4076; x_wconf 83' lang='lat'><em>0</em></span> <span class='ocrx_word' id='word_1_260' title='bbox 1039 4023 1449 4092; x_wconf 83' lang='lat' dir='ltr'>appellauerant</span> <span class='ocrx_word' id='word_1_261' title='bbox 1487 4024 1547 4077; x_wconf 90' lang='lat' dir='ltr'><em>N</em></span> <span class='ocrx_word' id='word_1_262' title='bbox 1689 4027 1721 4076; x_wconf 87' lang='lat'>5</span> <span class='ocrx_word' id='word_1_263' title='bbox 1761 4026 1952 4076; x_wconf 85' lang='lat' dir='ltr'>sancta</span> <span class='ocrx_word' id='word_1_264' title='bbox 1989 4039 2089 4077; x_wconf 87' lang='lat' dir='ltr'>om.</span> <span class='ocrx_word' id='word_1_265' title='bbox 2130 4021 2176 4075; x_wconf 81' lang='lat' dir='ltr'><strong><em>S</em></strong></span> <span class='ocrx_word' id='word_1_266' title='bbox 2318 4022 2643 4091; x_wconf 86' lang='lat' dir='ltr'>unumquid-</span> 
     </span>
     <span class='ocr_line' id='line_1_37' title="bbox 354 4108 2653 4179; baseline 0.002 -18"><span class='ocrx_word' id='word_1_267' title='bbox 354 4125 456 4176; x_wconf 85' lang='lat' dir='ltr'>que</span> <span class='ocrx_word' id='word_1_268' title='bbox 491 4108 672 4162; x_wconf 81' lang='lat' dir='ltr'>NVT</span> <span class='ocrx_word' id='word_1_269' title='bbox 849 4112 878 4164; x_wconf 89' lang='lat'>7</span> <span class='ocrx_word' id='word_1_270' title='bbox 929 4117 1002 4178; x_wconf 79' lang='lat' dir='ltr'>(et</span> <span class='ocrx_word' id='word_1_271' title='bbox 1048 4113 1140 4179; x_wconf 83' lang='lat'>21)</span> <span class='ocrx_word' id='word_1_272' title='bbox 1191 4112 1715 4166; x_wconf 83' lang='lat' dir='ltr'>olochaustomatum</span> <span class='ocrx_word' id='word_1_273' title='bbox 1756 4111 1803 4166; x_wconf 80' lang='lat' dir='ltr'><strong><em>S</em></strong></span> <span class='ocrx_word' id='word_1_274' title='bbox 1948 4112 2012 4164; x_wconf 91' lang='grc'>10</span> <span class='ocrx_word' id='word_1_275' title='bbox 2050 4111 2278 4164; x_wconf 83' lang='lat' dir='ltr'>interius</span> <span class='ocrx_word' id='word_1_276' title='bbox 2329 4111 2409 4164; x_wconf 84' lang='lat' dir='ltr'>ita</span> <span class='ocrx_word' id='word_1_277' title='bbox 2447 4128 2546 4167; x_wconf 87' lang='lat' dir='ltr'>om.</span> <span class='ocrx_word' id='word_1_278' title='bbox 2586 4112 2653 4165; x_wconf 89' lang='lat' dir='ltr'><em>N</em></span> 
     </span>
     <span class='ocr_line' id='line_1_38' title="bbox 357 4198 2648 4255; baseline 0.002 -6"><span class='ocrx_word' id='word_1_279' title='bbox 357 4198 414 4250; x_wconf 94' lang='grc'>11</span> <span class='ocrx_word' id='word_1_280' title='bbox 460 4203 586 4251; x_wconf 82' lang='lat' dir='ltr'>ante</span> <span class='ocrx_word' id='word_1_281' title='bbox 626 4216 728 4254; x_wconf 88' lang='lat' dir='ltr'>om.</span> <span class='ocrx_word' id='word_1_282' title='bbox 771 4199 817 4252; x_wconf 77' lang='lat'><em>0</em></span> <span class='ocrx_word' id='word_1_283' title='bbox 960 4201 1025 4253; x_wconf 89' lang='lat'>13</span> <span class='ocrx_word' id='word_1_284' title='bbox 1064 4201 1186 4254; x_wconf 88' lang='lat' dir='ltr'>odio</span> <span class='ocrx_word' id='word_1_285' title='bbox 1232 4201 1276 4254; x_wconf 87' lang='lat' dir='ltr'><strong><em>G</em></strong></span> <span class='ocrx_word' id='word_1_286' title='bbox 1420 4203 1486 4255; x_wconf 88' lang='grc'>16</span> <span class='ocrx_word' id='word_1_287' title='bbox 1526 4206 1583 4255; x_wconf 88' lang='lat' dir='ltr'>et</span> <span class='ocrx_word' id='word_1_288' title='bbox 1619 4218 1719 4255; x_wconf 86' lang='lat' dir='ltr'>om.</span> <span class='ocrx_word' id='word_1_289' title='bbox 1768 4199 1989 4253; x_wconf 77' lang='lat' dir='ltr'>CSVbd</span> <span class='ocrx_word' id='word_1_290' title='bbox 2143 4200 2206 4252; x_wconf 88' lang='grc'>17</span> <span class='ocrx_word' id='word_1_291' title='bbox 2248 4203 2451 4254; x_wconf 87' lang='lat' dir='ltr'>tectum</span> <span class='ocrx_word' id='word_1_292' title='bbox 2499 4200 2648 4254; x_wconf 80' lang='lat' dir='ltr'>V²bd</span> 
     </span>
     <span class='ocr_line' id='line_1_39' title="bbox 351 4285 2643 4360; baseline 0.002 -22"><span class='ocrx_word' id='word_1_293' title='bbox 351 4285 420 4339; x_wconf 88' lang='grc'>20</span> <span class='ocrx_word' id='word_1_294' title='bbox 458 4286 593 4340; x_wconf 88' lang='lat' dir='ltr'>dicit</span> <span class='ocrx_word' id='word_1_295' title='bbox 630 4287 675 4340; x_wconf 80' lang='lat' dir='ltr'><strong><em>S</em></strong></span> <span class='ocrx_word' id='word_1_296' title='bbox 687 4286 739 4340; x_wconf 86' lang='lat' dir='ltr'><strong><em>V</em></strong></span> <span class='ocrx_word' id='word_1_297' title='bbox 895 4289 964 4342; x_wconf 85' lang='grc'>22</span> <span class='ocrx_word' id='word_1_298' title='bbox 1003 4289 1371 4360; x_wconf 83' lang='lat' dir='ltr'>ambigeretur</span> <span class='ocrx_word' id='word_1_299' title='bbox 1407 4290 1467 4344; x_wconf 86' lang='grc' dir='ltr'><em>Ν</em></span> <span class='ocrx_word' id='word_1_300' title='bbox 1625 4291 1692 4344; x_wconf 77' lang='grc'>23</span> <span class='ocrx_word' id='word_1_301' title='bbox 1732 4290 1903 4343; x_wconf 79' lang='lat' dir='ltr'>altare</span> <span class='ocrx_word' id='word_1_302' title='bbox 1943 4292 2087 4341; x_wconf 86' lang='lat' dir='ltr'>esset</span> <span class='ocrx_word' id='word_1_303' title='bbox 2122 4289 2251 4341; x_wconf 85' lang='lat' dir='ltr'>Pbd</span> <span class='ocrx_word' id='word_1_304' title='bbox 2394 4290 2463 4343; x_wconf 89' lang='grc'>29</span> <span class='ocrx_word' id='word_1_305' title='bbox 2502 4290 2643 4343; x_wconf 87' lang='lat' dir='ltr'>nube</span> 
     </span>
     <span class='ocr_line' id='line_1_40' title="bbox 358 4374 1811 4448; baseline 0.003 -21"><span class='ocrx_word' id='word_1_306' title='bbox 358 4374 698 4443; x_wconf 83' lang='lat' dir='ltr'><em>CPSNVT;</em></span> <span class='ocrx_word' id='word_1_307' title='bbox 732 4377 829 4431; x_wconf 79' lang='lat' dir='ltr'>sed</span> <span class='ocrx_word' id='word_1_308' title='bbox 864 4379 931 4446; x_wconf 82' lang='lat' dir='ltr'>cf.</span> <span class='ocrx_word' id='word_1_309' title='bbox 970 4385 1177 4448; x_wconf 74' lang='lat' dir='ltr'>quaest.</span> <span class='ocrx_word' id='word_1_310' title='bbox 1217 4379 1453 4433; x_wconf 86' lang='lat' dir='ltr'><strong><em>LXXV</em></strong></span> <span class='ocrx_word' id='word_1_311' title='bbox 1476 4397 1533 4448; x_wconf 83' lang='lat' dir='ltr'>p.</span> <span class='ocrx_word' id='word_1_312' title='bbox 1573 4383 1692 4444; x_wconf 76' lang='lat'>141,</span> <span class='ocrx_word' id='word_1_313' title='bbox 1731 4383 1811 4432; x_wconf 79' lang='lat'>26</span> 
     </span>
    </p>
   </div>
  </div>
 </body>
</html>
