3076 4976
891 512 1417 568 Adnotationum
1455 513 1520 566 in
1558 512 1673 567 Iob
1713 513 1889 568 liber
1931 514 1972 569 1.
2449 518 2578 583 627

282 709 579 795 gestabat
610 691 851 773 dictum
883 712 1002 786 est,
1032 707 1152 774 hoc
1183 712 1283 773 est
1322 708 1602 791 corporis
1643 708 1901 786 domini,
1942 709 2111 792 quod
2152 713 2251 774 est
2288 711 2580 791 ecclesia,

275 816 346 880 in'
389 835 514 899 qua
559 816 766 880 multa
810 815 1200 880 infirmorum
1248 834 1393 899 pars
1443 822 1543 879 est
1589 834 1712 880 non
1764 815 2019 898 quidem
2069 815 2572 901 desperatorum,

277 922 390 988 sed
436 926 646 986 tamen
696 922 903 986 adhuc
940 921 1001 986 in
1040 925 1355 1005 prouentu
1396 939 1512 986 suo
1551 921 2071 1004 periclitantium,
2112 922 2344 1006 quibus
2382 944 2582 1008 paene

277 1021 762 1094 commonentur
831 1029 1026 1111 pedes
1103 1033 1167 1092 et
1241 1047 1510 1110 quorum
1595 1028 1786 1111 paulo
1870 1028 2083 1093 minus
2168 1030 2583 1096 effunduntur

209 1149 237 1196 ⁵
276 1154 559 1221 gressuS,
616 1135 768 1200 dum
826 1137 1032 1200 zelant
1086 1134 1147 1198 in
1196 1134 1642 1218 peccatoribus
1690 1153 1911 1217 pacem
1957 1139 2364 1217 peccatorum
2415 1136 2579 1201 intu-

277 1245 506 1307 entes?
581 1242 689 1325 qui
768 1242 1022 1307 dicunt:
1099 1240 1471 1324 quomodo
1549 1240 1787 1306 sciuit
1861 1241 2096 1306 deus?
2172 1245 2247 1306 et
2321 1243 2384 1307 si
2462 1246 2580 1307 est

279 1349 610 1414 scientia
664 1349 741 1413 in
799 1348 1230 1413 altissimo?
1289 1366 1459 1413 ecce
1517 1348 1670 1430 ipsi
1726 1352 2170 1431 peccatores
2232 1353 2305 1413 et
2350 1349 2569 1413 abun-

279 1455 549 1520 dantes
599 1455 670 1519 in
712 1455 1019 1520 saeculo
1060 1454 1563 1519 obtinuerunt
1602 1454 1943 1519 diuitias.
1984 1454 2342 1538 numquid
2382 1476 2571 1521 uano

277 1562 730 1630 iustificaui
788 1580 913 1626 cor
967 1581 1209 1625 meum
1266 1564 1341 1625 et
1393 1561 1551 1626 laui
1598 1561 1673 1625 in
1721 1561 2262 1627 innocentibus
2310 1581 2572 1627 manus

184 1686 241 1726 ιο
279 1687 484 1733 meas
548 1674 620 1733 et
673 1667 789 1733 fui
847 1668 1304 1751 flagellatus
1361 1671 1523 1732 tota
1579 1667 1699 1732 die
1757 1671 1837 1732 et
1894 1667 2228 1752 arguitio
2286 1687 2446 1733 mea
2500 1669 2572 1733 in

278 1775 782 1841 matutinum?
847 1794 992 1839 nam
1049 1773 1197 1839 hinc
1253 1774 1469 1859 potius
1525 1774 1638 1839 Iob
1695 1774 1832 1858 ipse
1889 1774 2144 1839 uidetur
2196 1775 2576 1858 respondere

279 1883 693 1964 sequentibus
740 1882 1057 1946 uersibuS.

366 1987 780 2071 Respondens
836 1991 1049 2053 autem
1116 1988 1229 2052 Iob
1298 1988 1486 2052 dixit:
1556 1987 1733 2070 quid
1799 2008 1972 2072 ergo
2039 1988 2331 2054 iudicer
2396 2007 2577 2055 com-

275 2095 610 2160 monitus
669 2099 743 2160 et
796 2096 1242 2179 increpatus
1300 2115 1336 2159 a
1393 2095 1688 2159 domino
1748 2095 2062 2160 audiens
2126 2096 2341 2173 talia,
2409 2115 2574 2160 cum

181 2222 237 2263 ιο
278 2203 474 2270 nihil
531 2201 718 2267 sim?
776 2201 838 2266 id
900 2205 1030 2267 est:
1090 2201 1242 2284 quid
1299 2219 1448 2286 ergo
1497 2201 1656 2265 mihi
1704 2201 2015 2266 iudicium
2065 2220 2380 2285 comparo,
2430 2221 2576 2266 cum

274 2328 376 2373 me
418 2310 783 2374 commonet
819 2311 882 2373 et
928 2308 1142 2393 arguit
1196 2307 1513 2386 dominus,
1557 2308 1611 2371 si
1660 2307 1717 2371 ei
1766 2307 2211 2374 contradicam.
2260 2308 2576 2373 audiens

275 2416 498 2494 talia,
556 2415 621 2479 id
679 2420 779 2480 est
823 2414 981 2479 talia
1022 2414 1403 2498 intellegens
1452 2417 1688 2497 quanta
1734 2413 1986 2478 iustitia
2032 2418 2096 2478 et
2140 2413 2578 2478 misericordia

277 2540 529 2587 mecum
568 2522 661 2587 sic
700 2525 943 2606 agatur,
984 2540 1131 2586 cum
1167 2540 1279 2603 per
1314 2540 1415 2584 me
1453 2521 1667 2603 ipsum
1715 2520 1935 2603 utique
1983 2520 2143 2585 nihil
2189 2520 2331 2585 sim.
2382 2520 2578 2603 quod

275 2648 717 2711 responsum
765 2628 998 2693 dabo?
1045 2627 1111 2691 id
1159 2631 1288 2692 est:
1340 2626 1493 2710 quid
1540 2630 1761 2710 potero
1811 2626 2236 2693 contradicere
2274 2626 2575 2691 ueritati?

179 2759 239 2799 ao
276 2754 568 2799 manum
614 2754 878 2817 ponam
928 2734 1015 2799 ad
1065 2753 1142 2798 os
1181 2753 1452 2812 meum,
1491 2733 1558 2797 id
1599 2737 1729 2798 est:
1769 2735 1999 2799 tenebo
2039 2737 2228 2816 atque
2269 2733 2574 2799 cohibebo

277 2842 734 2923 loquacitatem
809 2861 1035 2907 meam.
1115 2841 1349 2905 semel
1421 2841 1742 2907 locutus
1814 2860 2009 2918 sum,
2085 2841 2359 2906 iterum
2433 2860 2573 2905 non

278 2948 636 3012 adiciam:
685 2948 807 3012 nisi
854 2948 919 3012 in
966 2947 1270 3030 mysterio
1311 2947 1681 3030 accipiatur,
1724 2947 2041 3030 quomodo
2083 2947 2281 3012 semel
2316 2947 2574 3012 locutus

276 3058 377 3120 est
437 3055 550 3120 Iob
617 3056 724 3138 qui
790 3054 1024 3119 totiens
1087 3055 1344 3119 locutus
1412 3059 1557 3119 est?
1622 3059 1734 3119 aut
1790 3054 2104 3138 quomodo
2160 3055 2394 3119 iterum
2451 3074 2574 3119 non

275 3162 511 3227 adiciet
553 3167 703 3246 post
745 3162 1081 3246 paululum
1127 3161 1509 3226 locuturus?
1558 3161 1673 3225 sed
1716 3161 1956 3227 locutio
2006 3161 2109 3226 hic
2147 3160 2578 3245 intellegenda

181 3300 239 3339 ιε
277 3276 378 3336 est
432 3289 811 3355 progressus
868 3269 1115 3333 animae
1171 3268 1237 3333 in
1284 3268 1438 3333 haec
1487 3268 1816 3346 exteriora,
1865 3288 1988 3351 quo
2036 3268 2337 3352 relinquit
2383 3268 2574 3332 deum

274 3381 340 3441 et
403 3377 460 3441 ei
522 3376 789 3441 resistit.
856 3376 1024 3441 unde
1087 3375 1290 3440 maior
1354 3376 1476 3439 iste
1532 3394 1911 3458 progressus
1968 3375 2160 3439 etiam
2217 3375 2456 3439 clamor
2507 3374 2574 3439 in

275 3484 590 3567 scriptura
636 3483 1010 3566 appellatur,
1060 3502 1206 3547 cum
1255 3481 1411 3546 dicit
1455 3481 1613 3545 deus
1652 3482 1993 3546 clamorem
2033 3480 2453 3546 Sodomorum
2494 3480 2575 3544 ad

274 3610 344 3655 se
408 3591 802 3673 peruenisse.
869 3589 974 3654 cui
1037 3588 1352 3654 locutioni
1418 3592 1610 3670 atque
1678 3588 1938 3654 clamori
2014 3587 2398 3653 contrarium
2474 3588 2575 3651 est

267 3695 713 3761 beatissimum
777 3695 942 3760 illud
1007 3695 1334 3759 silentium
1402 3694 1475 3759 de
1542 3713 1667 3777 quo
1725 3694 1977 3760 dicitur.
2039 3698 2103 3758 et
2160 3694 2378 3759 silebit
2433 3693 2571 3758 sine

448 3939 484 3992 4
522 3937 588 3992 es.
626 3938 714 3994 ΡΒ.
757 3939 840 4003 72,
881 3938 929 3993 2.
969 3940 1002 3994 3
1095 3938 1128 3991 6
1163 3939 1251 3992 Ps.
1294 3938 1377 3999 72,
1419 3938 1632 3991 11-14
1717 3937 1782 3991 13
1819 3935 1918 3991 Iob
1957 3937 2044 3999 39,
2083 3937 2170 3990 33.
2210 3937 2281 3990 34
2366 3935 2432 3989 18
2468 3934 2567 3989 Iob

268 4027 357 4091 39,
397 4027 468 4081 34
576 4027 646 4082 20
683 4027 799 4081 Iob.
836 4029 924 4091 39,
964 4028 1034 4082 34
1143 4029 1207 4082 21
1249 4026 1346 4080 Iob
1386 4027 1473 4089 39,
1514 4027 1582 4081 35
1693 4026 1760 4080 27
1802 4026 1869 4080 cf.
1910 4025 2043 4082 Gen.
2092 4026 2172 4090 18,
2212 4026 2283 4080 20

345 4152 370 4205 1
414 4152 621 4222 corpori
658 4152 714 4205 P
853 4152 886 4206 3
925 4156 1183 4222 prouectu
1224 4151 1263 4205 d
1421 4152 1618 4221 paene]
1655 4151 1794 4205 bene
1833 4151 1864 4204 b
2009 4153 2041 4204 5
2082 4148 2230 4218 dum]
2272 4165 2391 4203 cum
2432 4147 2570 4203 Pob

268 4242 302 4294 6
343 4243 427 4293 est
465 4256 566 4294 om.
614 4238 662 4294 0
798 4239 832 4293 8
867 4256 1008 4293 nane
1047 4239 1085 4293 d
1230 4239 1297 4294 10
1334 4239 1549 4309 argutio
1590 4239 1621 4292 b
1769 4238 1836 4293 13
1873 4236 2085 4292 iudicor
2120 4236 2263 4291 Hier
2411 4237 2474 4290 17
2515 4241 2572 4290 et

269 4345 373 4386 om.
419 4327 467 4383 0
552 4327 622 4382 20
660 4329 848 4399 atque]
886 4331 943 4381 et
978 4327 1157 4382 Pde
1236 4328 1305 4382 22
1341 4328 1620 4397 mysterio]
1661 4327 1960 4381 ministerio
2005 4326 2053 4380 0
2137 4327 2205 4381 23
2243 4325 2409 4380 toties
2452 4323 2574 4379 de

271 4419 342 4472 25
380 4417 606 4487 reliquit
641 4417 697 4470 P

2356 4519 2460 4574 40*
