3076 4976
580 496 706 556 100
1287 492 1340 546 S.
1400 491 1676 544 Aureli
1736 490 2170 559 Augustini

666 688 835 751 XVI.
918 686 1102 765 Quod
1149 687 1406 769 Moyses
1457 686 1646 751 dicit:
1708 705 1876 750 ecce
1935 705 2069 768 ego
2130 686 2398 769 gracili
2457 706 2640 750 uoce
2697 708 2851 764 sum,

581 801 654 859 et
719 794 1085 876 quomodo
1155 794 1509 857 exaudiet
1567 813 1678 856 me
1739 793 2063 856 Pharao?
2139 813 2261 855 non
2319 793 2579 857 uidetur
2630 799 2853 858 tantum

578 906 832 984 propter
904 900 1402 984 magnitudinem
1478 899 1695 982 populi
1763 917 2059 962 excusare
2127 898 2201 962 de
2266 899 2447 964 uocis
2525 901 2852 982 gracilitate

578 1028 800 1072 uerum
851 1007 1042 1071 etiam
1091 1010 1344 1089 propter
1390 1025 1589 1069 unum
1648 1005 1987 1068 hominem.
2064 1004 2298 1067 mirum
2345 1005 2400 1069 si
2446 1009 2578 1068 tam
2626 1007 2854 1089 gracilis

579 1113 759 1178 uocis
798 1113 942 1186 fuit,
983 1116 1056 1176 ut
1095 1131 1208 1176 nec
1249 1112 1325 1175 ab
1366 1131 1488 1175 uno
1529 1111 1782 1175 homine
1819 1114 2041 1193 posset
2078 1110 2302 1173 audiri.
2352 1130 2427 1175 an
2466 1113 2629 1176 forte
2663 1114 2852 1192 regius
2899 1130 2916 1168 ⁵

578 1222 783 1284 fastus
833 1240 953 1284 non
1003 1239 1111 1283 eos
1160 1219 1574 1300 permittebat
1621 1218 1696 1281 de
1744 1218 2025 1300 proximo
2083 1217 2308 1298 loqui?
2375 1218 2612 1282 dicitur
2666 1223 2852 1283 autem

578 1327 709 1391 illi:
760 1346 933 1390 ecce
983 1326 1156 1390 dedi
1204 1330 1275 1388 te
1330 1325 1545 1388 deum
1591 1324 1968 1388 Pharaoni
2019 1328 2089 1387 et
2127 1325 2367 1388 Aaron
2416 1326 2655 1388 frater
2698 1331 2852 1388 tuus

579 1434 723 1497 erit
769 1438 948 1497 tuus
997 1432 1385 1515 propheta.

667 1539 869 1602 XVII.
945 1538 1311 1603 Notandum
1368 1537 1560 1618 quod,
1620 1555 1766 1600 cum
1822 1537 1900 1599 ad
1954 1537 2266 1618 populum
2320 1537 2696 1612 mitteretur,
2751 1556 2852 1602 uon

578 1647 635 1712 ei
697 1647 940 1710 dictum
999 1649 1129 1709 est:
1191 1664 1337 1709 ecce
1388 1644 1533 1707 dedi
1583 1647 1645 1707 te
1695 1643 1881 1707 deum
1928 1644 2164 1726 populo
2215 1646 2279 1707 et
2323 1644 2516 1707 frater
2559 1648 2712 1708 tuus
2756 1645 2856 1707 erit
2883 1666 2917 1701 1·-

576 1759 728 1818 tuus
797 1752 1126 1834 propheta,
1196 1751 1328 1829 sed,
1395 1753 1588 1814 frater
1651 1754 1825 1826 tuuS‚
1894 1750 2122 1830 inquit,
2180 1750 2536 1832 loquetur
2592 1751 2732 1814 tibi
2785 1750 2854 1814 ad

576 1860 964 1943 populum.
1044 1859 1287 1922 dictum
1355 1858 1548 1922 etiam
1616 1861 1746 1920 est:
1817 1857 1963 1920 erit
2027 1876 2106 1920 os
2172 1861 2412 1932 tuum,
2474 1860 2545 1921 et
2609 1861 2691 1920 tu
2752 1857 2853 1921 illi

576 1986 762 2049 quae
830 1964 915 2028 ad
983 1964 1226 2036 deum;
1304 1984 1423 2028 non
1499 1963 1742 2026 dictum
1808 1966 1937 2026 est:
2013 1964 2084 2025 tu
2148 1962 2245 2025 illi
2312 1963 2491 2026 deus‚
2564 1963 2854 2028 Pharaoni

574 2078 788 2138 autem
838 2071 1073 2135 dicitur
1109 2070 1363 2151 Moyses
1414 2070 1600 2133 datus
1651 2068 1806 2133 deus
1854 2072 1918 2132 et
1964 2068 2312 2133 secundum
2363 2070 2694 2153 analogian
2738 2089 2855 2151 pro-

573 2181 763 2263 pheta
809 2178 1019 2261 Moysi
1065 2177 1293 2252 Aaron,
1344 2177 1456 2240 sed
1504 2176 1582 2239 ad
1629 2176 2041 2239 Pharaonem.
2118 2175 2222 2239 hic
2275 2175 2637 2239 insinuatur
2691 2176 2853 2240 nobis
2886 2198 2921 2237 ιε

575 2306 648 2350 ea
713 2286 888 2367 loqui
954 2285 1293 2366 prophetas
1363 2284 1463 2347 dei
1531 2303 1690 2365 quae
1752 2283 2020 2346 audiunt
2086 2283 2159 2345 ab
2220 2301 2292 2346 eo
2349 2282 2638 2365 nihilque
2704 2280 2855 2345 aliud

575 2413 715 2456 esse
754 2392 1128 2473 prophetam
1170 2391 1268 2454 dei
1307 2390 1430 2454 nisi
1470 2389 1929 2454 enuntiatorem
1970 2389 2308 2453 uerborum
2349 2388 2449 2452 dei
2486 2388 2855 2462 hominibus

577 2500 690 2581 qui
739 2499 927 2562 deum
977 2499 1080 2561 uel
1130 2518 1250 2562 nou
1300 2502 1572 2580 possunt
1620 2497 1722 2561 uel
1770 2517 1888 2561 non
1938 2500 2257 2560 merentur
2301 2497 2536 2562 audire.

669 2606 903 2668 XVIII.
972 2604 1247 2668 Assidue
1306 2604 1460 2668 deus
1522 2603 1711 2667 dicit:
1770 2604 2132 2667 indurabo
2183 2622 2307 2667 cor
2351 2603 2760 2667 Pharaonis
2805 2606 2857 2664 et

575 2712 762 2774 uelut
810 2730 1068 2774 causam
1126 2711 1314 2774 infert
1371 2730 1481 2773 cur
1538 2710 1658 2775 hoc
1715 2710 1928 2773 faciat.
2005 2709 2398 2786 indurabo,
2457 2710 2695 2791 inquit,
2751 2726 2921 2772 cora·

572 2817 991 2881 Pharaonis
1061 2821 1133 2880 et
1195 2817 1499 2899 inplebo
1569 2817 1784 2899 signa
1839 2835 1996 2879 mea
2054 2821 2124 2878 et
2178 2819 2531 2897 portenta
2587 2836 2744 2880 mea
2793 2814 2854 2877 in

572 2924 937 3007 Aegypto,
987 2928 1310 3006 tamquam
1359 2924 1718 2987 necessaria
1763 2923 1954 2987 fuerit
2002 2922 2329 2986 obduratio
2387 2922 2596 2987 cordis
2644 2924 2857 2987 Phara·

573 3030 731 3103 ouiS‚
781 3034 853 3093 ut
900 3030 1083 3112 signa
1131 3029 1229 3093 dei
1270 3030 1849 3111 multiplicarentur
1887 3030 1988 3092 uel
2029 3029 2421 3110 inplerentur
2456 3030 2517 3093 in
2557 3030 2856 3113 Aegypto.

573 3136 778 3199 utitur
827 3156 975 3219 ergo
1026 3137 1181 3199 deus
1229 3136 1387 3200 bene
1436 3136 1730 3200 cordibus
1779 3135 1964 3198 malis
2013 3134 2090 3197 ad
2136 3135 2202 3198 id
2251 3135 2421 3216 quod
2477 3137 2624 3200 uult
2669 3143 2857 3201 osten·

573 3241 718 3305 dere
768 3243 949 3307 bonis
999 3243 1104 3305 uel
1164 3262 1322 3323 quos
1380 3244 1667 3306 facturus
1727 3246 1826 3306 est
1879 3243 2098 3305 bonos,
2179 3245 2243 3304 et
2298 3243 2598 3323 quamuis
2655 3243 2923 3306 unius-2³

573 3348 882 3430 cuiusque
942 3349 1147 3413 cordis
1204 3350 1266 3412 in
1325 3350 1570 3413 malitia
1629 3350 1925 3431 qualitas,
1981 3349 2049 3411 id
2106 3354 2207 3413 est
2251 3351 2437 3432 quale
2487 3369 2596 3414 cor
2640 3350 2857 3414 habeat

572 3454 652 3517 ad
699 3457 959 3521 malum.
1001 3475 1116 3519 suo
1166 3456 1277 3519 fiat
1322 3457 1501 3531 uitio,
1545 3456 1711 3538 quod
1757 3454 2024 3518 inoleuit
2073 3474 2144 3518 ex
2192 3455 2447 3519 arbitrio
2495 3456 2857 3527 uoluntatiS,

570 3580 643 3623 ea
710 3563 919 3625 tamen
990 3561 1293 3642 qualitate
1359 3564 1545 3637 mala,
1605 3564 1678 3625 ut
1733 3562 1855 3624 huc
1914 3560 2018 3624 uel
2082 3560 2237 3624 illuc
2302 3566 2656 3638 moneatur,
2725 3583 2854 3627 cum

753 3806 776 3856 1
822 3803 912 3857 Ex,
954 3806 1004 3867 6,
1045 3804 1114 3857 30
1224 3804 1254 3856 7
1294 3804 1387 3856 Ex.
1429 3805 1478 3867 7,
1523 3807 1547 3858 l
1665 3807 1727 3860 11
1769 3809 1864 3863 Ex.
1905 3811 1957 3876 4,
2002 3811 2066 3863 16
2182 3812 2245 3863 19
2284 3811 2378 3865 Ex.
2421 3813 2471 3872 7.
2511 3814 2542 3865 3

647 3952 707 4003 11
752 3952 819 4004 ad
859 3952 1121 4021 populum
1161 3952 1229 4005 ad
1270 3954 1526 4022 populum
1565 3955 1688 4010 1³¹8
1699 3957 1749 4009 V
1882 3959 1947 4011 12
1987 3964 2072 4012 cst
2109 3961 2273 4014 etiam
2313 3960 2561 4015 PSNVb
2601 3965 2687 4015 est
2725 3966 2778 4013 et
2819 3959 2862 4012 T

573 4042 639 4094 14
678 4041 982 4110 analogiam
1023 4041 1145 4094 de
1251 4042 1520 4112 propheta
1556 4045 1732 4114 Moysi
1770 4063 1870 4100 om.
1903 4047 1949 4101 S
2021 4050 2085 4102 16
2114 4049 2265 4119 loqui
2305 4050 2396 4119 qui
2425 4050 2502 4102 P¹
2539 4051 2784 4120 loquiu-
2818 4048 2862 4100 V

569 4129 858 4183 audierunt
891 4130 941 4183 V
1014 4131 1078 4183 17
1105 4146 1208 4185 sec.
1239 4131 1325 4184 (lei
1355 4149 1456 4186 om.
1489 4133 1540 4186 T
1619 4136 1683 4187 19
1713 4135 2353 4192 indurabo—Pharaonis
2374 4156 2474 4195 om.
2499 4140 2530 4193 b
2607 4142 2676 4194 21
2705 4141 2859 4193 etiam

568 4217 806 4287 implebo
847 4219 1035 4287 NEuy
1204 4222 1272 4274 23
1312 4222 1810 4291 multiplicarentur
1846 4240 1947 4277 om.
1987 4225 2054 4277 N
2218 4228 2286 4281 25
2326 4228 2413 4281 uel
2452 4229 2602 4296 quod
2639 4226 2862 4283 1²1*de

566 4306 724 4359 bonis
763 4307 910 4360 V2bd
1053 4310 1453 4379 unuscuiusque
1494 4311 1566 4364 V¹
1702 4312 1769 4364 28
1810 4315 1893 4382 ea]
1937 4319 1994 4367 et
2031 4314 2061 4367 b
2247 4317 2536 4385 qualitate]
2579 4318 2859 4371 uoluntate

567 4395 695 4464 Euy
839 4403 1319 4451 cum-moueatur
1356 4415 1456 4454 om.
1508 4399 1560 4451 V
