3076 4976
483 441 614 504 498
1200 437 1252 491 S.
1312 437 1579 490 Aureli
1637 437 2073 506 Augustini

483 632 767 697 doctrina
798 631 1033 697 Christi
1064 632 1405 697 admonens
1449 651 1562 696 nos
1603 632 2136 714 quemadmodum
2178 633 2264 697 sit
2301 632 2780 709 ambulandum,

482 740 600 803 hoc
649 743 748 802 est
810 737 1156 803 uiuendum
1222 739 1388 802 inter
1445 758 1555 803 eos
1604 738 1712 820 qui
1778 758 1896 803 non
1966 739 2313 803 secundum
2377 739 2775 821 propositum

487 846 699 909 uocati
750 849 928 912 sunt:
979 846 1212 909 nouit
1260 845 1427 908 enim
1475 844 1846 909 dominus
1897 845 2031 926 qui
2081 849 2270 910 sunt
2318 845 2515 910 eius.

573 952 707 1016 lam
754 971 903 1015 uero
954 951 1122 1032 quod
1170 949 1315 1015 cuni
1365 957 1537 1015 esset
1584 951 2018 1016 debellaturus
2078 952 2370 1016 inimicos
2418 953 2627 1028 sactus
2679 957 2780 1017 est

484 1078 674 1140 super
719 1077 859 1123 eum
913 1059 1175 1141 spiritus
1223 1057 1482 1134 domini.
1533 1058 1928 1141 significatur
1975 1059 2238 1140 spiritus
2280 1062 2537 1122 sanctus
2576 1059 2776 1140 inper-
2836 1083 2864 1121 ⁵

484 1166 642 1230 titus
690 1165 992 1229 membris
1043 1164 1299 1229 Christi.

578 1272 761 1351 Quod
840 1275 1051 1335 autem
1127 1270 1634 1354 pertransiit
1720 1269 2025 1334 Galaad
2102 1275 2178 1335 et
2252 1271 2625 1336 Manasse
2701 1277 2778 1336 et

485 1379 833 1442 transiit
880 1377 1295 1458 speculam
1348 1375 1652 1441 Galaad
1703 1381 1780 1441 et
1828 1377 1917 1439 ab
1969 1377 2299 1458 specula
2339 1377 2646 1443 Galaad
2687 1378 2777 1443 ad

484 1489 707 1549 trans
783 1484 1017 1549 filios
1091 1484 1432 1560 Ammon,
1510 1483 1904 1566 proficientia
1988 1484 2428 1565 significantur
2494 1485 2778 1549 membra

487 1591 723 1656 Christi
771 1591 848 1654 ad
897 1590 1228 1654 uictoriam
1276 1589 1352 1652 de
1401 1590 1675 1653 inimicis
1725 1590 2182 1672 reportandam.
2247 1589 2486 1655 Galaad
2544 1593 2777 1674 quippe
2821 1612 2866 1648 ιο

483 1699 933 1780 interpretatur
1013 1695 1412 1772 „Abiciens‘,
1493 1697 1788 1759 Manasse
1873 1695 2338 1769 „Necessitas“.
2407 1699 2777 1762 transeundi

487 1808 637 1868 sunt
701 1822 847 1885 ergo
917 1822 950 1866 a
1016 1801 1492 1885 proficientibus
1560 1802 1927 1878 abicientes
1995 1802 2059 1866 id
2127 1809 2225 1868 est
2282 1809 2776 1880 contemnente&

485 1909 867 1975 transeunda
913 1913 978 1973 et
1032 1909 1402 1978 necessitas,
1453 1927 1527 1972 ne
1577 1908 1736 1973 forte
1795 1928 1938 1972 cunr
1999 1910 2319 1973 transierit
2374 1911 2482 1992 qui
2529 1912 2781 1992 proficit

487 2019 957 2081 contemnentes
1043 2016 1228 2079 cedat
1301 2016 1704 2092 te1·rentibuS‚
1791 2016 2172 2080 transeunda
2245 2017 2435 2081 etiam
2520 2020 2778 2100 specula

489 2122 749 2199 GaIaad,
799 2122 1093 2204 quoniam
1154 2121 1394 2186 Galaad
1443 2122 1631 2186 etiam
1690 2123 2097 2198 „Reuelatio“
2152 2124 2619 2206 interpretatur.
2680 2128 2779 2188 est
2816 2147 2866 2186 ιτ»

486 2233 701 2294 autem
768 2228 1027 2310 specula
1083 2228 1354 2293 altitudo
1413 2228 1490 2292 ad
1548 2229 2056 2311 prospiciendum
2116 2230 2219 2293 uel
2278 2230 2776 2312 despiciendum.

484 2336 551 2400 id
589 2339 689 2399 est
726 2336 998 2417 desuper
1035 2335 1490 2418 aspiciendum.
1534 2336 1791 2418 specula
1830 2336 2042 2418 itaque
2083 2335 2326 2400 Galaad
2363 2341 2780 2422 congruenter

486 2443 645 2508 mihi
709 2442 965 2508 uidetur
1038 2443 1393 2527 significare
1461 2442 1822 2524 superbiam
1884 2442 2322 2509 reuelationis:
2390 2444 2556 2510 unde
2624 2445 2780 2510 dicit

487 2551 844 2633 apostolus:
896 2554 973 2614 et
1018 2550 1091 2613 in
1134 2550 1695 2633 magnitudine
1742 2551 2346 2615 reuelationum
2396 2571 2485 2616 ne
2527 2554 2777 2617 extol-

483 2658 618 2721 lar.
669 2676 816 2741 ergo
866 2660 928 2720 et
978 2656 1114 2737 ipsa
1159 2655 1544 2720 transeunda
1592 2661 1709 2732 est,
1759 2657 1823 2719 id
1872 2660 1970 2721 est
2016 2677 2134 2722 non
2177 2663 2275 2722 est
2313 2658 2372 2721 in
2416 2678 2487 2723 ea
2525 2679 2774 2723 manen·
2812 2680 2866 2719 20

486 2763 633 2827 dum
683 2766 937 2846 propter
984 2761 1245 2826 cadendi
1291 2761 1664 2844 periculum.
1715 2763 1815 2827 his
1881 2764 2278 2844 pertransitis
2345 2765 2527 2830 facile
2595 2785 2776 2847 supe-

486 2876 701 2933 rantur
778 2869 1047 2933 inimici:
1127 2868 1295 2949 quod
1375 2868 1693 2952 significat
1770 2869 2063 2935 dicendo:
2142 2874 2219 2934 et
2283 2871 2371 2935 ab
2442 2874 2779 2953 specula

490 2975 794 3041 Galaad
844 2980 1067 3039 trans
1118 2974 1209 3037 ad
1257 2974 1493 3041 filios
1542 2976 1886 3053 Ammon,
1937 2976 2011 3039 de
2061 2977 2291 3059 quibus
2338 2977 2612 3043 inimicis
2652 2979 2775 3043 iam

490 3101 681 3164 supra
727 3081 965 3145 dictum
1016 3084 1131 3145 est.

588 3188 684 3252 Et
748 3187 987 3251 uouit
1051 3187 1335 3269 Iephte
1402 3191 1677 3252 uotum
1744 3191 1822 3252 et
1884 3189 2125 3254 dixit:
2194 3190 2260 3254 si
2325 3190 2776 3255 traditione
2811 3213 2867 3252 τε,

496 3294 952 3359 tradideris
1001 3295 1196 3358 mihi
1244 3294 1479 3360 filios
1518 3295 1841 3359 Ammon
1890 3296 1964 3359 in
2013 3316 2239 3361 manu
2281 3316 2465 3372 mea,
2508 3301 2584 3361 et
2623 3298 2779 3362 erit

494 3402 987 3482 quicumque
1030 3401 1327 3464 exierit
1363 3401 1453 3465 de
1492 3402 1765 3466 ianuis
1806 3402 2080 3466 domus
2115 3423 2325 3467 meae
2356 3403 2424 3466 in
2458 3403 2777 3467 obuiam

495 3506 696 3570 mihi
744 3505 819 3570 in
868 3505 1357 3570 reuertendo
1414 3506 1651 3570 mein
1700 3526 1894 3589 pace
1943 3527 1977 3570 a
2025 3508 2244 3572 filiis
2291 3508 2644 3588 Ammon,
2704 3514 2782 3574 et

665 3697 697 3751 3
735 3696 792 3749 ΙΙ
829 3697 967 3751 Tim.
1008 3698 1058 3757 2,
1103 3697 1165 3750 19
1273 3699 1307 3750 4
1346 3696 1411 3752 cf.
1453 3696 1568 3750 Iud.
1615 3698 1696 3760 11,
1736 3698 1805 3751 29
1918 3699 1947 3750 7
1987 3697 2106 3754 Iud.
2149 3699 2233 3760 11,
2274 3699 2340 3752 29
2459 3701 2526 3753 19
2563 3700 2621 3753 11
2649 3700 2779 3779 Cor.

489 3787 572 3849 12,
616 3787 645 3838 7
755 3786 823 3839 25
861 3784 979 3838 Iud.
1024 3786 1107 3849 11,
1145 3785 1231 3839 30.
1271 3786 1335 3839 31

562 3919 585 3971 1
631 3917 884 3971 admonet
921 3916 1084 3971 PSN
1088 3917 1138 3972 T
1254 3920 1288 3972 4
1327 3917 1693 3972 debellaturos
1731 3918 1799 3972 N
1845 3968 1846 3971 ,
1899 3921 1931 3974 5
1970 3921 2263 3989 inpertitur
2298 3920 2485 3975 PS'N
2586 3922 2619 3976 8
2659 3939 2777 3992 spe-

484 4007 698 4060 luncam
738 4006 945 4061 P¹S²V
1083 4007 1342 4077 spelunca
1365 4006 1572 4061 P¹S¹V
1712 4007 1908 4077 galaad
1933 4009 2153 4061 transiit
2178 4007 2244 4061 N
2347 4010 2381 4063 9
2419 4014 2569 4064 trans
2598 4027 2699 4066 om.
2735 4010 2790 4063 T

486 4113 603 4163 exp.
652 4096 699 4148 V
775 4095 834 4148 11
880 4100 935 4148 et
970 4112 1216 4149 manasse
1255 4096 1353 4149 PS
1426 4098 1492 4150 12
1530 4097 1642 4149 sint
1679 4097 1798 4151 PS¹
1887 4100 1949 4151 15
1991 4098 2086 4151 alt.
2127 4097 2196 4150 ad
2236 4098 2433 4166 galaad
2471 4100 2522 4153 T
2627 4118 2775 4154 reue·

487 4184 690 4238 latione
728 4184 1041 4237 PSNV¹T¹
1192 4186 1255 4238 16
1313 4186 1572 4254 spelunca
1618 4186 1668 4239 V
1808 4186 1877 4239 20
1937 4204 2038 4256 ego
2079 4185 2143 4240 8¹
2299 4187 2367 4240 22
2426 4188 2492 4242 ab
2532 4189 2588 4242 in
2627 4187 2780 4242 ΡΨ*

487 4274 556 4327 23
594 4273 815 4327 transiit
844 4271 988 4327 S²bd
1015 4276 1166 4336 trans
1206 4274 1253 4326 V
1398 4274 1466 4327 ad
1493 4290 1596 4328 oni.
1628 4275 1796 4328 PVT
1899 4277 1968 4329 25
1997 4274 2324 4329 tradictione
2352 4276 2420 4330 N
2520 4278 2590 4333 26
2620 4284 2779 4331 mann

484 4369 608 4417 mea
651 4361 701 4415 T
841 4366 897 4416 et
934 4378 1054 4430 exp.
1101 4362 1152 4415 T
1256 4363 1323 4416 28
1365 4362 1431 4416 ad
1470 4363 1610 4417 filios
1651 4363 1763 4417 PT
1904 4370 1959 4418 et
1996 4380 2112 4433 exp.
2156 4363 2260 4419 ST
