3076 4976
404 494 534 557 322
1113 486 1168 540 S.
1222 483 1500 540 Aureli
1557 483 1991 554 Augustini

406 686 638 750 bitur.
696 685 864 748 hunc
914 699 1171 746 sensum
1223 681 1562 746 obscurum
1613 680 1769 744 facit
1813 675 2163 763 ὁπὲρβατον,
2205 681 2373 763 quod
2418 681 2509 747 ita
2555 702 2700 747 con-

403 793 618 856 fusum
679 793 796 869 est,
855 795 1182 872 tamquam
1242 787 1318 852 de
1372 788 1513 871 ipso
1571 787 1762 851 fratre
1820 787 1908 850 sit
1961 786 2203 851 dictum
2267 789 2698 863 „custodire

407 894 866 975 custodias“,
918 916 1063 962 cum
1113 895 1354 960 dictum
1404 895 1491 958 sit
1536 894 1612 958 de
1657 893 1792 971 illo,
1842 892 1949 974 qui
1994 893 2247 958 recedet
2283 894 2359 958 ab
2399 896 2696 978 operibus

410 1008 476 1067 et
537 1003 892 1068 remanebit
953 1002 1052 1066 illi
1116 1002 1189 1065 in
1253 1000 1749 1065 tabernaculo
1814 999 2243 1065 testimonii
2307 999 2695 1066 custodire

406 1109 838 1185 custodiam
899 1128 1122 1191 opera
1170 1111 1417 1173 autem
1463 1127 1602 1172 non
1652 1107 2107 1190 operabitur,
2166 1108 2277 1173 sed
2334 1109 2698 1191 operabitur
2756 1134 2784 1175 ⁵

404 1218 598 1282 frater
655 1217 812 1295 eiuS,
867 1217 933 1281 id
982 1219 1082 1281 est
1129 1215 1238 1298 qui
1284 1215 1566 1280 nondum
1610 1215 1902 1297 peruenit
1946 1214 2026 1279 ad
2072 1218 2342 1279 aetatem
2390 1216 2695 1297 quinqua-

404 1324 721 1409 genariam
789 1343 826 1388 a
888 1323 1122 1406 uiginti
1196 1322 1473 1405 quinque
1553 1321 1728 1385 annis
1802 1321 2111 1404 incipiens
2188 1323 2448 1404 operari.
2543 1341 2693 1408 ergo

400 1432 495 1496 ita
551 1430 1073 1515 distinguendum
1131 1433 1258 1494 est:
1318 1432 1390 1494 et
1447 1448 1493 1492 a·
1540 1429 2193 1513 quinquagenario
2250 1429 2554 1494 recedet
2609 1412 2735 1494 ab¹

404 1537 1073 1603 administratione
1105 1539 1178 1601 et
1206 1556 1344 1601 non
1379 1536 1824 1618 operabitur
1860 1538 2082 1615 ultra,
2114 1539 2188 1600 et
2224 1535 2696 1601 ministrabit

402 1646 639 1710 frater
686 1644 898 1709 eius.⁴
931 1643 1153 1707 deinde
1201 1642 1368 1707 redit
1413 1643 1491 1707 ad
1536 1643 1723 1707 illum
1774 1644 2403 1727 quinquagenarium,
2444 1643 2519 1707 de
2568 1664 2693 1726 quo
2733 1673 2786 1711 ιο

403 1751 804 1835 loquebatur,
856 1754 921 1815 et
968 1750 1041 1814 de
1088 1750 1200 1814 illo
1242 1750 1512 1831 explicat
1549 1758 1759 1815 cetera
1796 1750 2037 1815 dicens:
2086 1751 2157 1814 in
2205 1751 2692 1815 tabernaculo

402 1857 839 1923 testimonii
879 1855 1268 1921 custodire
1300 1856 1721 1933 custodias,
1753 1876 1975 1938 opera
2004 1859 2248 1921 autem
2277 1876 2417 1921 non
2448 1877 2693 1940 opera·

403 1965 629 2030 bitur.
707 1964 876 2047 quod
934 1964 1101 2028 enim
1158 1963 1249 2027 ait
1324 1962 1815 2041 „custodire“,
1881 1962 2260 2028 subauditur
2329 1963 2712 2047 „incipiet“,·

400 2075 725 2153 tamquam
781 2071 846 2134 id
902 2089 1028 2135 uno
1085 2070 1278 2134 uerbo
1327 2069 1585 2147 ‚diceret
1655 2070 2014 2145 „custodiet
2067 2071 2457 2136 custodias“.
2532 2071 2697 2135 solet

402 2178 566 2242 enim
622 2177 857 2242 usitate
917 2177 1108 2241 etiam
1163 2176 1227 2239 in
1282 2176 1498 2240 latinis
1554 2176 1985 2241 locutionibus
2041 2176 2359 2241 infinitum
2425 2178 2689 2241 uerbum
2731 2201 2784 2239 ιε»
2861 2234 2866 2238 .

399 2284 548 2366 poni
593 2303 704 2367 pro
752 2284 950 2349 finito.
2774 2365 2777 2373 Ι

488 2391 628 2455 XV.
706 2390 867 2455 Cum
932 2390 1204 2473 paschae
1269 2394 1554 2472 temporo
1620 2390 1898 2471 quidam,
1967 2391 2093 2472 qui
2148 2391 2483 2455 inmundi
2539 2391 2691 2455 facti

401 2501 614 2563 erant
674 2517 905 2580 super
970 2497 1288 2562 animam
1353 2497 1711 2571 hominis,
1778 2498 1844 2561 id
1910 2502 2011 2562 est
2084 2518 2273 2581 super
2344 2501 2689 2576 mortuum,

382 2598 772 2685 'quaererent
828 2603 1144 2685 quomodo
1200 2604 1442 2685 pascha
1495 2605 1791 2677 facerent,
1842 2604 2138 2686 quoniam
2195 2606 2528 2688 oportebat
2582 2625 2690 2670 eos

400 2710 477 2774 ab
525 2710 904 2774 inmunditia
949 2713 1194 2791 septem
1244 2709 1466 2773 diebus
1512 2710 1832 2791 purificari
1878 2711 2226 2775 secundum
2272 2713 2499 2796 legem,
2548 2732 2685 2778 con·
2726 2736 2783 2775 2o

401 2816 605 2881 suluit
643 2815 965 2880 dominum
1006 2816 1264 2898 Moyses
1303 2819 1367 2880 et
1411 2835 1785 2898 responsum
1824 2818 2071 2900 accepit
2113 2819 2528 2900 „cuicumque
2566 2822 2693 2885 tale

399 2922 641 3005 aliquid
708 2922 1047 2987 accidisset
1108 2923 1216 2987 uel
1283 2926 1416 2986 tam
1481 2923 1545 2986 in
1609 2910 1954 3007 longinquo
2019 2924 2243 2989 itinere
2301 2927 2689 2992 constitutus

401 3033 592 3104 esset,
641 3031 717 3093 ut
762 3047 885 3093 non
931 3032 1154 3110 posset
1201 3048 1545 3108 occurrere,
1593 3030 1715 3094 alio
1763 3049 1983 3095 mense
2032 3049 2178 3096 eum
2224 3033 2429 3097 facere
2467 3034 2691 3098 debere

396 3136 635 3219 pascha
698 3138 956 3217 propter
1020 3134 1185 3198 diem
1251 3135 1488 3199 mensis
1547 3141 1843 3216 quartum
1899 3137 2282 3216 decimum“,
2338 3139 2450 3203 ubi
2505 3141 2689 3204 lunae

397 3262 701 3307 numerus
768 3241 1247 3305 obseruabatur.
1333 3242 1445 3306 sed
1512 3243 1568 3306 si
1634 3248 1989 3325 quaeratur,
2056 3245 2208 3326 quid
2272 3246 2567 3322 facerent,
2635 3247 2690 3310 si
2725 3271 2791 3312 εις,

398 3351 560 3413 forte
605 3348 755 3412 talis
800 3347 1184 3412 inmunditia
1231 3347 1420 3412 etiam
1468 3349 1546 3412 ad
1595 3350 1944 3415 secundum
1989 3370 2271 3415 mensem
2312 3356 2688 3429 occurreret,

578 3558 642 3610 17
685 3557 749 3610 cf.
788 3555 951 3611 Num.
991 3558 1042 3616 9,
1083 3557 1259 3611 6—12

472 3700 497 3752 1
537 3697 839 3768 yperbaton
877 3698 1191 3753 CPSNVT
1297 3701 1329 3753 2
1369 3701 1475 3769 est]
1505 3704 1561 3753 et
1589 3700 1768 3754 P¹SV
1909 3701 1996 3753 καὶ
2021 3700 2375 3772 λειτουργὴπει
2403 3701 2429 3754 ὁ
2462 3701 2686 3772 ἀδελφὸς

398 3787 555 3840 αὐτοῦ
596 3784 648 3837 ἓν
687 3788 749 3858 τῇ
791 3791 959 3858 σκηνῇ
998 3793 1088 3838 τοῦ
1126 3785 1404 3859 μαρτυρίου
1447 3787 1725 3858 φυλάσσειν
1765 3787 2001 3859 φυλακάς
2038 3791 2377 3859 coniunyunt
2421 3791 2471 3844 T
2468 3790 2597 3845 isch.
2639 3796 2689 3844 et

394 3877 536 3945 Lay.
701 3878 733 3930 3
773 3877 915 3944 cum]
960 3893 1119 3945 quam
1157 3877 1224 3930 N
1383 3878 1418 3929 4
1456 3877 1551 3930 ille
1600 3878 1652 3930 V
1683 3878 1797 3931 illic
1836 3878 1909 3931 bd
2079 3880 2110 3931 5
2150 3878 2247 3931 sed
2284 3879 2533 3948 operabit
2568 3878 2693 3933 P¹S

396 3968 428 4020 6
463 3966 652 4035 frater]
690 3971 753 4020 ut
790 3965 959 4020 frater
994 3965 1121 4020 1²¹8
1154 3965 1249 4019 sed
1289 3966 1607 4036 operabitur
1642 3967 1811 4021 frater
1844 3968 1896 4020 V
2001 3970 2031 4021 7
2070 3968 2286 4036 uiginta
2320 3967 2367 4022 G
2471 3967 2504 4021 8
2540 3984 2688 4020 rece-

395 4054 478 4108 dit
512 4054 558 4108 G
581 4054 800 4108 recedat
823 4055 883 4108 N
991 4056 1023 4108 9
1062 4055 1400 4109 ministrauit
1426 4054 1552 4109 P¹S
1660 4057 1720 4109 11
1765 4056 1971 4126 explica
1998 4056 2122 4110 12¹8
2261 4055 2611 4110 tabernacula
2647 4055 2696 4108 0

398 4143 463 4197 14
500 4142 579 4211 id]
622 4143 690 4196 ad
728 4143 775 4197 S
897 4151 1008 4198 unu
1045 4143 1216 4198 uerbo
1257 4145 1342 4212 (eat
1380 4161 1485 4197 uno
1525 4144 1713 4208 uerbo)
1756 4145 1802 4199 S
1943 4145 2242 4199 custodiret
2278 4144 2341 4198 N
2463 4145 2527 4199 16
2563 4144 2685 4198 fini-

392 4235 509 4284 tum
555 4231 600 4285 0
708 4232 774 4286 19
811 4234 1340 4302 pascha—quoniam
1382 4250 1484 4287 om.
1524 4234 1568 4288 S
1676 4234 1745 4287 20
1790 4233 2131 4288 inmunditiis
2168 4233 2422 4288 P¹SVbd
2455 4235 2685 4287 immun·

396 4318 530 4372 dicis
568 4320 618 4372 T
695 4357 699 4362 -
757 4322 1039 4390 purificare
1076 4322 1123 4376 C
1263 4322 1494 4375 consulit
1525 4322 1630 4376 NS
1642 4323 1722 4376 Vb
1832 4325 1901 4377 22
1939 4323 2235 4378 accedisset
2269 4325 2315 4377 G
2453 4328 2566 4377 tam
2605 4323 2685 4390 in]

391 4413 571 4461 tamen
621 4409 667 4462 G
771 4411 837 4462 24
879 4415 1123 4478 quartam
1164 4410 1426 4464 decimam
1473 4411 1523 4464 Τ
1932 4429 1937 4436 ·
