3076 4976
715 449 1189 515 Quaestionum
1227 447 1338 501 lib.
1379 447 1460 500 ΙΙΙ
1500 446 1790 516 (Quaest.
1830 446 1904 499 de
1943 446 2297 514 Leuitico).
2518 451 2651 512 255

362 646 646 728 coepisse
687 644 1063 708 definimus?
1115 663 1498 726 quamquam
1540 644 1728 707 etiam
1769 644 2054 726 psalmus
2094 644 2222 720 ille,
2263 643 2375 707 ubi
2415 643 2654 706 dictum

364 756 489 816 est:
564 752 867 835 Moyses
936 755 1008 814 et
1070 751 1313 814 Aaron
1391 751 1484 844 in·
1530 751 2065 814 sacerdotibus
2145 751 2336 827 eiuS,
2414 749 2656 813 auferat

366 860 847 936 dubitationem,
898 860 1063 943 quod
1115 860 1407 924 sacerdos
1455 861 1648 924 fuerit
1694 864 1757 923 et
1801 859 2074 941 Moyses.
2153 863 2399 922 uestem
2448 861 2657 921 tamen

365 968 538 1030 illam
577 967 1048 1044 sacerdotalem,
1082 986 1241 1048 quae
1280 986 1580 1050 magnum
1624 966 1901 1031 continet
1938 969 2419 1035 sacramentum,
2452 964 2659 1028 Aaron

309 1074 622 1143 5iubetur
696 1075 976 1156 accipere
1044 1077 1107 1137 et
1171 1093 1570 1138 successores
1639 1074 1775 1137 eius
1843 1072 2074 1137 summi
2143 1072 2521 1136 sacerdotes,
2596 1072 2658 1133 in

366 1181 578 1244 Exodo
627 1184 965 1262 antequam
1025 1181 1273 1245 omnino
1331 1181 1573 1262 aliquid
1632 1182 1705 1244 de
1765 1179 2230 1245 sanctificandis
2279 1183 2343 1242 et
2389 1178 2659 1260 quodam

369 1287 554 1351 modo
631 1286 990 1351 ordinandis
1066 1287 1501 1351 sacerdotibus
1585 1287 2033 1370 praecipiatur,
2119 1285 2366 1368 quando
2440 1285 2669 1367 Moyse·

371 1393 746 1457 ascendente
795 1393 855 1456 in
896 1396 1176 1457 montem
1215 1393 1513 1457 iubentur
1549 1414 1672 1458 non
1711 1393 2045 1457 ascendere
2085 1392 2462 1469 sacerdoteS,
2503 1410 2665 1472 quos

372 1500 739 1583 intellegere
788 1501 946 1565 alios
995 1520 1114 1564 non
1162 1520 1506 1581 possumus
1557 1501 1679 1565 nisi
1725 1500 1889 1564 filios
1929 1500 2153 1577 Aaron,
2194 1519 2315 1564 non
2355 1498 2501 1579 quia
2537 1498 2667 1560 iam

289 1640 337 1677 10
375 1610 576 1682 erant,
645 1606 755 1671 sed
824 1608 973 1688 quia
1038 1607 1236 1671 futuri
1305 1612 1507 1685 eraut,
1577 1609 1695 1671 hoc
1762 1627 1869 1671 eos
1935 1608 2059 1670 iam
2135 1610 2286 1669 tunc
2355 1604 2665 1687 scriptura

376 1714 722 1795 appellauit
765 1732 876 1795 per
923 1713 1456 1796 anticipationem,
1499 1714 1668 1778 sicut
1706 1714 1857 1777 sun‘t
1893 1715 2190 1796 pleraque
2228 1712 2453 1775 talium
2494 1711 2665 1774 locu-

375 1820 658 1885 tionum:
712 1838 853 1882 nam
904 1822 967 1881 et
1011 1820 1182 1882 filius
1229 1819 1409 1883 Naue
1458 1820 1638 1883 Iesus
1690 1821 2044 1902 appellatus
2104 1822 2218 1896 est,
2279 1837 2423 1881 cum
2477 1817 2665 1900 longe

378 1930 600 2007 postea
645 1925 766 1989 hoc
813 1944 1037 1989 nomen
1098 1925 1154 1988 ei
1211 1926 1524 2008 scriptura
1581 1931 1787 1989 narret
1841 1926 2210 2008 inpositum.
2287 1925 2468 1988 ambo
2520 1942 2667 2006 ergo

377 2036 528 2096 tunc
596 2031 830 2095 summi
896 2032 1253 2095 sacerdotes
1322 2035 1496 2095 erant
1562 2032 1817 2114 Moyses
1885 2036 1947 2095 et
2001 2032 2227 2095 Aaron.
2314 2050 2390 2094 an
2454 2031 2667 2112 potius

297 2139 656 2221 15Moyses,
713 2138 919 2201 Aaron
976 2157 1124 2202 uero
1185 2139 1301 2202 sub
1358 2139 1514 2202 illo?
1601 2158 1675 2201 an
1743 2143 1807 2202 et
1868 2139 2003 2221 ipse
2063 2156 2352 2201 summus
2417 2140 2676 2218 propter

382 2251 626 2309 uestem
658 2245 1105 2327 pontificalem,
1137 2245 1244 2308 ille
1277 2265 1425 2309 uero
1465 2250 1720 2327 propter
1758 2246 2166 2309 excellentius
2206 2243 2671 2307 ministerium?

383 2372 525 2416 nam
575 2371 610 2413 a
655 2351 962 2433 principio
1021 2351 1074 2413 ei
1135 2352 1407 2416 dicitur?
1484 2351 1647 2433 ipse
1696 2351 1840 2415 tibi
1899 2369 2081 2432 quae
2140 2350 2225 2413 ad
2291 2348 2670 2432 populum,

385 2461 462 2522 tu
512 2458 632 2522 illi
682 2477 869 2541 quae
918 2458 1000 2522 ad
1052 2458 1286 2524 deum.

477 2566 707 2646 Quaeri
775 2566 966 2630 etiam
1031 2570 1270 2648 potest:
1347 2570 1495 2648 post
1560 2571 1829 2630 mortem
1893 2565 2099 2648 Moysi
2178 2565 2319 2647 quis
2395 2562 2677 2646 ungebat

300 2709 352 2745 20
388 2691 820 2738 successorem
879 2667 1122 2736 'summi
1189 2672 1557 2746 sacerdotiS,
1617 2671 1724 2752 qui
1791 2671 2126 2735 succedere
2190 2670 2314 2734 nisi
2379 2669 2675 2732 defuncto

389 2799 506 2844 non
556 2779 776 2860 utique
825 2782 1113 2862 poterat?
1191 2797 1262 2841 an
1317 2778 1465 2860 quia
1512 2777 1634 2841 iam
1683 2782 1913 2841 unctus
1963 2781 2095 2840 erat
2151 2777 2313 2840 inter
2366 2774 2681 2839 secundos

391 2885 747 2950 sacerdotes
808 2922 881 2930 —-
944 2884 1113 2948 idern
1184 2884 1415 2966 quippe
1481 2883 1605 2947 fuit
1669 2883 1908 2960 oleum,
1968 2903 2091 2965 quo
2150 2886 2215 2947 et
2270 2900 2557 2945 summus
2619 2885 2682 2944 et

393 2993 656 3058 secundi
703 2993 1103 3076 ungebantur
1149 3029 1236 3037 -—
1283 2995 1526 3056 uestem
1577 2994 1822 3055 tantum
1873 2991 2166 3054 sumebat
2220 2989 2327 3052 ille
2382 2989 2691 3071 pontifex,

395 3120 519 3183 qua
584 3100 720 3164 eius
790 3099 1126 3164 summitas
1203 3098 1575 3181 adpareret?
1661 3103 1723 3161 et
1788 3097 1840 3161 si
1907 3097 1998 3160 ita
2063 3101 2191 3161 est:
2266 3100 2481 3159 utmm
2544 3096 2682 3177 ipse

307 3239 355 3278 25
395 3207 687 3271 sumebat
743 3227 817 3270 an
878 3226 1020 3270 eum
1080 3206 1242 3270 alius
1299 3205 1621 3281 induebat,
1679 3204 1848 3268 sicut
1903 3208 1968 3267 et
2020 3207 2168 3286 post
2224 3203 2360 3267 eius
2417 3206 2685 3267 mortem

393 3315 650 3397 Moyses
699 3314 900 3377 filium
950 3313 1160 3377 fratris
1210 3312 1351 3376 sui?
1421 3312 1473 3375 si
1524 3331 1671 3396 ergo
1723 3311 1797 3374 ab
1857 3310 1980 3374 alio
2039 3309 2449 3380 uestiebatur,
2508 3328 2687 3372 num-

398 3420 692 3504 quidnam
750 3424 996 3502 poterat
1064 3438 1101 3482 a
1165 3418 1442 3483 secundo
1501 3417 1835 3483 summus?
1908 3416 2279 3498 praesertim
2336 3415 2484 3497 quia
2536 3414 2686 3477 talis

400 3531 531 3592 erat
573 3527 799 3603 uestiS‚
859 3530 932 3590 ut
988 3546 1130 3590 eum
1189 3526 1266 3588 ab
1324 3525 1447 3589 alio
1504 3524 1681 3587 indui
1738 3542 1993 3587 necesse
2051 3522 2259 3586 fuerit.
2336 3542 2409 3585 an
2461 3521 2551 3585 sic
2599 3521 2690 3584 in-

400 3635 710 3699 duebatur
754 3634 928 3714 prius
978 3636 1051 3696 ut
1090 3633 1279 3696 etiam
1319 3634 1582 3713 postea?
1630 3650 1749 3695 non
1801 3630 1967 3694 enim
2016 3629 2215 3693 semel
2259 3629 2518 3692 indutus
2568 3647 2687 3692 non

316 3774 366 3812 30
400 3760 535 3804 eam
591 3740 893 3821 ponebat3
952 3742 1064 3802 aut
1120 3756 1263 3801 cum
1321 3737 1666 3819 posuisset,
1725 3755 1846 3800 non
1906 3754 2042 3799 eam
2099 3734 2479 3798 resumebat.
2557 3734 2690 3798 fieri

576 3968 608 4019 2
646 3967 734 4020 Pe.
775 3966 860 4024 98.
902 3967 933 4018 6
1045 3966 1075 4017 5
1117 3963 1182 4017 cf.
1223 3964 1316 4016 Ex.
1357 3981 1470 4031 cap.
1510 3963 1596 4024 28,
1637 3964 1812 4016 3—39
1915 3963 1946 4014 8
1988 3961 2051 4015 cf.
2092 3961 2183 4016 Ex.
2229 3961 2311 4014 19.
2352 3960 2419 4012 24
2526 3960 2591 4011 12
2622 3957 2690 4011 cf.

402 4058 492 4112 Ex.
532 4059 617 4116 33,
662 4058 721 4109 11
839 4056 904 4107 13
944 4054 1009 4107 cf.
1047 4053 1207 4107 Num.
1253 4054 1332 4116 13,
1375 4054 1438 4105 17
1554 4053 1618 4104 17
1660 4052 1750 4104 Ex.
1791 4053 1841 4115 4,
1886 4051 1949 4104 16

474 4202 506 4255 3
543 4201 651 4254 fuit.
689 4199 733 4251 S
840 4201 870 4250 ἴ)
912 4199 1025 4250 eius
1065 4214 1166 4252 om.
1215 4197 1261 4249 C
1402 4195 1699 4249 sacerdotis
1729 4194 1773 4246 S
1880 4196 1908 4247 7
1949 4209 2161 4262 moyses
2199 4191 2245 4243 0
2350 4190 2381 4243 8
2420 4193 2603 4242 monte
2633 4189 2697 4240 N

405 4291 436 4343 9
475 4290 610 4344 alios
649 4305 752 4342 om.
791 4287 856 4339 N
963 4288 1027 4338 12
1064 4286 1240 4354 Naue]
1284 4291 1353 4338 na
1415 4285 1461 4337 C
1571 4284 1633 4336 13
1673 4300 1864 4335 nomen
1910 4283 1978 4351 ei]
2021 4280 2234 4332 nomine
2274 4279 2337 4331 N
2432 4279 2499 4330 <36
2538 4294 2712 4329 num--

407 4379 534 4448 quid
573 4396 676 4431 non
723 4376 844 4429 de
