3076 4976
168 1676 213 1712 10

167 3268 218 3306 25

672 496 1146 562 Quaestionum
1186 496 1297 550 lib.
1335 496 1364 550 Ι
1403 496 1693 564 (Quaest.
1735 497 1810 551 de
1850 497 2136 571 Genesi).
2469 505 2547 566 19

252 692 424 773 quod
481 696 548 755 et
604 691 929 756 saeculum
989 690 1322 775 significat,
1380 691 1623 756 dictum
1680 693 1765 755 sit
1821 692 2075 770 αἰώνιον,
2123 698 2446 775 tamquam
2495 695 2549 758 si

250 799 446 863 latine
505 802 730 881 posset
785 798 908 862 dici
976 799 1397 877 „saeculare“,
1456 818 1532 863 an
1593 817 1664 862 ex
1720 799 1841 863 hoc
1897 798 2134 881 aliquid
2199 800 2546 865 secundum

251 905 612 988 spiritalem
658 905 1141 986 promissionem
1190 906 1291 969 hic
1339 905 1709 989 intellegere
1757 925 2075 990 cogamur,
2117 912 2191 970 ut
2227 911 2549 971 aeternum

249 1013 392 1076 ideo
444 1012 692 1076 dictum
759 1013 863 1087 sit,
912 1012 1060 1093 quia
1117 1011 1261 1076 hinc
1320 1016 1644 1076 aeternum
1701 1013 1940 1095 aliquid
1996 1013 2403 1097 significatur.
2472 1033 2547 1077 an

249 1119 473 1201 potius
541 1118 880 1183 locutionis
945 1121 1045 1183 est
1110 1118 1612 1200 scripturarum?
1687 1121 1760 1182 ut
1821 1122 2147 1184 aeternum
2213 1120 2547 1202 appellent,

252 1225 439 1289 cuius
497 1224 588 1289 rei
646 1226 789 1289 finis
848 1245 965 1290 non
1026 1225 1440 1291 constituitur
1496 1228 1610 1289 aut
1663 1244 1784 1289 non
1831 1226 1923 1290 ita
1978 1228 2067 1302 fit,
2126 1228 2200 1289 ut
2254 1225 2548 1309 deinceps

248 1352 373 1396 non
422 1331 514 1396 sit
559 1331 938 1410 faciendum,
989 1336 1295 1414 quantum
1344 1332 1618 1416 pertinet
1655 1332 1733 1396 ad
1772 1352 1984 1396 curam
2025 1332 2129 1396 uel
2165 1336 2549 1415 potestatem

247 1439 567 1504 facientis.
618 1439 789 1504 sicut
834 1439 924 1504 ait
965 1440 1306 1505 Horatius:

472 1545 788 1611 seruiet
845 1550 1260 1611 aeternum
1319 1546 1453 1628 qui
1509 1565 1757 1630 paruo
1817 1545 2136 1611 nesciet
2182 1547 2330 1611 uti.

247 1675 371 1720 non
454 1653 625 1717 enim
684 1656 896 1735 potest
950 1654 1013 1716 in
1072 1658 1396 1717 aeternum
1455 1653 1710 1730 seruire,
1772 1654 1954 1718 cuius
2010 1654 2148 1734 ipsa
2214 1653 2366 1730 uita,
2426 1673 2548 1735 qua

250 1761 477 1835 seruit,
536 1762 789 1824 aeterna
847 1778 985 1824 esse
1041 1779 1163 1823 non
1218 1762 1450 1842 potest.
1536 1759 1704 1842 quod
1769 1760 2209 1824 testimonium
2263 1779 2386 1825 non
2446 1761 2548 1824 ad-

250 1866 561 1943 hiberem,
602 1865 725 1930 nisi
764 1865 1106 1930 locutionis
1147 1870 1349 1944 esset3
1398 1866 1737 1931 uerborum
1777 1866 2007 1948 quippe
2043 1866 2139 1930 illi
2179 1868 2330 1930 sunt
2365 1866 2548 1932 nobis

250 1976 569 2049 auctores,
619 1992 741 2038 non
790 1992 998 2036 rerum
1044 1973 1150 2037 uel
1207 1974 1681 2037 sententiarum.
1758 1974 1809 2037 si
1861 1976 2073 2037 autem
2131 1974 2551 2038 defenduntur

252 2080 606 2162 scripturae
676 2081 1023 2145 secundum
1085 2081 1439 2144 locutiones
1504 2081 1809 2163 proprias,
1868 2100 2026 2163 quae
2080 2080 2384 2144 idiomata
2439 2099 2548 2143 uo·

188 2200 209 2233 ⁵
250 2189 497 2264 cantur,
558 2189 790 2269 quanto
850 2187 1052 2270 magis
1111 2186 1459 2251 secundum
1516 2206 1643 2263 eaS,
1693 2206 1850 2269 quas
1909 2207 2054 2251 cum
2112 2187 2253 2252 aliis
2309 2186 2545 2271 linguis

249 2313 624 2359 communes
674 2294 936 2358 habent!

342 2401 609 2465 XXXII.
688 2400 1045 2480 Quaeritur,
1113 2401 1449 2482 quomodo⁸
1498 2401 1736 2465 dictum
1809 2402 1894 2464 sit
1958 2401 2035 2464 ad
2090 2400 2408 2465 Abraham
2474 2400 2549 2464 de

251 2509 384 2575 filio
434 2509 607 2573 eius:
670 2513 744 2573 et
798 2526 1030 2592 reges
1081 2509 1444 2592 gentium
1493 2527 1579 2572 ex
1627 2507 1776 2572 illo
1827 2511 2088 2587 erunt,
2138 2512 2352 2572 utrum
2401 2508 2548 2591 quia

251 2637 371 2682 non
438 2616 733 2699 prouenit
797 2615 1145 2679 secundum
1208 2635 1404 2698 regna
1485 2620 1749 2692 terrena,
1801 2615 2149 2678 secundum
2215 2615 2547 2680 ecclesiam

253 2724 454 2806 accipi
505 2723 751 2798 debeat,
804 2741 878 2785 an
926 2725 1183 2803 propter
1227 2722 1396 2785 Esau
1446 2721 1634 2785 etiam
1685 2721 1763 2785 ad
1809 2722 2086 2786 litteram
2136 2722 2421 2806 contigit.

339 2828 636 2893 XXXIII.
685 2829 782 2892 Et
827 2829 1114 2893 uidens
1162 2829 1690 2911 procucurrit
1734 2829 1808 2892 in
1859 2828 2176 2892 obuiam
2223 2829 2404 2892 illis
2455 2828 2543 2892 ab

254 2936 470 3001 ostio
519 2935 1045 2999 tabernaculi
1095 2936 1224 2999 sui
1274 2940 1351 2999 et
1397 2935 1775 2999 adorauit
1833 2954 2074 3016 super
2127 2938 2422 2999 terram
2470 2940 2547 3000 et

253 3042 494 3106 dixit:
544 3041 888 3120 domine,
949 3042 1016 3104 si
1074 3043 1351 3106 inueni
1410 3042 1754 3125 gratiam
1814 3045 1994 3105 ante
2041 3045 2146 3118 te,
2196 3060 2285 3105 ne
2332 3061 2544 3124 prae·

253 3153 522 3213 tereas
572 3168 894 3213 seruum
941 3154 1189 3214 tuum.
1251 3150 1592 3232 quaeritur,
1642 3167 1784 3212 cum
1831 3152 1959 3212 tres
2007 3149 2128 3211 uiri
2178 3152 2391 3212 essent
2437 3149 2545 3230 qui

255 3257 309 3319 ei
349 3255 784 3336 adparuerant,
820 3255 1133 3336 quomodo
1176 3256 1580 3339 singulariter
1618 3254 1942 3319 dominnm
1982 3256 2259 3338 appellet
2297 3255 2542 3318 dicens:

254 3361 599 3439 domine,
670 3363 737 3425 si
821 3361 1100 3427 inueni
1165 3363 1509 3446 gratiam
1578 3367 1758 3426 ante
1841 3365 1934 3428 te.
1994 3381 2069 3426 au
2137 3360 2544 3444 intellegebat

254 3488 445 3532 unum
494 3488 565 3532 ex
613 3470 704 3533 eis
752 3468 1076 3533 dominum
1124 3472 1189 3533 et
1237 3470 1394 3533 alios
1442 3468 1745 3552 angelos?
1803 3488 1878 3532 an
1925 3469 2141 3550 potius
2187 3467 2249 3531 in
2300 3467 2542 3551 angelis

254 3574 574 3639 dominum
632 3576 907 3640 sentiens
966 3576 1216 3640 domino
1273 3577 1488 3658 potius
1546 3595 1732 3658 quam
1795 3575 2035 3658 angelis
2091 3574 2266 3655 loqui
2326 3573 2540 3656 elegit,

424 3767 461 3820 8
500 3766 628 3820 Hor.
669 3765 842 3836 Epist.
883 3766 1033 3830 110,
1074 3768 1137 3821 41
1254 3767 1322 3821 18
1361 3765 1493 3821 Gen.
1538 3768 1620 3830 17,
1665 3768 1729 3821 16
1841 3767 1903 3820 21
1949 3765 2082 3822 Gen.
2126 3765 2210 3830 18,
2248 3766 2296 3820 2.
2337 3765 2370 3817 3

319 3892 343 3944 1
385 3895 439 3944 et
465 3907 570 3945 om.
594 3889 882 3944 PSVde
989 3892 1213 3943 aeonion
1246 3888 1573 3958 CPSVEuq
1611 3907 1819 3943 aeonon
1847 3888 1912 3941 N
1944 3888 2141 3942 ennion
2189 3887 2256 3940 T¹
2286 3905 2475 3938 αιωνον
2509 3887 2540 3940 b

253 3979 282 4031 2
316 3981 490 4049 possit
522 3979 569 4032 G
674 3978 781 4032 dici
816 3980 1005 4047 posset
1028 3976 1190 4032 PSN
1200 3977 1373 4030 1⁷de
1442 3979 1477 4031 4
1504 3978 1626 4031 ideo
1646 3982 1779 4046 post
1807 3978 1878 4031 sit
1904 3977 2099 4046 ἱερέων
2118 3977 2180 4030 in
2207 3976 2281 4029 bd
2389 3976 2536 4044 quia]

254 4067 386 4136 qnod
413 4067 462 4122 S
564 4067 841 4137 significat
868 4066 899 4120 b
974 4067 1006 4120 5
1046 4065 1326 4136 appellant
1364 4065 1416 4119 V
1484 4068 1516 4119 6
1557 4067 1640 4120 cui
1670 4065 1717 4120 S
1785 4066 1817 4120 8
1857 4068 2062 4119 oratius
2099 4063 2541 4131 CPSNVTEuq

252 4157 281 4208 9
316 4161 497 4210 seruet
530 4156 599 4210 N
683 4157 746 4209 11
786 4156 882 4223 fin.
909 4172 1016 4209 non
1055 4170 1155 4208 om.
1186 4153 1253 4206 N
1332 4156 1395 4208 13
1433 4156 1728 4208 sentiarum
1768 4155 1922 4208 P¹V¹
2001 4156 2066 4208 14
2107 4160 2163 4206 et
2202 4153 2442 4212 idomata
2482 4151 2542 4203 N

259 4244 315 4298 15
340 4262 476 4315 quae
504 4245 624 4298 ΡΝ
628 4244 678 4297 Τ
781 4246 925 4314 curn]
960 4231 1070 4299 ἐῖῐῖι
1106 4242 1171 4296 N
1240 4245 1311 4298 20
1348 4244 1511 4297 etiam
1551 4259 1652 4298 om.
1695 4243 1757 4295 N
1834 4244 1896 4297 21
1939 4243 2204 4313 procurrit
2235 4239 2540 4294 PSNVTb

255 4333 316 4385 25
353 4334 594 4406 appellat
631 4335 662 4388 b
772 4333 842 4388 28
880 4333 1118 4404 domino]
1159 4320 1289 4387 dnm
1331 4333 1375 4386 C
1534 4339 1638 4402 que}
1683 4331 1730 4384 U
1906 4333 2086 4401 angeli
2144 4336 2284 4398 (sup.
2333 4330 2350 4391 i
2405 4328 2536 4382 add.

258 4422 307 4487 o)
348 4421 393 4475 0
529 4423 681 4491 loqui
719 4437 821 4476 om.
868 4421 915 4474 G

2325 4525 2387 4578 2*
