3076 4976
193 1642 243 1681 10

190 2184 241 2223 15

194 3242 252 3281 25

902 463 1424 520 Adnotationum
1465 468 1529 520 in
1567 466 1680 520 Iob
1719 466 1892 520 liber
1928 467 1970 522 1.
2433 471 2566 535 523

272 660 671 725 uidentis:
731 661 881 743 quia
938 661 1252 739 mutabor,
1303 665 1377 726 ut
1424 661 1747 726 uidentem
1795 662 1897 727 hic
1958 662 2279 727 diabolum
2338 662 2569 745 accipi-

272 787 457 832 amus
522 766 938 834 inuidentem.
1010 769 1231 834 oculi
1297 768 1422 833 tui
1482 770 1558 833 in
1625 789 1739 834 me
1807 773 1884 834 et
1947 789 2098 835 non
2165 769 2568 845 subsisto:

273 874 577 939 interficis
626 875 794 939 enim
842 876 904 941 in
954 895 1055 940 me
1103 876 1304 940 uitam
1354 876 1670 941 carnalem
1714 877 1779 940 in
1830 896 1953 959 qua
1999 876 2112 942 fui.
2166 879 2569 958 tamquam

274 983 526 1047 nubes
585 984 1031 1066 expurgata
1088 981 1176 1045 de
1236 982 1492 1047 caelo:
1563 987 1673 1046 aut
1719 1002 1830 1065 per
1877 982 2122 1047 caelum
2170 985 2441 1066 purgata
2487 1019 2572 1028 —

275 1089 590 1172 quomodo
632 1089 904 1153 dicimus
943 1088 1019 1152 de
1057 1089 1220 1154 ferro
1257 1093 1632 1172 purgata—
1660 1092 1732 1152 ut
1769 1089 1870 1153 hic
1911 1088 2369 1172 significauerit
2405 1088 2576 1152 auxi-

273 1198 434 1262 lium
483 1196 605 1261 sibi
652 1195 853 1261 fuisse
900 1195 976 1259 de
1025 1196 1221 1272 cae10,
1258 1199 1333 1261 ut
1369 1200 1773 1280 purgaretur,
1824 1200 1934 1260 aut
1973 1201 2139 1261 certe
2177 1199 2251 1260 ut
2286 1195 2413 1260 iam
2454 1214 2574 1260 non

275 1305 363 1370 sit
418 1304 640 1378 nubes,
699 1302 810 1367 sed
863 1303 927 1366 in
987 1322 1193 1367 aerem
1250 1321 1479 1384 purum
1541 1306 1932 1379 extenuetur,
1991 1307 2316 1385 tamquam
2383 1301 2576 1365 radiis

276 1411 434 1476 solis
492 1414 855 1494 expurgata,
906 1413 979 1474 ut
1037 1409 1395 1474 obscuritas
1454 1410 1660 1474 carnis
1718 1414 1782 1475 et
1839 1410 2165 1494 sanguinis
2215 1428 2334 1473 non
2385 1407 2470 1473 sit
2515 1407 2578 1472 in

276 1517 475 1582 caelo.
547 1536 668 1581 non
735 1516 903 1581 enim
969 1535 1113 1581 caro
1180 1519 1245 1580 et
1311 1517 1574 1599 sanguis
1638 1536 1906 1600 regnum
1972 1516 2072 1579 dei
2135 1515 2577 1598 possidebunt,

283 1644 457 1689 cum
506 1623 1057 1706 corruptibile
1114 1622 1259 1687 hoc
1318 1623 1690 1688 induerit
1743 1622 2442 1706 incorruptionem
2502 1625 2578 1686 et

278 1730 866 1796 absorbebitur
911 1749 1125 1795 mors
1174 1730 1249 1793 in
1297 1730 1765 1795 uictoriam.
1817 1730 1885 1794 si
1933 1729 2138 1794 enim
2186 1728 2413 1793 homo
2464 1729 2579 1794 de-

280 1836 699 1901 scenderit
764 1836 856 1900 ad
922 1836 1255 1914 inferoS,
1323 1838 1545 1901 ultra
1611 1855 1759 1901 non
1826 1836 2252 1900 ascendet:
2321 1836 2398 1899 ad
2460 1835 2579 1901 hoc

278 1963 429 2027 ergo
476 1943 823 2020 recordare,
871 1946 945 2007 ut
993 1962 1112 2008 non
1165 1943 1537 2009 descendas.
1603 1948 1680 2009 et
1726 1964 1873 2010 non
1923 1947 2394 2008 reuertetur
2438 1962 2579 2007 am·

278 2051 502 2134 plius
566 2050 643 2113 in
711 2050 1023 2115 domum
1084 2069 1335 2114 suam:
1395 2049 1460 2113 id
1517 2056 1618 2115 est
1673 2051 1752 2115 ad
1807 2050 2088 2133 requiem
2145 2069 2348 2114 suam.
2415 2068 2580 2131 pro·

281 2161 564 2241 pterea
608 2156 888 2238 itaque
939 2160 1016 2221 et
1064 2175 1206 2239 ego
1256 2176 1400 2221 non
1440 2176 1759 2240 parcam
1802 2158 1917 2223 ori
1957 2176 2159 2222 meo:
2202 2154 2576 2231 confitendo,

280 2284 428 2330 cum
474 2266 731 2346 tempus
780 2266 897 2326 est.
968 2265 1346 2327 utrumne
1406 2282 1615 2327 mare
1674 2283 1842 2328 sum
1901 2283 2043 2348 ego
2103 2267 2239 2327 aut
2295 2262 2580 2326 draco?

280 2391 402 2437 non
452 2370 619 2434 enim
669 2370 839 2434 sicut
884 2370 1093 2452 inpios
1153 2373 1265 2434 aut
1321 2369 1648 2435 diabolum
1704 2371 2019 2453 repulisti.
2085 2370 2273 2453 quia
2330 2371 2581 2433 statu-

280 2477 430 2543 isti
480 2497 723 2560 super
767 2497 881 2542 me
932 2477 1424 2542 custodiam:
1475 2481 1707 2543 utnon
1755 2497 1855 2542 me
1894 2497 2188 2542 moneam
2227 2475 2305 2541 ad
2342 2479 2582 2560 pertur-

279 2585 625 2661 bationem,
673 2587 748 2649 ut
788 2588 938 2649 sunt
975 2584 1166 2648 maris
1206 2584 1480 2649 termini.
1531 2585 1721 2666 quia
1769 2583 1962 2649 dixi:
2013 2583 2583 2650 consolabitur

283 2711 397 2756 me
454 2691 729 2756 lectus
787 2711 1036 2755 meus:
1099 2690 1373 2755 carnalia
1428 2691 1489 2755 in
1553 2691 1782 2771 quibus
1831 2690 2289 2773 requiescebat.
2357 2694 2432 2753 et
2478 2708 2582 2752 re-

281 2799 536 2863 feram
585 2798 677 2861 ad
727 2817 841 2862 me
889 2799 1156 2881 ipsum
1204 2798 1861 2862 consolationem
1908 2798 1983 2862 in
2031 2800 2208 2862 toro
2257 2815 2454 2861 meo:
2503 2796 2583 2861 ad

281 2909 347 2969 te
406 2905 571 2969 enim
631 2903 829 2968 debeo
886 2903 1117 2968 referre
1184 2904 1683 2969 consolationem
1751 2922 1977 2970 meam.
2046 2906 2405 2967 exterres
2472 2920 2583 2965 me

283 3031 422 3094 per
477 3012 784 3075 somnia
843 3014 920 3076 et
974 3030 1113 3094 per
1166 3011 1572 3075 uisionem
1628 3030 1741 3075 me
1801 3008 2406 3091 obstupefacis:
2474 3027 2586 3092 per

285 3117 730 3183 tribulationes
788 3118 960 3183 uitae
1017 3117 1231 3195 huiuS,
1281 3136 1442 3199 quae
1498 3117 1590 3182 ita
1646 3117 1888 3181 somnia
1936 3118 2106 3191 sunt,
2158 3115 2472 3197 quomodo
2523 3119 2587 3180 et

288 3226 455 3289 bona·
502 3225 673 3289 uitae
720 3224 913 3289 huius
973 3225 1236 3290 somnia.
1305 3224 1693 3290 absolues
1752 3243 1787 3287 a
1844 3223 2148 3305 spiritu
2207 3241 2372 3287 meo
2431 3223 2584 3287 ani·

288 3351 485 3396 mam
532 3350 813 3396 meam:
862 3336 1116 3414 propter
1163 3331 1453 3396 uisibiles
1500 3334 1796 3409 terrores,
1846 3349 1880 3394 a
1929 3330 2160 3412 quibus
2216 3327 2588 3393 liberabitur

467 3549 500 3601 2
538 3546 635 3601 101)
676 3549 723 3610 7,
763 3547 796 3601 8
923 3548 955 3602 3
1002 3547 1093 3602 101)
1135 3549 1183 3609 7,
1222 3548 1255 3601 9
1375 3549 1407 3601 9
1446 3547 1512 3602 cf.
1552 3547 1579 3601 1
1620 3546 1739 3602 Cor.
1784 3546 1866 3608 15,
1905 3546 1991 3602 50.
2030 3547 2100 3599 54
2221 3546 2283 3599 11
2326 3544 2421 3598 Iob
2463 3545 2512 3609 7,
2552 3544 2585 3597 9

291 3637 356 3690 13
394 3636 493 3690 Iob
534 3637 582 3697 7,
626 3636 691 3688 10
822 3636 889 3688 14
925 3634 1022 3688 Iob
1063 3636 1111 3697 7,
1155 3637 1213 3689 11
1349 3636 1415 3689 16
1454 3635 1551 3689 Iob
1592 3635 1641 3697 7,
1686 3636 1750 3689 12
1877 3636 1937 3688 17
1977 3635 2074 3688 Iob
2115 3635 2164 3695 7,
2208 3634 2270 3686 12
2384 3633 2450 3685 19
2487 3631 2584 3685 Iob
2695 3620 2698 3621 ⁷

288 3727 338 3787 7,
383 3726 449 3778 13
557 3724 627 3778 20
665 3723 762 3777 101)
803 3725 852 3787 7,
894 3725 960 3777 13
1072 3726 1141 3778 22
1180 3724 1277 3777 Iob
1319 3725 1367 3789 7,
1410 3726 1477 3778 14
1586 3726 1654 3779 25
1693 3724 1789 3777 101)
1831 3725 1881 3786 7,
1924 3725 1989 3777 15

364 3850 387 3902 1
432 3851 776 3916 acceptamus
821 3846 866 3900 Ο
972 3847 1004 3900 3
1044 3846 1149 3901 suit
1192 3846 1299 3900 GP
1403 3849 1437 3900 4
1476 3849 1708 3917 purgata
1752 3846 1798 3900 C
1947 3846 2199 3916 purgata]
2241 3843 2459 3897 turbata
2505 3843 2586 3896 Tb

288 3937 321 3989 5
359 3940 593 4005 purgato
632 3935 663 3988 b
757 3936 788 3988 7
829 3939 1147 3989 extenuetur
1182 3952 1284 3991 om.
1330 3936 1377 3990 0
1513 3935 1665 3988 radix
1711 3934 1757 3988 C
1843 3936 1875 3989 8
1916 3935 2178 3988 oscuritas
2223 3933 2268 3987 0
2369 3934 2429 3986 ll
2473 3932 2584 3985 uic-

287 4027 430 4079 toria
474 4024 607 4079 TCb
720 4026 784 4079 12
824 4024 1082 4079 ascendas
1121 4026 1165 4079 Ο
1276 4027 1341 4079 14
1379 4025 1434 4077 in
1475 4040 1578 4078 om.
1618 4024 1759 4078 Hier
1852 4025 1916 4077 16
1957 4026 2302 4087 utufftrumne
2342 4021 2387 4075 S
2483 4038 2583 4089 ego

287 4132 390 4170 om.
432 4113 478 4169 S
595 4112 761 4182 drago
800 4112 846 4168 S
970 4115 1038 4168 20
1076 4114 1305 4168 lectulus
1345 4114 1487 4167 Hier
1613 4114 1676 4167 21
1720 4112 1789 4166 ad
1826 4129 1929 4167 om.
1968 4111 2014 4165 S
2138 4110 2582 4178 consolationem]

288 4221 410 4257 cum
448 4202 838 4256 fabulationem
878 4202 923 4255 S
1064 4203 1222 4255 thoro
1267 4202 1386 4256 de
1548 4204 1617 4257 23
1655 4201 1893 4254 uisiones
1933 4199 1979 4253 S
2117 4215 2267 4252 meae
2306 4198 2352 4253 S
2493 4198 2584 4250 ob·

287 4292 619 4361 stupefacies
656 4291 702 4343 (J
840 4291 909 4344 24
947 4291 1267 4345 tribuliones
1302 4291 1347 4344 C
1489 4289 2037 4360 quomodo—somnia
2074 4304 2177 4342 om.
2209 4286 2252 4339 0
2392 4288 2461 4341 25
2492 4286 2586 4339 ab·

288 4381 440 4434 solue
479 4379 526 4434 S
