3076 4976
265 1703 315 1741 10

260 2235 310 2274 15

253 2768 309 2808 20

253 3305 306 3343 25

621 523 1099 589 Quaestionum
1137 524 1250 577 lib.
1294 524 1337 576 V
1377 524 1668 590 (Quaest.
1711 523 1787 576 de
1826 525 2387 590 Deuteronomio).
2519 527 2644 591 397

356 719 732 784 seduxerant
796 718 1124 800 populum,
1191 717 1473 802 uirgines
1541 720 1754 781 autem
1821 717 2034 781 saluas
2102 736 2240 781 esse
2306 718 2650 783 uoluerunt

358 845 477 890 non
528 826 617 890 eis
665 825 1028 906 inputantes
1079 824 1332 907 culpam
1382 843 1506 905 qua
1554 824 1751 889 euerti
1802 824 1912 887 illa
1961 843 2115 907 gens
2164 825 2416 901 meruit,
2459 845 2647 906 quam

358 932 547 996 etiam
594 932 697 996 hic
755 932 1299 1005 commemorauit,
1355 932 1538 996 uelut
1593 935 1999 1013 quaereretur
2056 950 2167 995 cur
2221 932 2537 996 Moabitas
2587 936 2650 997 et

357 1038 752 1103 Ammanitas
818 1038 1070 1101 admitti
1136 1038 1411 1102 noluerit
1466 1038 1529 1101 in
1599 1037 1931 1101 ecclesiam
1999 1035 2257 1101 domini.
2326 1037 2650 1102 subiunxit

356 1146 553 1210 enim:
606 1165 687 1210 eo
739 1144 936 1227 quod
983 1163 1121 1208 non
1172 1142 1661 1208 obuiauerint
1717 1142 1938 1207 uobis
1990 1161 2147 1207 cum
2207 1143 2528 1224 panibus
2578 1148 2650 1209 et

356 1271 545 1333 aqua
593 1252 663 1316 in
711 1251 856 1329 uia,
906 1269 1071 1314 cum
1120 1249 1434 1314 exiretis
1484 1248 1568 1313 de
1616 1249 1980 1333 Aegypt0‚
2030 1253 2103 1312 et
2149 1250 2321 1330 quia
2383 1250 2646 1315 condu-

355 1363 622 1424 xerunt
668 1358 1069 1422 aduersum
1119 1362 1189 1421 te
1251 1356 1555 1420 Balaam
1611 1355 1863 1419 filium
1922 1355 2114 1420 Beor
2160 1356 2245 1419 de
2310 1356 2646 1438 Mesopo-

354 1465 603 1541 tamia,
673 1467 755 1528 ut
800 1464 1295 1528 malediceret
1357 1467 1451 1528 te.
1519 1464 1634 1549 has
1702 1463 1922 1544 culpas
1980 1481 2092 1527 nec
2156 1464 2329 1542 tunc,
2398 1462 2646 1545 quando

352 1572 462 1635 illa
528 1592 681 1656 gens
757 1571 1075 1636 debellata
1152 1574 1269 1647 est,
1337 1569 1593 1634 feminis
1666 1569 2143 1652 inputauemnt,
2211 1588 2366 1651 quas
2434 1570 2644 1635 saluas

354 1697 726 1743 conseruare
773 1679 1155 1741 maluerunt.

439 1785 727 1849 XXXVI.
787 1784 944 1850 Non
991 1783 1247 1848 trades
1297 1802 1608 1866 puerum
1668 1781 1962 1848 domino
2025 1803 2180 1860 suo,
2242 1784 2372 1864 qui
2431 1784 2647 1866 adpo-

354 1891 552 1956 situs
602 1894 719 1955 est
763 1891 910 1956 tibi
957 1910 991 1955 a
1040 1890 1338 1956 domino
1390 1910 1554 1955 suo:
1604 1909 1726 1954 non
1775 1889 1944 1972 quod
1986 1889 2280 1954 dominus
2321 1891 2458 1955 eius
2500 1910 2646 1955 eum

351 1997 735 2081 adposuen‘t‚
794 1997 858 2061 id
907 2001 1007 2062 est
1063 1996 1605 2062 commendauerit
1651 2033 1738 2044 —
1785 1996 1999 2079 potius
2059 1997 2223 2060 enim
2283 1997 2646 2080 depositum

351 2103 585 2168 diceret
634 2142 720 2149 —
769 2103 878 2168 sed
945 2103 1304 2185 adpositum
1376 2102 1532 2167 dixit
1581 2123 1616 2167 a
1672 2102 1926 2168 domino
1995 2122 2133 2181 suo,
2200 2103 2264 2166 id
2332 2106 2432 2168 est
2495 2104 2644 2168 huic

352 2209 739 2281 adiunctum,
809 2229 952 2274 cum
1010 2210 1086 2273 ab
1145 2210 1254 2274 illo
1314 2209 1762 2285 abscessisset3
1823 2228 1945 2273 non
2005 2228 2152 2293 ergo
2211 2209 2473 2291 suscipi,
2534 2210 2644 2274 sed

348 2315 526 2381 reddi
590 2317 804 2398 potius
870 2316 1197 2399 prohibuit
1260 2315 1596 2399 fugitiuos.
1644 2316 1763 2380 hoc
1813 2315 2069 2398 quidem
2134 2318 2344 2397 putari
2408 2320 2642 2400 potest,

347 2422 473 2486 nisi
528 2422 976 2507 intellegamus
1035 2422 1208 2508 genti
1259 2424 1321 2487 et
1367 2424 1604 2506 populo
1662 2423 1789 2487 ista
1844 2422 1991 2501 dici,
2041 2442 2163 2487 non
2212 2423 2321 2487 uni
2382 2424 2641 2490 homini.

349 2548 421 2593 ex
468 2531 591 2594 alia
636 2531 849 2613 itaque
896 2533 1082 2614 gente
1128 2528 1550 2613 refugientem
1599 2529 1676 2594 ad
1723 2529 1914 2594 istam
1962 2534 2236 2614 gentem,
2287 2533 2388 2596 cui
2427 2533 2642 2614 loque-

347 2635 551 2712 batur,
584 2637 903 2702 hominem
933 2656 968 2700 a
998 2637 1251 2701 domino
1284 2656 1421 2714 suo,
1452 2636 1518 2700 id
1549 2639 1648 2701 est
1676 2656 1711 2701 a
1737 2655 1884 2722 rege
1916 2656 2031 2701 suo
2072 2637 2246 2702 reddi
2286 2639 2639 2720 prohibuit:

350 2744 516 2826 quod
566 2745 756 2808 etiam
806 2744 1156 2828 alienigena
1204 2744 1488 2808 seruauit
1543 2744 1812 2808 Amman
1861 2763 1964 2808 rex
2016 2742 2204 2822 Geth,
2266 2745 2512 2827 quando
2564 2746 2641 2810 ad

349 2871 497 2915 eum
549 2851 790 2935 refugit
842 2850 1050 2915 Dauid
1109 2870 1146 2915 a
1200 2850 1360 2915 facie
1420 2851 1659 2916 domini
1717 2852 1837 2929 sui,
1899 2851 2020 2917 hoc
2079 2855 2178 2916 est
2234 2853 2404 2937 regis
2464 2852 2639 2917 Saul.

348 2958 745 3040 apertissime
812 2961 1021 3023 autem
1090 2957 1211 3022 hoc
1278 2959 1586 3040 explanat,
1655 2978 1799 3023 cum
1850 2958 2006 3023 dicit
2054 2959 2127 3023 de
2182 2960 2323 3041 ipso
2382 2960 2634 3041 refuga:

346 3065 417 3127 in
468 3064 687 3129 uobis
737 3065 1124 3129 habitabit
1171 3066 1243 3129 in
1295 3066 1489 3129 omni
1538 3067 1705 3131 loco
1756 3066 1881 3129 ubi
1929 3066 2313 3149 placuerit
2362 3067 2448 3131 ei.

433 3171 755 3237 XXXVII.
805 3171 963 3236 Non
1012 3173 1156 3236 erit
1195 3172 1548 3236 meretrix
1597 3192 1632 3236 a
1678 3172 1999 3237 filiabus
2039 3172 2333 3237 Israhel
2382 3177 2454 3237 et
2500 3193 2636 3238 non

347 3278 492 3343 erit
537 3279 926 3343 fornicans
976 3298 1011 3342 a
1057 3279 1254 3343 filiis
1313 3279 1627 3343 Israhel.
1688 3297 1829 3343 ecce
1878 3279 1989 3343 ubi
2039 3280 2372 3344 manifeste
2428 3279 2639 3362 prohi-

343 3383 486 3448 buit
557 3384 850 3448 fornicari
918 3388 981 3449 et
1045 3386 1219 3450 uiros
1288 3389 1352 3449 et
1414 3386 1682 3449 feminas
1750 3385 1942 3450 etiam
2010 3405 2152 3450 cum
2221 3405 2342 3451 non
2415 3387 2637 3450 alienis

346 3491 724 3575 coniugibus
768 3496 1099 3575 peccatum
1138 3512 1278 3557 esse
1318 3493 1755 3557 demonstrans
1803 3492 2055 3556 misceri
2097 3512 2218 3557 non
2259 3493 2636 3577 coniugibus

346 3598 505 3681 suia,
571 3599 819 3680 quando
888 3602 952 3663 et
1016 3600 1377 3664 meretrices
1448 3619 1587 3664 esse
1655 3606 1719 3665 et
1784 3599 1862 3664 ad
1909 3599 2272 3690 meretrices
2341 3599 2637 3665 accedere

344 3704 657 3786 prohibet,
718 3725 985 3786 quarum
1032 3706 1287 3789 publice
1346 3706 1593 3771 uenalis
1643 3711 1742 3771 est
1795 3705 2149 3789 turpitudo.
2207 3706 2269 3769 in
2330 3706 2633 3791 decalogo

523 3898 558 3950 5
602 3896 770 3950 Deut.
816 3897 905 3960 23,
953 3898 988 3950 4
1138 3899 1196 3950 11
1250 3898 1413 3951 Deut.
1467 3897 1554 3961 23,
1607 3899 1687 3952 15.
1740 3898 1804 3951 16
1949 3898 2019 3951 20
2068 3897 2134 3950 ci.
2182 3897 2206 3950 I
2253 3897 2383 3964 Reg.
2434 3897 2518 3957 21,
2570 3896 2636 3950 10

342 3984 414 4038 24
450 3985 612 4038 Deut.
652 3984 740 4046 23,
784 3987 847 4038 17

416 4092 441 4143 1
486 4089 826 4145 deduxerunt
873 4092 925 4145 V
1062 4092 1095 4145 2
1136 4109 1239 4163 que
1288 4093 1416 4147 U¹P
1580 4093 1720 4146 uerti
1769 4091 1876 4145 UT
2006 4095 2041 4145 4
2079 4092 2353 4145 noluerint
2388 4090 2507 4144 ΡΝ
2510 4090 2563 4146 U
2568 4091 2637 4144 Τι

345 4165 407 4232 11
449 4178 635 4232 tradas
675 4179 773 4233 PS
915 4183 976 4234 17
1017 4181 1111 4234 isti
1158 4179 1209 4234 V
1354 4181 1418 4234 18
1458 4182 1541 4250 ex]
1583 4179 1679 4234 sed
1718 4198 1779 4234 ex
1817 4179 2048 4235 ΡιδἨΤ1
2217 4180 2402 4250 itaque
2440 4196 2542 4237 om.
2590 4181 2642 4234 V

341 4269 528 4337 gente]
564 4271 781 4337 gentem
812 4268 885 4323 bd
973 4269 1043 4323 20
1081 4286 1239 4324 aman
1268 4270 1538 4325 PSVUT
1573 4270 1721 4323 achis
1752 4270 1824 4323 bd
1907 4269 1977 4323 22
2014 4270 2201 4338 regula
2229 4270 2292 4322 N
2372 4270 2441 4323 23
2477 4269 2633 4323 habi-

339 4357 485 4410 tauit
510 4356 669 4410 PSU
672 4357 687 4391 ¹
797 4356 850 4409 ἓν
888 4358 1038 4410 παντὶ
1074 4359 1215 4428 τόπῳ
1254 4359 1369 4416 cod.
1409 4359 1554 4414 Alea:
1590 4364 1640 4414 et
1676 4358 1803 4429 Lay
1874 4360 1943 4412 24
1980 4358 2232 4412 meratrix
2260 4358 2325 4412 N
2389 4360 2459 4412 25
2498 4358 2634 4412 filia·

337 4444 442 4499 bus
479 4444 541 4498 N
649 4446 717 4499 26
755 4463 861 4499 non
902 4463 1019 4500 cum
1062 4446 1177 4500 ΡΝ
