3076 4976
238 1682 287 1719 10

238 2217 285 2255 15

229 3283 284 3322 25

685 495 1166 561 Quaestionum
1205 496 1316 553 lib.
1356 497 1465 551 1111
1507 497 1792 565 thuaest.
1835 496 1910 551 de
1950 497 2300 567 Numeris).
2492 504 2611 566 351

327 697 445 765 est,
495 696 568 756 ut
617 694 955 757 anathema
1003 693 1380 757 detestabile
1429 693 1670 773 aliquid
1720 696 1783 756 et
1831 693 2255 758 abominabile
2309 694 2626 759 uideatur.

325 802 399 862 ut
455 799 621 862 enim
683 799 842 862 nihil
899 799 1043 863 inde
1101 799 1308 864 uictor
1362 799 1423 862 in
1481 818 1640 864 usus
1702 818 1852 863 suos
1908 800 2203 877 auferret,
2256 802 2368 864 sed
2414 805 2623 865 totum

325 906 386 968 in
436 924 702 986 poenam
749 904 1045 969 luendam
1096 908 1382 982 uoueret,
1422 905 1542 969 hoc
1584 910 1718 970 erat
1755 907 2176 984 anathemare,
2217 907 2386 988 quod
2423 908 2627 992 uulgo

326 1012 558 1076 dicitur
630 1012 950 1077 denotare.
1046 1013 1224 1096 origo
1301 1017 1514 1076 autem
1589 1013 1779 1076 huius
1854 1013 2032 1077 uerbi
2107 1017 2208 1077 est
2270 1014 2332 1077 in
2398 1034 2622 1098 graeca

325 1119 544 1203 lingua
593 1119 669 1183 ab
718 1119 818 1183 his
865 1119 1078 1195 rebuS,
1129 1138 1286 1200 quae
1342 1122 1532 1184 uotae
1590 1122 1654 1183 et
1708 1119 2093 1202 persolutae,
2154 1121 2271 1186 hoc
2332 1126 2429 1184 est
2483 1142 2622 1204 pro-

323 1227 556 1291 missae
615 1229 678 1290 et
732 1226 1013 1290 redditae
1080 1245 1333 1290 sursum
1400 1225 1797 1308 ponebantur
1859 1226 1920 1289 in
1980 1226 2237 1307 templis
2304 1225 2457 1303 ,ὀιπὸ
2515 1237 2622 1290 τοῦ

325 1330 448 1395 ἄνω
494 1334 783 1407 τιθὲναιῇ
834 1332 953 1396 hoe
1003 1336 1101 1396 est
1147 1352 1402 1397 sursum
1450 1352 1683 1415 ponere
1730 1333 1837 1396 uel
1892 1332 2139 1416 figendo
2198 1334 2300 1397 uel
2360 1353 2624 1416 suspen·

326 1439 550 1505 dendo.

412 1546 605 1609 XLII.
671 1546 741 1608 In
789 1545 1012 1609 itinere
1069 1545 1342 1609 filiorum
1392 1545 1657 1621 Israhel,
1717 1565 1841 1626 quo
1902 1549 2107 1609 castra
2163 1547 2626 1627 promouebant

325 1656 513 1734 atque
561 1652 899 1734 ponebant,
950 1652 1116 1715 inter
1172 1656 1380 1715 cetera
1437 1652 1746 1734 scriptum
1805 1656 1935 1716 est:
1996 1655 2072 1716 et
2118 1653 2300 1717 inde
2350 1656 2621 1717 castra

325 1760 973 1824 conlocauerunt
1037 1763 1262 1822 trans
1308 1759 1570 1822 Arnon
1633 1758 1705 1821 in
1756 1760 2039 1822 Ermon
2090 1759 2297 1841 quod
2340 1762 2623 1823 exstat

323 1885 359 1929 a
404 1865 831 1930 limitibus
879 1864 1580 1931 Amorrhaeorum.
1640 1869 1765 1929 est
1813 1865 2016 1930 enim
2065 1865 2328 1930 Arnon
2376 1865 2621 1930 limes

323 1972 553 2036 Moab
603 1972 821 2036 inter
866 1971 1095 2035 Moab
1147 1975 1225 2035 et
1270 1971 1485 2035 inter
1521 1972 2123 2036 Amorrhaeum.
2191 1975 2621 2054 propterea

325 2079 638 2143 dicitur
675 2080 750 2141 in
792 2078 1039 2142 libro:
1089 2078 1398 2141 bellum
1450 2077 1747 2141 domini
1797 2078 2007 2141 Zoob
2059 2078 2622 2143 inflammauit

327 2190 402 2249 et
457 2189 870 2249 torrentes
918 2188 1199 2249 Arnon.
1241 2192 1318 2248 et
1357 2187 1773 2249 torrentes
1825 2184 2278 2249 constituit
2315 2185 2622 2249 inhabi-

322 2295 492 2357 tare
541 2293 655 2359 Er.
732 2293 794 2356 in
845 2312 968 2373 quo
1015 2292 1177 2356 libro
1227 2292 1345 2355 hoc
1395 2291 1703 2373 scriptum
1755 2291 1858 2367 sit,
1916 2309 2038 2354 non
2099 2292 2621 2355 commemorauit

324 2419 525 2481 neque
600 2400 772 2462 ullus
841 2402 940 2463 est
1002 2399 1065 2462 in
1131 2398 1231 2462 his
1300 2417 1458 2479 quos
1529 2396 1781 2461 diuinae
1859 2397 2211 2480 scripturae
2289 2398 2620 2463 canonicos

324 2507 738 2591 appellamus,
817 2507 892 2571 de
942 2507 1178 2572 talibus
1229 2506 1597 2570 occasiones
1654 2505 1995 2588 reperiunt,
2055 2505 2166 2586 qui
2222 2505 2416 2570 libros
2475 2526 2621 2587 apo-

324 2614 592 2697 cryphos
640 2615 1040 2678 incautorum
1090 2613 1349 2678 auribus
1399 2617 1464 2677 et
1509 2613 1905 2677 curiosorum
1964 2616 2271 2676 conantur
2324 2612 2617 2686 inserere,

324 2721 400 2784 ad
471 2721 942 2803 persuadendas
1018 2720 1344 2784 fabulosas
1419 2720 1778 2802 inpietateS.
1864 2719 1976 2783 sed
2042 2719 2144 2783 hic
2211 2719 2453 2783 dictum
2520 2723 2626 2783 est

323 2827 635 2910 scriptum
693 2828 755 2890 in
812 2827 995 2903 libro,
1064 2846 1186 2891 non
1255 2827 1496 2890 dietum
1569 2830 1670 2891 est
1731 2827 1791 2889 in
1861 2826 2043 2890 cuius
2110 2826 2455 2908 prophetae
2512 2826 2618 2890 uel

322 2934 710 3015 patriarchae
786 2937 1004 2997 sancto
1079 2933 1264 2998 libro,
1357 2952 1562 3013 neque
1639 2932 1993 3016 negandum
2063 2935 2163 2995 est
2225 2931 2426 2996 fuisse
2489 2932 2618 2995 iam

317 3040 514 3105 libros
587 3040 725 3105 siue
784 3039 1265 3116 Chaldaeorum,
1333 3039 1500 3103 unde
1568 3057 1863 3122 egressus
1931 3042 2029 3102 est
2080 3038 2420 3114 Abraham,
2479 3039 2619 3102 siue

319 3147 803 3230 Aegyptiorum,
845 3146 955 3210 ubi
995 3146 1301 3210 didicerat
1336 3145 1594 3228 Moyses
1635 3164 1883 3208 omnem
1924 3145 2178 3209 illorum
2219 3145 2619 3226 sapientiam,

324 3253 462 3316 siue
538 3253 847 3333 cuiusque
924 3252 1132 3337 gentis
1206 3252 1489 3326 alterius,
1557 3252 1620 3314 in
1688 3270 1957 3333 quorum
2022 3251 2326 3316 librorum
2402 3251 2615 3332 aliquo

319 3360 530 3441 potuit
577 3359 696 3423 hoc
745 3378 884 3424 esse
924 3359 1270 3441 scriptum:
1321 3358 1428 3439 qui
1466 3361 1675 3421 tamen
1718 3377 1838 3421 non
1877 3357 2020 3421 ideo
2061 3356 2147 3420 sit
2185 3357 2616 3422 adsumendus

318 3466 381 3528 in
432 3485 538 3529 eas
589 3466 939 3549 scripturas
988 3465 1222 3547 quibus
1263 3464 1478 3528 diuina
1518 3463 1996 3528 commendatur
2033 3464 2399 3528 auctoritas,
2449 3464 2623 3528 sicut

500 3675 565 3727 10
604 3674 762 3729 Num.
804 3676 888 3738 21,
931 3675 1015 3728 13.
1061 3675 1140 3727 14.
1187 3675 1250 3726 15
1361 3673 1430 3726 24
1471 3673 1535 3726 cf.
1575 3673 1697 3726 Act.
1740 3674 1788 3737 7,
1829 3674 1897 3726 22

392 3798 416 3850 1
461 3803 520 3849 nt
561 3813 662 3851 om.
701 3796 910 3851 P¹S¹V
1025 3797 1315 3852 anathema
1352 3796 1496 3866 quod
1545 3797 1597 3849 V
1675 3797 1708 3851 2
1747 3796 1970 3850 auserrit
2009 3797 2053 3850 G
2133 3799 2164 3850 5
2204 3798 2477 3866 persoluta
2508 3802 2534 3848 e
2572 3795 2620 3848 G

317 3886 350 3938 6
415 3886 898 3954 apotuanotithene
957 3885 1066 3939 CN
1127 3886 1632 3956 apotuanotitheme
1688 3886 1798 3939 PT
1858 3890 2025 3955 apotu
2096 3886 2454 3939 anothithene
2514 3884 2621 3937 SV

318 3975 350 4027 9
368 3974 765 4044 promouebunt
782 3975 828 4028 0
879 3976 937 4028 11
961 3973 1184 4043 Ermon]
1209 3974 1431 4028 hermon
1450 3974 1515 4029 N
1529 3991 1706 4029 eremo
1729 3976 1768 4029 d
1826 3977 1889 4028 12
1912 3990 2271 4028 amorreorum
2299 3973 2503 4028 CPSN
2513 3972 2617 4025 VT

318 4062 860 4115 est—Amorrhaeum
897 4079 998 4119 om.
1045 4063 1095 4116 T
1200 4079 1385 4116 armon
1423 4063 1484 4115 N
1561 4064 1627 4116 13
1665 4063 1826 4117 Moab
1865 4064 2008 4116 inter
2044 4079 2147 4117 om.
2187 4062 2240 4114 V
2306 4065 2375 4116 14
2402 4061 2533 4114 zoab
2570 4060 2622 4114 G

315 4150 440 4203 ioab
468 4150 622 4204 PSN
637 4150 765 4204 V¹T
796 4150 955 4205 moab
998 4150 1068 4203 V²
1177 4153 1242 4206 16
1264 4151 1341 4205 Er
1374 4153 1575 4221 scripsi
1611 4168 1732 4206 cum
1762 4152 1860 4205 bd.-
1898 4154 1954 4204 et
1992 4151 2148 4205 codd.
2253 4152 2317 4204 17
2347 4150 2534 4203 diuina.
2568 4149 2615 4202 Ο

316 4240 600 4294 canonicus
648 4241 693 4293 G
840 4242 904 4293 18
943 4241 1238 4294 occasionis
1283 4241 1330 4295 0
1361 4241 1705 4295 occansiones
1742 4241 1806 4294 N
1945 4240 2303 4310 apochriphos
2347 4239 2444 4293 ΟΡ
2479 4255 2612 4307 apo·

315 4326 475 4381 crisos
512 4327 620 4382 SN
625 4329 675 4382 T
707 4328 1027 4398 apocriphos
1076 4329 1127 4383 V
1194 4331 1262 4384 23
1303 4330 1649 4383 chaldeorum
1691 4328 1782 4383 CS
1815 4328 2120 4382 caldeorum
2150 4329 2265 4381 PV
2331 4328 2400 4380 25
2431 4327 2617 4381 cuius—

316 4424 489 4486 cnque
535 4417 585 4470 T
691 4419 759 4471 26
797 4419 927 4487 non]
964 4424 1096 4472 tunc
1143 4418 1193 4471 T
1333 4418 1454 4471 ideo
1493 4435 1600 4471 non
1648 4417 1698 4470 T
