3076 4976
500 493 627 555 560
1203 488 1255 541 S.
1314 488 1586 542 Aureli
1644 487 2083 556 Augustini

500 702 731 766 aquae
780 683 937 747 dixit
987 702 1176 766 super
1222 701 1329 747 eos
1379 681 1488 765 qui
1535 683 1598 746 in
1649 682 1968 763 baptismo
2029 683 2426 747 confitentur.
2486 682 2783 747 maledi·

500 793 718 855 catur
744 809 915 873 pars
948 810 1199 855 eorum
1234 809 1459 873 super
1486 793 1793 854 terram:
1837 789 2052 854 sterile
2083 790 2168 853 sit
2197 789 2364 872 quod
2394 790 2784 873 delegerunt.

500 897 585 962 de
626 897 795 962 sinu
834 897 1026 961 enim
1066 896 1533 979 pupillorum
1573 899 2012 978 rapuerunt:
2055 896 2131 960 de
2173 896 2358 961 corde
2396 895 2783 961 infirmorum

498 1005 766 1068 uerbum
823 1023 936 1085 per
980 1005 1210 1067 malam
1272 1003 1653 1067 suasionem.
1716 1002 1981 1067 deinde
2037 1006 2612 1067 rememoratum
2674 1006 2788 1067 est

496 1114 891 1193 peccatum
940 1110 1129 1175 eius:
1184 1110 1353 1191 quod
1401 1109 1671 1191 putabat
1715 1110 1779 1172 in
1830 1109 2218 1174 obliuionem
2266 1109 2503 1173 uenire.
2546 1113 2787 1173 conte·
2845 1131 2869 1170 ⁵

498 1220 709 1281 ratur
783 1217 986 1282 sicut
1055 1216 1346 1301 lignum
1422 1215 1852 1280 insanabile
1930 1216 2167 1280 omnis
2222 1216 2572 1299 iniquus:
2621 1216 2790 1298 quod

498 1345 620 1390 non
671 1329 871 1390 sanat.
922 1322 1175 1387 sterili
1224 1323 1418 1386 enim
1467 1342 1607 1387 non
1656 1323 1845 1386 fecit
1891 1323 2102 1387 bene:
2164 1342 2323 1405 quae
2374 1323 2509 1387 sine
2567 1342 2789 1387 conso-

498 1431 735 1496 latione
783 1430 1059 1496 filiorum
1109 1432 1227 1495 est.
1278 1449 1739 1513 consurgens
1801 1447 1976 1513 ergo
2033 1450 2171 1493 non
2230 1430 2474 1494 credit
2532 1435 2789 1494 contra

499 1539 734 1603 uitam
785 1557 1019 1602 suam:
1067 1556 1191 1601 non
1240 1537 1439 1601 credit
1486 1537 1795 1600 aduersus
1843 1536 2041 1600 uitam
2094 1556 2302 1613 suam3
2355 1536 2575 1600 debuit
2621 1536 2785 1599 enim

501 1643 751 1707 credere
806 1643 1039 1707 malam
1090 1662 1158 1707 se
1205 1642 1434 1706 habere
1482 1643 1682 1707 uitam
1733 1647 1798 1706 et
1846 1662 1917 1706 eo
1966 1643 2105 1724 ipso
2164 1662 2563 1726 consurgere.
2623 1662 2785 1706 cum
2821 1663 2867 1704 ιο

499 1750 880 1813 infirmari
965 1750 1327 1831 coeperit,
1416 1770 1554 1813 non
1631 1753 1886 1832 speret
1958 1749 2391 1813 sanitatem:
2478 1747 2783 1814 tribulari.

501 1857 630 1921 sed
698 1857 904 1920 cadit
963 1855 1031 1920 in
1087 1857 1547 1939 languorem.
1605 1858 1768 1920 tales
1826 1856 1992 1919 enim
2048 1856 2261 1938 inpius
2320 1856 2785 1920 consolationes

503 1963 747 2044 quaerit
809 1964 869 2026 in
930 1963 1119 2026 rebus
1185 1963 1491 2040 aduersis,
1562 1962 1793 2044 quibus
1858 1962 2162 2026 infirmior
2225 1962 2353 2027 fiat.
2423 1961 2788 2025 emarcuit

505 2070 709 2134 sicut
801 2071 1051 2134 malua
1141 2071 1211 2133 in
1298 2073 1546 2135 aestu:
1641 2070 1909 2134 altitudo
1987 2071 2145 2148 eiuS,
2222 2071 2370 2151 quia
2448 2069 2572 2133 n‘on
2639 2069 2788 2134 tulit

502 2181 748 2241 aestum
794 2176 1252 2251 tribulationis3
1302 2177 1550 2240 malua
1597 2182 1808 2240 autem
1857 2181 2113 2259 propter
2157 2177 2609 2240 infirmitatem.
2660 2179 2784 2239 aut
2821 2197 2869 2236 ιε.

502 2283 705 2347 sicut
781 2283 867 2347 de
945 2284 1237 2367 stipula
1312 2285 1523 2365 spica
1599 2284 1762 2348 eius
1837 2287 2104 2365 sponte
2181 2283 2573 2347 decidens:
2643 2283 2785 2365 quia

498 2390 681 2454 inane
731 2393 865 2452 erat
909 2390 1158 2452 culmen
1207 2389 1439 2472 ipsium
1489 2389 1624 2471 ipse
1675 2389 1841 2452 enim
1890 2389 2011 2452 sibi
2061 2390 2257 2474 elegit
2301 2390 2464 2455 tales
2506 2391 2783 2454 consola-

497 2499 701 2563 tiones
780 2497 1015 2580 quibus
1088 2497 1268 2577 peius
1353 2496 1724 2560 infirmetur.
1804 2497 2141 2578 alioquin
2219 2498 2391 2580 quis
2467 2504 2585 2562 est
2662 2497 2785 2580 qui

496 2605 858 2686 loquatur
904 2602 1373 2666 mendacium
1418 2623 1528 2667 me
1579 2603 1872 2667 dicere?
1923 2604 1975 2667 si
2026 2607 2089 2667 et
2136 2605 2320 2668 aliter
2367 2609 2533 2669 sunt.

585 2711 783 2774 XXV.
856 2709 1066 2773 Verba
1141 2709 1379 2773 Baldad
1457 2709 1803 2776 sauchitis.
1882 2711 2060 2791 quid
2137 2712 2331 2776 enim
2398 2712 2872 2775 exordiumso

498 2836 713 2899 quam
781 2816 1007 2880 timor
1072 2814 1156 2877 ab
1226 2821 1351 2881 eo?
1420 2818 1544 2879 ista.
1618 2817 1983 2881 subiunctio
2059 2818 2316 2882 uidetur
2378 2818 2507 2881 illis
2574 2817 2785 2881 uerbis

498 2922 872 2995 consentire,
913 2921 1144 3003 quibus
1185 2921 1342 2985 dicit
1378 2923 1522 2986 Iob:
1563 2922 1851 2986 idcirco
1895 2943 1930 2986 a
1966 2922 2160 2987 facie
2202 2924 2364 2987 eius
2405 2924 2786 3000 turbabor,

498 3028 1000 3092 considerabo
1053 3031 1125 3090 et
1171 3027 1451 3093 timebo
1503 3030 1587 3092 ab
1639 3049 1740 3093 eo.
1792 3049 2000 3093 nemo
2048 3033 2270 3111 putet
2307 3050 2472 3095 esse
2511 3049 2788 3094 moram

496 3134 799 3217 piratis:
871 3137 1004 3198 sine
1069 3154 1247 3198 mora.
1313 3135 1662 3199 secundum
1731 3137 2111 3218 permissum
2180 3137 2316 3199 eius
2383 3139 2648 3200 tentant.
2716 3136 2788 3199 in

498 3261 713 3322 quem
774 3242 965 3305 enim
1014 3261 1151 3306 non
1203 3242 1512 3305 uenient
1567 3242 1892 3305 insidiae
1952 3242 2037 3305 ab
2097 3248 2220 3306 eo‘?
2281 3243 2400 3305 hoc
2461 3246 2579 3317 est,
2641 3261 2786 3307 cum
2825 3262 2877 3301 εδ

494 3347 633 3429 ipse
682 3348 1010 3430 permittit.
1051 3348 1316 3412 insidias
1357 3352 1570 3412 autem
1612 3348 1769 3412 dicit
1806 3349 2207 3416 tentationes,
2250 3352 2383 3413 aut
2421 3349 2788 3431 quomodo

679 3556 702 3608 1
745 3556 842 3609 101)
883 3559 967 3620 24,
1012 3558 1076 3610 18
1249 3560 1280 3611 3
1319 3557 1416 3610 101)
1454 3558 1541 3619 24,
1586 3560 1651 3610 19
1820 3560 1854 3611 4
1891 3557 1989 3610 101)
2030 3559 2113 3620 24,
2153 3560 2222 3612 20
2386 3559 2419 3610 5
2456 3557 2554 3610 101)
2594 3558 2681 3613 24.
2719 3559 2791 3612 20

497 3646 526 3699 7
566 3645 663 3698 101)
704 3647 789 3701 24.
829 3646 892 3699 21
1006 3648 1038 3699 8
1077 3646 1175 3700 101)
1216 3648 1302 3709 24,
1342 3648 1409 3699 22
1523 3647 1589 3700 10
1626 3647 1724 3699 101)
1763 3647 1848 3710 24,
1888 3648 1955 3701 23
2061 3649 2124 3700 12
2162 3645 2261 3700 101)
2301 3648 2384 3709 24,
2427 3647 2494 3700 23
2599 3647 2789 3699 13101)

496 3736 581 3795 24,
622 3736 691 3787 24
789 3737 851 3788 15
890 3734 987 3788 Iob
1028 3735 1114 3798 24,
1155 3737 1222 3787 24
1319 3736 1384 3789 18
1422 3735 1520 3788 101)
1561 3735 1645 3798 24,
1687 3737 1754 3789 25
1847 3737 1915 3788 20
1951 3736 2049 3788 Ιο1)
2089 3736 2175 3799 25,
2219 3738 2242 3789 1
2351 3737 2420 3788 22
2457 3734 2554 3787 101)
2596 3735 2681 3793 23,
2725 3736 2791 3787 15

495 3824 563 3877 23
602 3824 699 3876 Iob
739 3825 824 3887 25,
865 3826 896 3878 3
1007 3825 1075 3877 21
1114 3823 1211 3876 101)
1253 3826 1340 3887 25,
1379 3826 1409 3876 3
1523 3825 1590 3876 26
1628 3824 1725 3877 101)
1764 3824 1849 3887 25,
1888 3827 1921 3877 4

566 3948 598 3999 3
640 3946 816 4016 corde]
858 3965 947 4000 ore
992 3947 1068 4000 Cb
1182 3948 1213 3999 5
1249 3951 1464 4017 pectum
1504 3946 1551 4000 S
1647 3950 1678 4000 6
1717 3948 1931 4014 iniquos
1972 3947 2017 4000 S
2113 3950 2143 4002 7
2183 3951 2405 4001 sanatur
2440 3949 2495 4001 P
2596 3952 2662 4002 12
2701 3967 2792 4003 ea-

496 4035 588 4087 ‹let
627 4035 814 4088 SHier
925 4037 991 4089 14
1029 4037 1170 4089 sicut
1207 4020 1310 4090 oni.
1354 4036 1398 4089 Ο
1506 4039 1572 4089 15
1611 4036 1843 4089 maluam
1889 4036 2046 4090 GPG
2154 4038 2218 4089 16
2258 4037 2412 4105 quasi
2442 4036 2489 4090 S
2631 4040 2791 4091 testi-

494 4123 623 4176 bula
661 4122 707 4177 S
883 4124 1137 4178 decidens
1175 4129 1369 4195 sponte
1409 4126 1522 4177 eius
1567 4125 1687 4178 C'bd
1867 4126 1979 4177 eius
2019 4143 2120 4179 om.
2161 4125 2348 4179 SHier
2505 4128 2569 4179 17
2609 4127 2790 4197 inane]

495 4230 650 4265 mano
695 4213 815 4265 de
994 4214 1223 4267 culmine
1269 4215 1319 4266 T
1352 4214 1406 4266 in
1449 4214 1679 4267 culmine
1720 4214 1793 4267 bd
1941 4216 2004 4267 19
2044 4215 2120 4266 sic
2165 4214 2215 4268 G
2359 4216 2428 4268 20
2467 4214 2792 4267 baldasintis

496 4301 660 4353 uerba
704 4300 748 4353 C
885 4301 1049 4355 balda
1084 4303 1138 4354 P
1279 4302 1435 4355 suitis
1479 4302 1674 4355 GTPb
1781 4303 1845 4355 21
1891 4301 1957 4355 ab
1999 4305 2084 4371 eo]
2125 4303 2298 4356 habeo
2339 4303 2384 4357 S
2524 4304 2594 4357 23
2633 4321 2794 4356 nenio

496 4390 635 4443 enim
674 4389 815 4443 Hier
922 4392 989 4443 26
1029 4391 1311 4459 permittat
1347 4391 1403 4444 P
