3076 4976
419 455 545 519 188
1130 450 1184 504 S.
1240 449 1518 503 Aureli
1573 447 2013 519 Augustini

416 649 628 711 autem
685 665 807 711 non
861 645 1121 730 legitur,
1178 648 1252 710 ut
1305 643 1755 729 intellegamus
1811 663 1932 708 non
1999 643 2209 708 omnia
2274 661 2415 707 esse
2481 641 2715 725 sclipta

414 773 574 836 quae
621 774 767 817 cum
810 753 923 817 illo
973 752 1130 817 deus
1175 752 1432 817 locutus
1481 755 1625 816 est?
1683 751 1795 816 sed
1844 751 2214 834 diligentius
2264 749 2714 833 requirendum

415 864 517 925 est
559 861 623 924 in
671 860 985 942 prioribus
1035 858 1383 941 scripturae
1429 858 1741 940 partibu8‚
1790 878 1865 922 an
1913 877 2063 922 uere
2109 857 2202 922 ita
2249 858 2352 922 sit.

503 966 753 1032 CLIIII.
798 966 959 1032 Cum
997 965 1260 1029 dixisset
1295 965 1552 1048 Moyses
1592 964 1670 1029 ad
1711 966 2074 1030 dominum:
2126 964 2463 1029 ostende
2511 963 2710 1028 mihi

420 1073 764 1157 gloriam
830 1075 1081 1149 tuam,
1152 1072 1483 1154 respondit
1553 1072 1612 1135 ei
1687 1071 2014 1137 dominus:
2113 1090 2256 1155 ego
2331 1070 2706 1135 transibo
2777 1093 2804 1131 5

415 1183 597 1244 ante
662 1183 740 1244 te
806 1179 1074 1263 gloria
1134 1198 1301 1242 mea
1367 1182 1444 1243 et
1507 1179 1817 1244 uocabo
1885 1179 2202 1243 nomine
2270 1178 2567 1242 domini
2630 1176 2707 1241 in

414 1289 868 1367 conspectu
950 1288 1120 1350 tuo:
1199 1289 1277 1350 et
1351 1285 1794 1350 miserebor
1886 1285 2015 1350 cui
2106 1284 2496 1349 misertus
2573 1302 2703 1348 ero

414 1396 491 1457 et
571 1390 1224 1457 misericordiam
1315 1392 1751 1475 praestabo
1837 1392 1966 1456 cui
2050 1389 2705 1456 misericordiam

410 1499 947 1580 praestitero,
1007 1518 1150 1562 cum
1208 1499 1398 1579 paulo
1457 1502 1603 1562 ante
1651 1498 1948 1564 dixisset:
1998 1499 2170 1582 ipse
2230 1496 2703 1561 antecedam

410 1607 486 1668 te
545 1608 622 1669 et
676 1605 1035 1685 requiem
1093 1604 1249 1668 tibi
1298 1605 1517 1668 dabo.
1571 1604 1738 1687 quod
1784 1606 2039 1688 Moyses
2089 1605 2181 1669 sic
2230 1604 2484 1668 uidetur
2531 1622 2704 1667 acce-
2752 1623 2800 1661 ιο

410 1710 580 1793 pisse
636 1709 1143 1785 „antecedam
1181 1713 1335 1787 te‚“
1382 1714 1708 1792 tamquam
1748 1730 1869 1774 non
1912 1711 1969 1775 ei
2004 1711 2368 1794 populoque
2407 1728 2703 1792 praesens

412 1817 476 1881 in
524 1817 749 1881 itinere
796 1817 1052 1881 futurus
1101 1819 1296 1893 esset,
1348 1819 1412 1880 et
1457 1817 1599 1880 ideo
1649 1817 1769 1880 ait:
1821 1817 1886 1882 si
1935 1837 2071 1881 non
2120 1820 2200 1881 tu
2259 1817 2419 1898 ipse
2477 1814 2702 1879 simul

417 1925 720 1988 ueneris
785 1922 1208 1999 nobiscum,
1276 1942 1358 1987 ne
1423 1943 1531 1987 me
1602 1923 1875 1988 educas
1925 1923 2098 1987 hinc
2160 1926 2223 1987 et
2270 1926 2496 1987 cetera.
2546 1920 2702 1985 deus

409 2034 622 2095 autem
677 2048 883 2112 neque
936 2030 1054 2093 hoc
1114 2030 1170 2093 ei
1228 2029 1487 2114 negauit
1543 2030 1789 2094 dicens:
1851 2033 1920 2094 et
1977 2030 2114 2095 hoc
2180 2030 2323 2093 tibi
2387 2029 2701 2092 uerbum

411 2138 602 2220 quod
643 2137 906 2200 dixisti
944 2136 1239 2200 faciam.
1281 2137 1599 2219 quomodo
1641 2155 1812 2219 ergo,
1853 2156 1997 2200 cum
2029 2136 2293 2200 dixisset
2322 2136 2378 2199 ei
2408 2135 2698 2217 Moyses:
2742 2158 2794 2197 ιε

410 2243 727 2309 ostende
775 2241 954 2305 mihi
1008 2242 1324 2326 gloriam
1363 2245 1596 2319 tuam,
1633 2261 1853 2306 rursus
1892 2245 2217 2323 tamquam
2255 2258 2702 2324 praecessurus

410 2354 474 2414 et
519 2370 640 2415 non
692 2368 839 2413 cum
888 2349 978 2412 eis
1029 2348 1223 2411 simul
1269 2349 1524 2412 futums
1575 2348 1828 2412 uidetur
1874 2348 2115 2412 dicere:
2165 2367 2303 2432 ego
2360 2346 2699 2411 transibo

408 2460 580 2522 ante
644 2459 745 2533 te,
812 2455 932 2519 nisi
999 2455 1148 2537 quia
1210 2455 1330 2519 hoc
1396 2455 1570 2520 aliud
1633 2458 1774 2520 est‘?
1842 2455 1948 2519 ille
2015 2455 2248 2539 quippe
2310 2454 2704 2538 intellegitur

404 2564 580 2645 loqui
629 2567 693 2627 et
739 2562 977 2626 dicere:
1026 2562 1365 2626 transibo
1415 2566 1588 2626 ante
1636 2566 1736 2638 te,
1787 2563 1861 2627 de
1903 2582 2025 2644 quo
2066 2562 2221 2627 dicit
2258 2562 2698 2647 euangelium:

410 2690 577 2733 cum
625 2669 971 2733 uenisset
1016 2668 1223 2744 hora,
1273 2671 1358 2731 ut
1395 2670 1763 2733 transiret
1809 2671 2023 2733 Iesus
2100 2670 2185 2733 de
2231 2670 2369 2734 hoc
2426 2667 2697 2732 mundo
2738 2692 2792 2730 20

408 2777 493 2840 ad
541 2780 856 2859 patrem:
898 2776 1005 2858 qui
1043 2775 1349 2839 transitus
1384 2776 1576 2840 etiam
1605 2777 1841 2858 pascha
1879 2777 2274 2858 interpretari
2311 2776 2698 2858 perhibetur.

407 2884 562 2947 haec
634 2883 848 2965 itaque
922 2901 1153 2964 magna
1227 2883 1478 2946 omnino
1525 2883 1858 2964 prophetia
1922 2888 2039 2947 est.
2103 2883 2243 2964 ipse
2315 2883 2481 2946 enim
2554 2885 2698 2946 ante

406 3009 622 3053 omnes
699 2990 952 3054 sanctos
998 2988 1254 3052 transiit
1299 2988 1377 3051 ad
1424 2992 1665 3071 patrem
1714 2988 1788 3052 de
1836 2990 1954 3053 hoc
2004 2989 2256 3053 saeculo
2304 3008 2519 3072 parare
2567 2989 2696 3051 illis

402 3094 761 3157 mansiones
845 3093 1021 3177 regni
1097 3095 1433 3166 caelorum,
1502 3113 1658 3176 quas
1726 3093 1899 3158 dabit
1965 3095 2054 3158 eis
2123 3095 2184 3158 in
2241 3095 2696 3159 resurrectione

403 3204 820 3274 mortuorum,
880 3200 1175 3282 quoniam
1230 3201 1613 3264 transiturus
1679 3204 1823 3263 ante
1873 3220 2088 3265 omnes
2137 3202 2692 3285 primogenitus
2732 3223 2787 3260 25

403 3325 438 3370 a
486 3306 802 3370 mortuis
853 3307 1060 3371 factus
1109 3310 1226 3371 est.

579 3534 612 3585 4
652 3533 742 3585 Ex.
782 3532 867 3596 33,
910 3533 976 3588 18
1138 3534 1172 3586 5
1210 3533 1304 3587 Ex.
1343 3533 1429 3596 33,
1473 3534 1538 3586 19
1702 3535 1735 3588 8
1774 3534 1866 3586 Ex.
1907 3535 1993 3601 33,
2035 3535 2100 3588 14
2260 3537 2325 3589 10
2364 3535 2455 3588 Ex.
2496 3535 2583 3597 33,
2627 3536 2690 3589 15

403 3620 468 3672 14
505 3619 600 3673 Ex.
639 3622 726 3680 33.
769 3621 832 3674 17
945 3623 1012 3674 20
1049 3620 1164 3674 Ioh.
1209 3623 1292 3685 13,
1333 3622 1357 3674 l
1490 3623 1558 3676 26
1599 3622 1662 3679 cf.
1706 3621 1818 3677 Col.
1863 3624 1909 3684 1,
1954 3623 2019 3676 18

468 3744 503 3795 4
542 3741 676 3796 Cum
714 3747 896 3796 autem
945 3743 1051 3796 VT
1210 3741 1372 3804 δεῖξόν
1411 3762 1499 3817 μοι
1535 3745 1630 3814 τὴν
1672 3752 1893 3798 σεαυτοῦ
1936 3745 2089 3807 δόξαν
2128 3748 2245 3800 cod.
2286 3747 2430 3800 Ale-15
2466 3748 2534 3801 ed
2566 3747 2693 3815 Lay

399 3831 432 3883 5
470 3832 542 3900 ei]
584 3835 638 3884 et
684 3829 735 3884 Τ
854 3833 886 3884 6
925 3832 1137 3902 ὀνόματι
1176 3829 1350 3901 κυρίου
1392 3833 1505 3886 cod.
1547 3835 1692 3889 Alex
1809 3837 1841 3888 8
1882 3837 2193 3905 praestabo]
2236 3841 2452 3905 praesto
2489 3835 2616 3890 1²¹8
2629 3835 2692 3887 1⁷¹

398 3921 432 3970 9
462 3919 781 3973 antecedate
823 3924 875 3980 (a
901 3937 1022 3988 sup.
1053 3937 1174 3988 emp.
1205 3924 1292 3982 en)
1334 3921 1386 3973 V
1458 3922 1524 3975 10
1554 3923 1631 3976 sic
1661 3923 1901 3992 uidetur]
1936 3926 2077 3977 sicut
2105 3925 2264 3978 detur
2290 3924 2353 3978 N
2424 3927 2484 3979 11
2519 3941 2689 3995 popu·

398 4008 583 4077 loque]
625 4009 824 4078 populo
866 4010 958 4078 qui
993 4008 1228 4063 PSVbd
1261 4010 1606 4079 populoquae
1644 4010 1710 4063 N
1742 4013 2019 4081 populo-m
2067 4014 2116 4067 Τ
2295 4016 2360 4067 12
2399 4015 2603 4068 itenere
2648 4015 2693 4068 C

399 4096 560 4149 simul
598 4097 714 4166 ipse
762 4097 812 4150 Τ
919 4098 982 4151 13
1022 4098 1235 4150 uenires
1285 4098 1329 4150 V
1472 4098 1775 4168 nobiscum]
1818 4096 1948 4172 μεθ’
1975 4101 2126 4172 ἡμῶν
2166 4103 2283 4157 cod.
2321 4103 2465 4156 Alex
2493 4109 2542 4156 et
2566 4102 2691 4173 Lay

402 4186 468 4237 14
508 4185 556 4237 ei
595 4184 698 4238 hoc
735 4185 1021 4239 PSVde
1132 4187 1196 4239 15
1238 4201 1362 4255 ergo
1401 4204 1503 4242 om.
1534 4187 1581 4241 S
1721 4190 1770 4241 ei
1808 4206 1909 4243 om.
1940 4190 2067 4260 Euq
2096 4191 2200 4256 (ed.
2230 4191 2514 4261 Knoellp.
2548 4196 2685 4257 394)

396 4273 465 4325 20
504 4272 790 4326 ut—Iesus
828 4289 928 4326 om.
967 4273 1034 4326 N
1137 4275 1394 4327 transiret
1428 4274 1605 4345 Iesus]
1646 4279 1924 4331 transireis
1966 4285 2054 4346 (m.
2095 4283 2135 4332 2
2171 4296 2236 4333 ex
2273 4297 2328 4333 re
2354 4281 2463 4347 fec.
2504 4282 2597 4344 τὲ)
2647 4283 2691 4333 G

393 4361 546 4414 Iesus
582 4378 684 4415 om.
723 4362 867 4431 Euy.
979 4364 1047 4417 23
1086 4364 1285 4417 transit
1319 4364 1603 4418 P¹S¹Vbd
