3076 4976
646 536 1130 602 Quaestionum
1178 536 1292 590 lib.
1326 535 1355 589 1
1402 534 1692 604 (Quaest.
1742 533 1816 586 de
1867 532 2155 597 Genesi).
2459 538 2539 601 21

256 733 550 798 uectioris
600 733 847 809 aetatiS‚
897 731 1188 814 quamuis
1245 734 1572 794 menstrua
1628 729 1834 793 adbuc
1891 730 2187 812 patiatur,
2250 747 2544 814 generare

255 859 367 904 non
415 840 646 922 possit,
698 838 772 902 de
820 838 1161 902 iuuencula
1205 839 1452 919 potest:
1512 841 1577 902 et
1629 856 1849 902 rursus
1905 837 2155 914 mulier,
2205 857 2362 920 quae
2420 838 2545 902 iam

253 950 587 1029 prouectae
637 947 863 1010 aetatis
913 949 1029 1023 est,
1089 948 1381 1027 quamuis
1442 943 1647 1031 adhuc
1704 948 2026 1010 menstrua
2081 945 2301 1020 fluant,
2351 948 2424 1008 ut
2470 945 2545 1010 de

256 1055 497 1118 seniore
547 1071 762 1135 parere
809 1071 929 1116 non
979 1053 1205 1134 possit,
1246 1052 1323 1116 de
1369 1052 1599 1116 iuuene
1646 1055 1876 1134 potest.
1934 1052 2095 1115 illud
2142 1051 2357 1132 itaque
2404 1051 2544 1116 ideo

200 1161 625 1224 smiraculum
700 1158 851 1249 fuit,
921 1159 1069 1240 quia
1142 1158 1491 1223 secundum
1557 1157 1623 1221 id
1690 1159 1858 1240 quod
1923 1158 2194 1223 diximus
2261 1162 2544 1223 emortuo

253 1284 504 1347 corpore
551 1265 678 1330 uiri
724 1265 959 1329 femina
1004 1284 1256 1347 quoque
1312 1269 1443 1329 tam
1499 1270 1837 1346 prouectae
1896 1266 2120 1330 aetatis
2176 1266 2319 1343 fuit,
2368 1269 2442 1329 ut
2488 1267 2545 1329 ei

252 1373 648 1437 destitissent
692 1371 828 1435 fieri
873 1372 1226 1436 muliebria.
1277 1391 1418 1435 nam
1467 1372 1524 1435 si
1571 1371 1738 1452 quod
1779 1371 1868 1436 ait
1906 1374 2231 1453 apostolus
2279 1391 2543 1454 „corpus

254 1484 649 1544 emortuum“
719 1479 912 1543 uerbo
971 1478 1113 1560 quis
1170 1481 1442 1561 premat,
1494 1479 1642 1560 quia
1690 1478 1845 1543 dixit
1893 1484 2369 1556 emortuum,
2417 1479 2541 1542 iam

252 1606 393 1670 ergo
443 1604 562 1651 nec
612 1587 885 1650 animam
930 1586 1250 1663 habuisse,
1302 1586 1410 1651 sed
1452 1586 1722 1650 cadauer
1757 1587 1960 1651 fuisse
1998 1586 2284 1670 intellegi
2323 1586 2542 1650 debet:

178 1715 218 1753 ιο
253 1693 416 1774 quod
496 1692 987 1757 absurdissimae
1061 1693 1359 1756 falsitatis
1436 1696 1553 1756 est.
1638 1693 1732 1757 sic
1806 1693 2018 1774 itaque
2084 1692 2360 1762 soluitur
2421 1693 2546 1756 ista

250 1798 558 1880 quaestio,
608 1799 883 1881 alioquin
932 1799 1158 1864 merito
1208 1803 1425 1864 mouet
1463 1800 1798 1882 quomodo,
1839 1820 1984 1865 cum
2024 1803 2193 1864 esset
2227 1799 2544 1863 Abraham

249 1925 437 1988 prope
488 1904 734 1969 mediae
782 1906 1027 1982 aetatis,
1078 1905 1427 1969 secundum
1473 1925 1663 1986 quam
1701 1905 1990 1969 homines
2029 1908 2183 1970 tunc
2222 1905 2541 1981 uiuebant‚

251 2015 309 2075 et
352 2016 579 2095 postea
622 2010 790 2075 filios
839 2011 914 2075 de
956 2011 1217 2077 Cettura
1259 2012 1499 2090 fecerit,
1549 2012 1795 2076 dicatur
1842 2012 1917 2075 ab
1959 2012 2244 2094 apostolo
2285 2031 2541 2093 corpore

250 2123 533 2183 emortuo
583 2122 647 2183 et
691 2138 803 2202 pro
851 2118 1176 2197 miracu10‚
1228 2117 1376 2200 quia
1423 2120 1664 2202 genuit,
1712 2118 2127 2200 praedicetur.

176 2248 218 2286 ιε
335 2225 628 2291 XXXVI.
716 2226 811 2289 Et
886 2224 1097 2290 dixit
1170 2225 1542 2290 dominus
1619 2226 1710 2289 ad
1782 2224 2211 2289 Abraham:
2298 2244 2540 2306 quare

251 2330 447 2395 risit
482 2329 721 2395 Sarra
757 2330 833 2394 in
873 2334 1130 2395 semet
1164 2331 1343 2413 ipsa
1379 2331 1694 2395 dicens:
1736 2350 1922 2416 ergo
1965 2350 2150 2395 uere
2187 2330 2538 2411 pariam?

252 2456 389 2521 ego
430 2440 695 2502 autem
737 2438 989 2503 senui.
1041 2439 1365 2520 quaeritur
1401 2457 1593 2520 quare
1631 2437 1819 2502 istam
1857 2437 2194 2521 redarguat
2226 2436 2537 2516 domium,

252 2562 394 2606 cnm
441 2547 506 2607 et
541 2542 861 2607 Abraham
904 2543 1136 2608 riserit.
1195 2543 1317 2608 nisi
1365 2544 1513 2625 quia
1556 2543 1732 2607 illius
1781 2545 1948 2608 risus
1998 2543 2429 2608 admirationis
2478 2548 2542 2608 et

250 2650 524 2714 laetitiae
572 2650 716 2724 suit,
759 2648 976 2714 Sarrae
1027 2653 1238 2715 autem
1287 2650 1721 2728 dubitationiS‚
1771 2656 1836 2715 et
1881 2651 1957 2715 ab
2006 2651 2116 2715 illo
2155 2651 2273 2716 hoc
2313 2650 2540 2715 diiudi-

169 2787 217 2824 20
252 2756 377 2819 cari
421 2757 671 2839 potuit„
700 2757 808 2837 qui
857 2758 1046 2821 corda
1090 2757 1418 2821 hominum
1464 2759 1663 2821 nouit.

343 2862 658 2928 XXXVII.
733 2863 1096 2949 Negauit
1143 2863 1382 2930 Sarra
1437 2865 1751 2929 dicens:
1810 2885 1956 2929 non
2015 2865 2198 2941 risi;
2255 2865 2541 2929 timuit

255 2969 473 3033 enim.
522 2970 839 3051 quomodo
887 2972 1343 3054 intellegebant
1389 2970 1580 3036 deum
1630 2991 1770 3037 esse
1811 2972 1917 3053 qui
1955 2971 2353 3054 loquebatur,
2395 2991 2538 3035 cum

256 3073 437 3139 etiam
491 3095 721 3160 negare
778 3096 933 3141 ausa
990 3078 1074 3141 sit
1124 3076 1308 3142 Sarra
1364 3078 1531 3159 quod
1587 3079 1817 3154 riserit,
1873 3083 2198 3161 tamquam
2254 3079 2362 3143 ille
2418 3078 2536 3142 hoc

253 3186 463 3261 posset
487 3181 824 3267 ignorare?
861 3183 984 3248 nisi
1023 3184 1185 3247 forte
1216 3184 1400 3249 Sarra
1435 3185 1721 3249 homines
1761 3203 1869 3248 eos
1906 3184 2192 3266 putabat,
2222 3184 2537 3249 Abraham

173 3318 223 3358 ες,
260 3305 397 3351 uero
445 3288 635 3353 deum
681 3289 1114 3374 intellegebat.
1165 3290 1277 3354 sed
1327 3292 1518 3355 etiam
1557 3292 1694 3374 ipse
1731 3292 1843 3355 illa
1879 3291 2292 3356 humanitatis
2333 3290 2540 3354 officia

258 3394 616 3474 praebendo,
668 3396 743 3459 de
792 3396 1023 3477 quibus
1073 3416 1264 3479 supra
1310 3397 1454 3475 dixi,
1503 3417 1663 3479 quae
1702 3399 2058 3463 necessaria
2093 3399 2217 3463 nisi
2254 3397 2536 3462 infirmae

262 3500 415 3565 carni
460 3520 601 3567 esse
648 3521 772 3566 non
822 3506 1101 3585 possent,
1150 3504 1380 3568 mirum
1428 3504 1550 3568 nisi
1598 3505 1884 3569 homines
1942 3506 2118 3588 prius
2179 3524 2317 3570 esse
2376 3503 2534 3567 arbi-

424 3693 486 3748 15
527 3691 660 3747 Gen.
704 3693 788 3757 18,
831 3693 897 3748 13
1011 3693 1075 3748 19
1115 3692 1182 3748 cf.
1220 3694 1382 3749 Prou.
1422 3696 1508 3758 24,
1552 3696 1618 3749 12
1728 3697 1791 3751 21
1835 3695 1969 3751 Gen.
2013 3696 2094 3761 18,
2137 3697 2202 3750 15

325 3823 355 3875 2
391 3825 444 3876 et
477 3841 579 3878 om.
616 3824 685 3879 N
835 3825 964 3895 iam]
1001 3828 1114 3879 tam
1157 3825 1267 3880 C'N
1439 3829 1474 3881 4
1512 3831 1722 3898 parere]
1760 3828 1936 3883 dicere
1974 3827 2040 3882 N
2213 3827 2532 3882 miraculum

263 3909 370 3964 ideo
411 3912 459 3966 T
597 3915 629 3966 6
678 3913 938 3967 feminam
972 3913 1034 3968 N
1212 3918 1450 3986 quoque]
1493 3934 1655 3987 quam
1691 3917 1760 3972 N
1930 3922 2044 3971 tam
2091 3935 2194 3972 om.
2233 3916 2534 3971 SNVde

267 3997 359 4053 ruit
388 4006 447 4054 ut
482 4002 531 4055 ei
568 4018 670 4057 om.
699 4002 767 4055 N
838 4003 868 4056 7
909 4003 955 4056 si
991 4020 1091 4060 om.
1132 4003 1165 4057 b
1276 4006 1356 4058 ait
1394 4022 1494 4059 om.
1525 4006 1601 4059 Ρ1
1711 4008 1990 4077 apostolus
2028 4023 2129 4061 om.
2159 4006 2226 4060 N
2292 4007 2325 4060 8
2364 4005 2529 4059 uerbo

267 4096 613 4145 ——emortunm
650 4093 713 4145 in
749 4108 850 4161 my.
889 4092 992 4160 ins.
1034 4093 1165 4147 add.
1205 4093 1251 4147 S
1440 4099 1656 4165 promat
1692 4095 1828 4150 SVb
1866 4097 2009 4166 piam
2048 4100 2106 4151 at
2139 4095 2208 4150 N
2381 4094 2528 4164 quia]

268 4192 411 4244 quare
445 4180 489 4234 S
632 4182 697 4235 10
731 4180 1017 4250 falsitatis]
1052 4181 1300 4237 leuitatis
1338 4182 1405 4235 N
1545 4185 1611 4238 12
1650 4184 1917 4239 uidebunt
1959 4184 2022 4238 0¹
2156 4186 2220 4239 13
2261 4187 2446 4237 cetura
2487 4182 2535 4235 G

267 4266 467 4322 cethura
500 4269 694 4324 PSVd
837 4270 903 4323 ab
944 4287 1046 4324 om.
1086 4271 1162 4324 P¹
1273 4274 1337 4326 15
1378 4272 1446 4326 ad
1484 4289 1587 4327 om.
1624 4273 1693 4328 N
1797 4275 1864 4328 16
1903 4292 2002 4344 ego
2039 4274 2105 4327 N
2111 4273 2192 4327 Vb
2339 4289 2466 4325 uero
2495 4272 2526 4324 b

273 4352 325 4405 17
360 4359 622 4425 quaeritur
658 4376 758 4414 om.
796 4359 865 4412 N
1028 4361 1138 4414 ista
1184 4361 1235 4415 V
1409 4361 1691 4432 redarguit
1728 4364 1759 4416 b
1907 4365 1972 4417 19
2010 4364 2144 4418 haec
2181 4362 2254 4415 Ρι
2294 4379 2396 4416 om.
2447 4360 2528 4414 Vb

269 4441 326 4493 21
361 4445 532 4510 timuit
571 4446 619 4500 0
722 4449 790 4502 23
827 4448 930 4502 hoc
966 4448 1061 4502 ille
1100 4450 1174 4503 bd
1281 4452 1349 4507 25
1389 4451 1583 4505 offocia
1610 4451 1680 4505 N
1778 4453 1846 4507 26
1886 4456 1948 4505 ut
1974 4469 2137 4521 supra
2166 4454 2197 4507 b
2308 4450 2445 4505 dixit
2470 4451 2532 4503 N
