3076 4976
705 439 1181 505 Quaestionum
1221 442 1331 495 lib.
1373 441 1426 495 11
1467 441 1755 508 (Quaest.
1797 441 1870 494 de
1910 441 2167 507 Exodo).
2443 445 2569 507 125

284 641 582 713 terram,
643 642 709 700 et
764 637 824 700 in
882 637 1054 700 illius
1103 637 1333 719 psalmi
1381 636 1826 701 distributione
1875 638 2383 701 commemoratis
2433 657 2570 701 cae·

282 745 572 821 metibus,
631 744 966 816 laudate,
1023 744 1250 825 inquit,
1311 744 1690 808 domiuum
1749 745 1831 807 de
1890 748 2115 818 terra,
2167 750 2230 808 et
2279 764 2350 808 ea
2399 765 2566 809 exse-

284 853 496 932 quitur
543 852 604 913 in
654 850 860 926 laude,
910 869 1067 931 quae
1116 850 1307 914 etiam
1357 850 1432 914 ad
1481 869 1677 932 aquas
1726 852 2098 932 pertineant.

367 958 494 1023 LV.
556 958 853 1022 Misisti
912 957 1268 1038 spiritum
1325 963 1534 1020 tuum
1594 961 1666 1021 et
1723 959 2121 1039 cooperuit
2178 978 2302 1022 eos
2352 977 2566 1022 mare.

224 1086 247 1123 5
281 1083 421 1128 ecce
470 1066 598 1128 iam
647 1066 865 1146 quinto
907 1070 1435 1130 commemoratur
1474 1066 1736 1148 spiritus
1777 1065 1897 1142 dei,
1937 1069 2011 1129 ut
2048 1065 2109 1128 in
2150 1067 2269 1129 hoc
2308 1083 2567 1128 numero

281 1171 667 1253 accipiamus
709 1178 770 1236 et
809 1173 975 1255 quod
1016 1172 1254 1236 dictum
1296 1177 1422 1236 est:
1465 1172 1762 1256 digitus
1814 1173 1928 1236 dei
1979 1176 2093 1236 est
2140 1173 2295 1236 hoc.
2345 1171 2567 1253 primo,

282 1277 385 1340 ubi
453 1280 764 1361 scriptum
834 1285 963 1343 est:
1044 1280 1366 1362 spiritus
1444 1280 1564 1343 dei
1643 1279 2272 1363 superferebatur
2346 1297 2572 1360 super

280 1403 537 1465 aquas;
611 1386 910 1460 secundo,
980 1387 1087 1450 ubi
1155 1387 1413 1451 dicitur:
1481 1407 1620 1451 non
1698 1387 2170 1469 permanebit
2247 1386 2314 1449 in
2389 1384 2569 1448 istis

278 1490 711 1555 hominibus
761 1492 1084 1573 spiritus
1125 1511 1363 1567 meus,
1406 1491 1752 1573 quoniam
1795 1511 2064 1556 carnes
2107 1496 2316 1564 sunt;
2358 1490 2567 1566 tertio,

204 1620 251 1657 ιο
286 1598 390 1660 ubi
440 1598 689 1662 Pharao
742 1598 895 1663 dicit
944 1600 1021 1662 ad
1068 1600 1329 1682 Ioseph:
1379 1599 1727 1680 quoniam
1777 1599 2093 1680 spiritus
2144 1598 2262 1662 dei
2323 1601 2436 1662 est
2500 1597 2569 1660 in

278 1707 375 1778 te3
445 1709 697 1785 quarto,
762 1704 871 1767 ubi
935 1705 1356 1768 incantatores
1419 1706 1876 1788 Aegyptiorum
1945 1704 2197 1768 dicunt:
2278 1704 2568 1787 digitus

280 1809 391 1873 dei
468 1813 591 1873 est
664 1811 832 1885 hoc;
910 1811 1127 1893 quinto
1194 1812 1254 1874 in
1326 1812 1443 1875 hoc
1510 1811 1789 1875 cantico:
1857 1811 2147 1875 misisti
2213 1811 2567 1893 spiritum

278 1923 480 1980 tuum
524 1920 600 1980 et
640 1918 1041 2000 cooperuit
1080 1937 1209 1982 eos
1248 1938 1471 1983 mare.
1515 1919 1988 1982 meminerimus
2022 1922 2234 1982 autem
2267 1917 2560 1999 spiritum

279 2023 373 2087 dei
428 2044 556 2088 non
614 2026 823 2089 solum
880 2026 956 2089 ad
1013 2025 1315 2090 beneficia
1371 2045 1593 2089 uerum
1643 2026 1834 2088 etiam
1885 2025 1960 2088 ad
2008 2025 2353 2087 uindictam
2403 2043 2570 2088 com-

202 2154 244 2191 ιε
278 2132 632 2196 memorari.
709 2152 853 2195 nam
929 2132 1077 2213 quid
1156 2132 1328 2196 aliud
1408 2131 1597 2196 etiam
1675 2152 1865 2214 supra
1939 2131 2125 2194 dixit:
2197 2138 2358 2202 <et>
2439 2150 2571 2211 per

280 2238 637 2319 spiritum
687 2239 842 2302 irae
891 2241 1075 2302 tuae
1125 2238 1377 2303 diuisa
1425 2242 1542 2302 est
1591 2245 1819 2321 aqua?
1869 2239 1991 2302 iste
2041 2239 2253 2319 itaque
2304 2237 2565 2319 spiritus

278 2343 373 2408 dei
427 2345 491 2408 in
553 2344 902 2428 Aegyptios
960 2344 1221 2426 spiritus
1278 2345 1405 2409 irae
1465 2345 1624 2422 eiu3‚
1684 2345 1913 2428 quibus
1982 2345 2201 2408 nocuit
2265 2363 2569 2426 aquarum

279 2449 527 2529 diuisio‚
597 2457 669 2515 ut
730 2452 1033 2516 intrantes
1098 2463 1361 2533 possent
1425 2453 1605 2534 aquis
1670 2452 2079 2516 redeuntibus
2147 2451 2347 2525 obrui,
2416 2449 2564 2515 filiis

279 2577 419 2621 uero
476 2559 745 2632 Israhel,
804 2559 1033 2639 quibus
1093 2560 1334 2641 profuit
1388 2559 1557 2641 quod
1614 2580 1777 2641 aqua
1834 2559 2040 2622 diuisa
2097 2563 2214 2635 est,
2273 2578 2394 2623 non
2443 2557 2568 2621 fuit

208 2664 376 2726 wille
426 2665 691 2745 spiritus
738 2666 867 2729 irae
917 2665 1035 2731 dei.
1089 2665 1250 2728 unde
1301 2665 1697 2748 significatur
1735 2668 1990 2746 propter
2028 2664 2310 2728 diuersas
2352 2683 2564 2746 opera-

278 2771 472 2835 tiones
537 2777 601 2835 et
656 2772 916 2836 effectus
977 2772 1272 2853 spiritum
1322 2772 1420 2835 dei
1470 2772 1867 2835 dissimiliter
1914 2772 2236 2853 appellari,
2287 2791 2430 2834 cum
2480 2771 2566 2833 sit

279 2898 434 2943 unus
485 2882 677 2960 atque
725 2879 892 2943 idem
939 2880 1047 2943 ille
1097 2878 1440 2953 dumtaxat,
1492 2879 1600 2960 qui
1651 2879 1840 2942 etiam
1892 2878 2152 2959 spiritus
2203 2882 2460 2942 sanctus
2502 2879 2561 2941 in

278 2986 518 3050 unitate
576 2986 879 3049 trinitatis
935 2985 1261 3068 accipitur.
1320 2986 1578 3068 proinde
1636 3004 1755 3048 non
1816 2986 2081 3048 arbitror
2127 2984 2323 3047 alium
2371 3005 2559 3066 quam

278 3092 542 3156 eundem
581 3091 943 3174 significari,
985 3092 1094 3155 ubi
1129 3092 1283 3156 dicit
1322 3093 1682 3174 apostolus:
1723 3112 1859 3155 non
1909 3093 2098 3155 enim
2148 3092 2561 3173 accepistis

203 3224 248 3262 εει
283 3200 640 3280 spiritum
682 3199 1092 3263 seruitutis
1131 3199 1407 3262 iterum
1445 3199 1512 3262 in
1557 3199 1927 3275 timorem,
1970 3199 2100 3261 sed
2141 3197 2560 3279 accepistis

282 3305 642 3387 spiritum
704 3305 1142 3387 adoptionis
1199 3306 1271 3369 in
1332 3324 1469 3386 quo
1531 3306 1971 3369 clamamus:
2030 3306 2251 3382 abba,
2317 3308 2560 3386 pater,

449 3570 483 3620 2
539 3568 625 3620 Ps.
671 3566 791 3629 148,
830 3567 878 3620 7.
917 3566 950 3619 8
1097 3567 1129 3618 4
1187 3566 1277 3621 Ex.
1323 3566 1403 3627 15,
1447 3566 1510 3618 10
1660 3568 1690 3617 6
1748 3565 1842 3618 Er.
1884 3566 1933 3627 8,
1976 3567 2041 3618 19
2189 3567 2217 3618 7
2268 3565 2397 3622 Gen.
2442 3567 2488 3629 1,
2529 3568 2561 3619 ⁶2

279 3654 307 3707 8
346 3654 477 3712 Gen.
520 3657 571 3718 6,
611 3657 642 3708 3
755 3657 822 3709 10
861 3655 993 3710 Gen.
1034 3656 1121 3721 41,
1161 3656 1228 3709 38
1348 3659 1407 3709 15
1445 3656 1538 3708 Ex.
1586 3656 1666 3717 15,
1698 3656 1730 3707 8
1841 3656 1909 3707 24
1947 3655 2098 3707 Rom.
2129 3656 2178 3719 8,
2212 3657 2276 3706 15

347 3831 369 3883 1
412 3832 465 3883 in
508 3848 609 3884 om.
656 3830 738 3883 Cd
846 3832 878 3884 2
918 3847 982 3883 ea
1020 3848 1122 3885 om.
1153 3830 1218 3883 N
1323 3832 1354 3885 3
1394 3831 1740 3900 pertinebant
1778 3832 1808 3884 b
1916 3833 1952 3883 4
1987 3831 2076 3884 hic
2114 3832 2404 3900 exponitur
2440 3847 2559 3899 cap.

279 3918 485 3973 XLVI
517 3919 665 3987 quod
690 3920 908 3987 priores
944 3919 1070 3974 edit.
1100 3926 1316 3973 secutus
1347 3936 1474 3989 pay.
1502 3924 1605 3971 116
1640 3920 1845 3972 retinui
1929 3923 1961 3973 6
2001 3922 2077 3987 et]
2108 3924 2168 3972 ut
2196 3921 2257 3972 N
2332 3922 2361 3972 7
2402 3936 2562 3988 super

278 4022 358 4059 me
393 4007 671 4061 ferebatur
715 4008 761 4061 0
791 4008 1067 4060 ferebatur
1104 4014 1133 4059 b
1246 4009 1276 4061 9
1319 4025 1436 4061 caro
1477 4009 1507 4061 b
1623 4008 1686 4062 10
1726 4009 1860 4061 dicit
1897 4009 2096 4077 pharao
2145 4009 2195 4061 T
2302 4010 2365 4061 12
2403 4009 2491 4061 hic
2528 4009 2558 4061 b

283 4097 342 4147 14
378 4096 445 4149 ad
484 4096 781 4149 uindictam
822 4113 993 4149 comm
1031 4113 1130 4150 om.
1160 4096 1226 4149 N
1330 4100 1395 4150 15
1437 4102 1491 4150 et
1531 4099 1733 4150 addidi
1845 4100 1909 4150 16
1948 4100 2050 4151 iste
2082 4108 2164 4149 est
2193 4097 2239 4150 S
2349 4098 2410 4150 17
2449 4098 2559 4150 irae

281 4184 362 4237 dei
400 4185 431 4237 b
588 4202 713 4239 nam
752 4186 977 4255 spiritus
1016 4185 1264 4239 PSNVb
1410 4188 1548 4255 eius}
1591 4189 1705 4240 eius
1746 4194 1861 4240 erat
1897 4189 2037 4255 (erat
2074 4202 2139 4241 ea:
2175 4188 2310 4253 eius)
2361 4186 2410 4238 V
2444 4186 2559 4238 eius

279 4273 378 4325 fuit
413 4275 452 4327 d
597 4275 661 4329 18
699 4276 754 4328 in
794 4275 933 4328 filios
975 4276 1050 4339 (in
1089 4291 1131 4329 s.
1176 4276 1232 4341 l.)
1286 4276 1332 4329 V
1462 4279 1525 4329 21
1571 4278 1794 4346 spiritus
1839 4277 1919 4329 Tb
2057 4278 2124 4329 24
2164 4276 2306 4329 enim
2344 4291 2444 4329 om.
2483 4275 2558 4327 Ρι

281 4362 343 4414 25
380 4364 571 4418 timore
609 4363 845 4419 SVde
2013 4387 2022 4391 ·
