3076 4976
313 1686 365 1724 10

313 2220 366 2259 15

310 2757 362 2794 2⁰

741 492 1216 559 Quaestionum
1258 493 1367 549 lib.
1406 494 1519 548 1111
1559 493 1845 562 (Quaest.
1888 492 1965 548 de
2003 493 2352 561 Numeris).
2563 498 2696 561 337

401 687 643 753 dictum
695 693 794 752 est
846 688 955 764 „in
1003 687 1366 764 uisione“,
1417 686 1951 769 quemadmodum
2001 688 2210 753 solent
2246 688 2371 753 dici
2410 688 2693 754 uisiones

401 794 539 859 siue
588 794 973 859 somniorum
1040 794 1178 859 siue
1229 813 1621 877 quarumque
1669 794 1731 858 in
1780 796 1979 860 extasi
2026 794 2393 880 figurarum,
2445 795 2575 873 sed,
2626 800 2701 860 ut

402 900 547 976 dixi,
594 901 659 965 in
715 899 1247 966 manifestatione.
1315 901 1600 966 nonnulli
1665 905 1873 966 autem
1941 901 2115 966 aliud
2181 902 2510 985 opinantes
2585 903 2693 979 „in

400 1007 965 1089 phantasmate⁴⁶
1056 1009 1467 1089 interpretare
1551 1008 1922 1073 uoluerunt:
2009 1008 2178 1091 quod
2263 1008 2515 1073 omnino
2601 1009 2694 1074 sic

404 1114 698 1180 abhorret
744 1134 778 1178 a
827 1115 1285 1180 consuetudine
1350 1115 1693 1180 locutionis
1761 1118 2033 1191 nostrae,
2082 1118 2156 1180 ut
2202 1134 2511 1197 nusquam
2566 1115 2696 1179 fere

402 1220 650 1285 dicatur
710 1221 1109 1304 phantasma,
1177 1222 1299 1285 nisi
1349 1222 1461 1285 ubi
1509 1222 1790 1287 falsitate
1856 1222 2142 1286 uisorum
2209 1240 2436 1286 sensus
2482 1224 2699 1286 noster

400 1327 726 1394 inluditur.
777 1328 1072 1410 quamuis
1122 1332 1187 1393 et
1230 1327 1351 1393 hoc
1400 1346 1436 1391 a
1484 1327 1757 1394 uidendo
1807 1329 1892 1393 sit
1940 1328 2210 1404 dictum;
2261 1327 2394 1407 sed,
2434 1331 2507 1391 ut
2545 1327 2692 1405 dixi,

402 1434 575 1499 aliud
619 1434 915 1517 loquendi
964 1435 1356 1499 consuetudo
1405 1435 1890 1519 praeiudicauit.

488 1539 815 1606 XXVIIII.
863 1542 955 1606 Et
993 1541 1551 1606 descenderunt
1587 1541 1735 1625 ipsi
1777 1546 1848 1606 et
1887 1541 2130 1606 omnia
2169 1560 2688 1623 quaecumque

404 1652 578 1713 sunt
625 1648 734 1712 eis
781 1648 1137 1713 uiuentes
1188 1648 1274 1713 ad
1320 1649 1628 1715 inferos
1686 1649 2032 1713 notandum
2080 1648 2431 1713 secundum
2479 1647 2692 1712 locum

401 1760 719 1820 terrenum
787 1755 991 1820 dictos
1059 1774 1200 1820 esse
1265 1756 1522 1823 inferos».
1590 1756 1709 1819 hoc
1772 1756 1979 1821 estin
2027 1754 2428 1820 inferioribus
2495 1760 2696 1820 terrae

400 1862 709 1944 partibus.
748 1863 921 1927 uarie
962 1863 1193 1947 quippe
1231 1862 1294 1926 in
1334 1862 1666 1946 scripturis
1706 1868 1769 1927 et
1807 1862 1926 1927 sub
1964 1863 2294 1927 intellectu
2334 1862 2696 1945 multiplici,

405 1969 572 2034 sicut
616 1988 826 2033 rerum
875 1969 950 2033 de
1000 1970 1231 2052 quibus
1300 1969 1513 2053 agitur
1570 1989 1796 2034 sensus
1863 1970 2077 2054 exigit,
2146 1989 2372 2034 nornen
2440 1970 2697 2052 ponitur

403 2077 744 2141 inferorum
793 2079 857 2141 et
902 2077 1169 2141 maxime
1206 2077 1270 2140 in
1310 2076 1580 2141 mortuis
1619 2077 1739 2141 hoc
1782 2077 1983 2159 accipi
2024 2077 2205 2141 solet.
2250 2074 2360 2140 sed
2399 2076 2695 2157 quoniam

401 2183 563 2247 istos
601 2184 893 2248 uiuentes
935 2183 1176 2247 dictum
1215 2187 1316 2248 est
1354 2183 1431 2247 ad
1477 2183 1711 2247 inferos
1753 2181 2155 2247 descendisse
2205 2185 2269 2246 et
2314 2182 2453 2264 ipsa
2493 2200 2697 2245 narra-

402 2290 572 2354 tione
640 2290 791 2372 quid
856 2292 1096 2355 factum
1163 2290 1357 2354 fuerit
1413 2289 1568 2353 satis
1635 2289 1914 2372 adparet,
1979 2288 2391 2353 manifestum
2458 2291 2578 2365 est,
2626 2291 2699 2351 ut

405 2395 550 2473 dixi,
597 2396 923 2461 inferiores
972 2400 1174 2460 terrae
1229 2400 1440 2479 partes
1506 2395 1851 2461 inferorum
1918 2396 2229 2461 uocabulo
2300 2399 2695 2479 nuncupatas

401 2504 464 2567 in
512 2504 975 2586 comparatione
1023 2503 1215 2568 huius
1266 2504 1611 2586 superioris
1658 2507 1858 2568 terrae
1897 2503 1959 2567 in
2001 2503 2182 2567 cuius
2224 2503 2385 2567 facie
2422 2502 2695 2567 uiuitur:

403 2609 570 2675 sicut
615 2611 679 2674 in
728 2611 1192 2694 comparatione
1251 2611 1409 2675 caeli
1457 2611 1823 2693 superioriS,
1873 2609 1985 2674 ubi
2053 2612 2417 2675 sanct-orum
2484 2609 2696 2673 demo-

403 2717 561 2781 ratio
611 2720 711 2781 est
750 2719 1138 2801 angelorum,
1188 2719 1523 2800 peccantes
1566 2717 1826 2801 angelos
1865 2715 1928 2780 in
1967 2716 2161 2780 huius
2202 2716 2363 2779 aeris
2405 2714 2696 2780 detrusos

403 2824 739 2908 caliginem
787 2826 1100 2908 scriptura
1149 2824 1304 2888 dicit
1350 2829 1675 2907 tamquam
1725 2823 2081 2888 carceribus
2120 2823 2303 2886 inferi
2341 2822 2696 2904 puniendos

402 2931 729 2995 reseruari.
783 2931 845 2995 si
894 2931 1084 2995 enim
1135 2930 1339 3005 deus,
1388 2931 1617 3013 inquit,
1667 2929 1961 3015 angelis
2010 2929 2507 3013 peccantibus
2556 2947 2695 2992 non

401 3038 768 3120 pepercit,
838 3037 966 3101 sed
1042 3038 1478 3102 carceribus
1557 3037 1920 3121 caliginis
1995 3036 2219 3101 inferi
2296 3034 2694 3101 retrudens

402 3144 723 3208 tradidit
770 3145 841 3208 in
890 3144 1180 3208 iudicio
1228 3144 1650 3227 puniendos
1699 3143 2099 3220 reseruari,
2161 3162 2306 3207 cum
2367 3142 2695 3225 apostolus

340 3250 643 3328 5Paulus
699 3249 1117 3333 principem
1185 3250 1604 3333 potestatis
1655 3249 1850 3314 aeris
1919 3248 2241 3313 diabolum
2310 3248 2497 3323 dicat,
2568 3247 2694 3329 qui

405 3359 763 3438 operatur
806 3355 880 3418 in
929 3354 1129 3420 filiis
1178 3355 1691 3420 diffidentiae.

491 3461 688 3525 XXX.
757 3461 845 3525 Et
908 3461 1097 3525 dixit
1163 3462 1508 3526 dominus
1578 3461 1663 3526 ad
1731 3462 2039 3544 Moysen
2108 3460 2314 3526 etad
2380 3461 2697 3525 Eleazar

402 3568 657 3632 filium
733 3568 973 3634 Aaron
1053 3569 1552 3633 sacerdotem:
1629 3568 1887 3632 tollite
1960 3568 2308 3632 turibula
2383 3585 2596 3632 aerea
2664 3586 2696 3631 e

581 3760 613 3812 9
652 3756 815 3811 Num.
861 3759 942 3818 16,
980 3759 1049 3811 33
1178 3758 1246 3810 22
1285 3757 1338 3810 ΙΙ
1379 3757 1524 3812 Petr.
1564 3758 1614 3816 2,
1654 3758 1688 3809 4
1816 3757 1884 3810 25
1922 3755 2123 3825 Ephesi.
2161 3756 2212 3816 2,
2251 3757 2283 3808 2
2422 3755 2488 3808 27
2527 3753 2670 3807 Num

404 3849 488 3906 16.
529 3847 743 3902 36-38
1275 3851 1286 3860 '

471 3972 504 4025 2
562 3971 727 4024 cstasi
773 3970 820 4024 C
854 3971 1048 4024 ecstasi
1095 3970 1219 4024 de
1398 3971 1430 4024 3
1478 3968 1616 4022 dixit
1655 3971 1700 4024 C
1874 3970 1909 4021 4
1968 3967 2314 4038 interpretari
2354 3965 2702 4020 PSNI'de

403 4061 470 4114 10
508 4061 617 4114 sint
665 4060 717 4112 V
892 4060 1005 4112 eius
1044 4058 1110 4112 N
1282 4060 1557 4128 uiuentes]
1602 4059 1792 4121 ἐῶντες
1831 4057 1949 4112 cod.
1988 4057 2150 4111 Alex.
2298 4057 2359 4109 11
2403 4055 2700 4122 terrenum]

399 4154 573 4203 terrae
612 4164 755 4202 nunc
793 4150 981 4218 NEuy
1196 4147 1373 4202 dictus
1419 4149 1465 4201 C
1647 4149 1710 4202 13
1768 4148 1897 4200 exiit
1942 4145 1988 4199 C
2168 4146 2232 4198 15
2283 4142 2612 4198 discendisse
2657 4142 2705 4195 C

401 4240 466 4294 17
506 4237 640 4292 dixit
670 4236 716 4290 C
856 4241 1038 4307 partes
1068 4242 1245 4291 terrae
1270 4236 1511 4290 1²?de
1618 4238 1682 4290 21
1728 4235 1957 4304 caligine
1987 4232 2383 4302 PSNVTEuy
2491 4232 2561 4285 22
2602 4247 2697 4284 an·

399 4327 549 4395 gelos
594 4326 644 4384 0
779 4327 849 4380 25
889 4327 1025 4380 aeris
1064 4326 1224 4380 huius
1276 4326 1323 4379 T
1443 4327 1510 4379 27
1553 4325 1852 4379 eleazarum
1892 4323 2050 4388 libr&
2086 4321 2183 4376 sed
2218 4323 2288 4389 cf.
2326 4337 2467 4376 uers.
2513 4324 2564 4373 7.
2610 4322 2698 4376 13.

396 4418 479 4468 23
505 4433 564 4484 p.
608 4419 728 4470 338
836 4415 905 4469 28
944 4416 1126 4468 tullite
1166 4415 1233 4468 N
1369 4414 1651 4468 thuribula
1691 4413 1764 4467 bd
1911 4412 1957 4482 c]
2001 4412 2065 4465 dc
2113 4411 2162 4464 T

453 4539 646 4580 xxvm
675 4540 794 4590 Aug.
825 4543 935 4580 sect.
964 4540 1036 4580 111
1063 4550 1168 4590 pars
1191 4541 1214 4579 3
2485 4515 2555 4568 22
