3076 4976
575 481 1056 545 Quaestionum
1105 481 1217 533 lib.
1255 480 1309 533 ΙΙ
1357 480 1648 549 (Quaest.
1699 481 1772 533 «le
1821 480 2085 546 Exodo).
2348 487 2466 547 101

199 677 321 740 siue
366 677 485 740 huc
538 676 677 739 siue
725 676 879 739 illuc
926 676 1090 739 male
1139 679 1493 750 moueatur,
1546 677 1755 740 causis
1811 677 1884 739 fit
1939 677 2169 757 quibus
2228 677 2475 740 animus

197 783 571 867 propellitur.
622 801 781 863 quae
830 801 1055 845 causae
1104 785 1179 845 ut
1224 781 1495 846 existant
1543 784 1645 846 uel
1697 803 1813 847 non
1865 784 2155 859 existant,
2206 803 2327 847 nou
2377 788 2475 846 est

197 891 250 952 in
316 889 589 953 hominis
665 892 1011 971 potestate,
1092 888 1203 952 sed
1276 889 1546 953 ueniunt
1620 910 1690 954 ex
1755 892 2005 954 occulta
2075 889 2476 972 prouidentia

197 996 530 1061 iustissima
607 995 795 1075 plane
863 998 925 1057 et
1000 994 1474 1077 sapientissima
1551 996 1916 1060 uniuersum
1994 996 2163 1077 quod
2237 995 2478 1059 creauit

144 1103 567 1183 ⁵disponentis
627 1109 693 1166 et
747 1101 1245 1165 administrantis
1306 1101 1427 1165 dei.
1502 1105 1578 1166 ut·
1642 1122 1788 1186 ergo
1854 1104 1981 1167 tale
2047 1123 2154 1167 cor
2217 1103 2476 1166 haberet

126 1659 164 1692 io

196 1210 437 1282 PharaO,
497 1208 670 1289 quod
726 1208 1033 1290 patientia
1090 1207 1191 1271 dei
1249 1228 1369 1272 non
1429 1215 1795 1274 moueretur
1850 1210 1927 1273 ad
1982 1210 2304 1292 pietatem,
2362 1209 2470 1273 sed

194 1315 387 1397 potius
434 1315 511 1377 ad
569 1314 963 1396 inpietatem,
1024 1314 1167 1378 uitii
1225 1315 1459 1397 proprii
1514 1317 1671 1390 fuit:
1740 1316 1908 1398 quod
1963 1335 2112 1380 uero
2181 1335 2254 1380 ea
2307 1317 2475 1379 facta

196 1425 344 1498 sunt,
390 1423 626 1505 quibus
667 1440 774 1487 cor
812 1442 927 1487 suo
971 1422 1126 1486 uitio
1167 1426 1296 1486 tam
1336 1423 1683 1506 malignum
1721 1424 2046 1488 resisteret
2081 1423 2472 1487 iussionibus

195 1527 281 1591 dei
330 1566 399 1573 —
451 1528 575 1593 hoc
627 1533 727 1593 est
774 1530 938 1592 enirn
990 1529 1157 1610 quod
1205 1528 1438 1594 dicitur
1480 1530 1867 1600 induratum,
1928 1531 2075 1612 quia
2128 1550 2246 1593 non
2303 1528 2473 1592 flexi-

194 1634 385 1698 biliter
439 1634 899 1711 consentiebat,
961 1635 1070 1699 sed
1129 1635 1555 1700 inflexibiliter
1618 1637 1958 1701 resistebat
2009 1674 2096 1683 —
2153 1636 2473 1717 dispensa-

193 1741 363 1805 tionis
408 1743 533 1805 fuit
582 1742 857 1819 diuinae,
909 1761 1034 1823 qua
1081 1742 1194 1806 tali
1243 1743 1415 1806 cordi
1466 1763 1586 1807 non
1637 1745 1843 1807 solum
1892 1763 2014 1807 non
2061 1743 2320 1815 iniusta,
2359 1743 2472 1805 sed

194 1847 499 1912 euidenter
543 1849 720 1911 iusta
765 1867 967 1930 poena
1013 1849 1371 1930 parabatur,
1423 1870 1548 1930 qua
1604 1851 1900 1913 timentes
1960 1849 2146 1912 deum
2203 1848 2470 1931 corrige-

194 1959 405 2017 rentur.
487 1955 821 2037 proposito
890 1955 1124 2036 quippe
1192 1955 1367 2019 lucro
1436 1957 1615 2020 uerbi
1679 1957 1909 2040 gratia,
1983 1959 2237 2037 propter
2301 1954 2470 2036 quod

194 2059 581 2125 homicidium
652 2062 1109 2134 committatur,
1159 2062 1343 2125 aliter
1399 2082 1652 2138 auaruS,
1720 2063 1903 2127 aliter
1965 2062 2267 2145 pecuniae
2325 2081 2468 2126 con-

144 2182 161 2213 ³
193 2169 402 2230 temtor
447 2172 781 2231 mouetur:
828 2168 936 2231 ille
987 2169 1232 2232 scilicet
1281 2168 1358 2231 ad
1405 2169 1652 2234 facinus
1701 2169 2206 2252 perpetrandum,
2243 2168 2352 2231 ille
2391 2167 2468 2230 ad

193 2273 551 2348 cauendnm3
614 2274 817 2356 ipsius
875 2278 1082 2339 tamen
1140 2274 1300 2338 lucri
1357 2275 1710 2358 propositio
1767 2277 1829 2339 in
1889 2276 2158 2340 alicuius
2213 2275 2466 2338 illorum

193 2398 297 2442 non
340 2380 457 2444 fuit
501 2383 844 2463 potestate.
911 2381 1001 2444 ita
1050 2400 1276 2445 causae
1324 2383 1592 2446 ueniunt
1638 2383 1998 2446 hominibus
2047 2382 2257 2445 malis.
2306 2400 2466 2463 quae

193 2503 296 2548 non
343 2492 489 2551 sunt
535 2487 794 2570 quidem
844 2488 905 2551 in
958 2508 1173 2552 eorum
1220 2493 1561 2572 potestate,
1613 2491 1722 2554 sed
1765 2491 1881 2554 hoc
1923 2492 1997 2554 de
2035 2491 2165 2554 illis
2203 2490 2466 2560 faciunt,

194 2593 386 2672 quales
438 2613 547 2658 eos
599 2595 956 2659 inuenerint
1004 2597 1128 2659 iam
1186 2597 1388 2660 factos
1445 2598 1713 2679 propriis
1772 2598 1950 2661 uitiis
2008 2616 2076 2661 ex
2133 2596 2470 2678 praeterita

193 2698 517 2765 uoluntate.
570 2700 917 2764 uidendum
970 2722 1118 2766 sane
1168 2708 1286 2778 est,
1338 2706 1551 2767 utrum
1602 2704 1788 2768 etiam
1840 2705 1932 2767 sic
1980 2703 2179 2785 accipi
2228 2702 2466 2785 possit:

194 2822 310 2886 ego
357 2806 763 2880 indurabo,
822 2813 1146 2890 tamquam
1196 2810 1465 2873 diceret:
1534 2831 1758 2891 „quani
1809 2811 2033 2874 durum
2084 2811 2168 2873 sit
2215 2809 2468 2872 ‹lemon-

196 2912 446 2976 strabo‘.

266 3018 517 3083 XVIIII.
571 3020 648 3085 Si
697 3021 1064 3102 loquetur
1110 3023 1330 3087 uobis
1372 3024 1656 3088 Pharao
1699 3025 1989 3088 dicens:
2041 3024 2205 3087 date
2245 3023 2461 3086 nobis

195 3122 462 3206 signum
541 3131 676 3190 aut
744 3131 1213 3209 portentum,
1282 3135 1355 3193 et
1421 3130 1626 3194 dices
1693 3131 1931 3194 Aaron
2009 3129 2228 3194 fratri
2302 3134 2461 3192 tuo:

125 3248 162 3283 2³
194 3246 379 3295 sume
416 3234 711 3316 uirgam
754 3237 827 3297 et
863 3235 1115 3316 proice
1155 3236 1365 3299 illam
1406 3238 1646 3320 palam
1687 3238 2068 3302 Pharaone
2111 3240 2182 3300 et
2219 3237 2462 3317 palam

195 3337 419 3401 seruis
467 3339 663 3415 eius,
716 3344 791 3404 et
838 3341 985 3404 erit
1032 3342 1272 3407 dracO.
1352 3344 1455 3406 hic
1505 3348 1673 3408 certe
1722 3363 1841 3407 non
1891 3343 2243 3408 ministerio
2285 3342 2462 3405 uocis

193 3457 332 3521 opus
394 3450 544 3522 erat,
615 3448 716 3510 cui
779 3448 1119 3511 uidebatur
1185 3451 1364 3514 uelut
1428 3470 1497 3514 ex
1567 3452 1945 3515 necessitate
2013 3451 2199 3515 datus
2253 3450 2462 3513 Aaron

192 3552 417 3630 propter
478 3552 897 3636 gracilitatem
959 3555 1137 3618 uocis
1184 3556 1428 3639 Moysi;
1490 3558 1600 3621 sed
1657 3558 1839 3643 uirga
1896 3565 2029 3621 erat
2075 3556 2459 3640 proicienda,

350 3742 415 3795 23
452 3744 545 3798 Ex.
589 3745 637 3808 7,
678 3746 710 3796 9

253 3861 280 3912 3
314 3863 423 3932 sed]
460 3871 515 3919 et
559 3866 609 3919 T
712 3867 747 3920 4
785 3868 946 3936 plena
982 3868 1057 3920 Ρι
1169 3871 1199 3923 6
1241 3873 1297 3922 et
1334 3870 1546 3924 Pharao
1585 3871 1772 3940 NEu9
1916 3870 2057 3940 quod
2091 3870 2136 3925 S
2274 3887 2460 3924 moue·

194 3950 267 4001 tur
296 3951 490 4005 P¹S¹V
628 3955 1118 4025 sed—inpietatem
1162 3974 1262 4013 om.
1303 3959 1364 4011 N
1473 3962 1502 4012 7
1544 3962 1666 4014 uitii
1707 3977 1773 4014 ea:
1810 3963 1927 4014 nita
1962 3962 2009 4014 C
2149 3961 2294 4013 sacta
2333 3964 2461 4013 sunt

194 4050 246 4088 ea
276 4038 304 4092 b
402 4044 434 4095 8
473 4043 631 4097 corde
670 4061 766 4097 suo
816 4045 885 4096 V¹
1028 4047 1326 4115 malignum
1378 4048 1443 4099 V¹
1556 4052 1587 4102 9
1626 4050 1938 4103 induratum
1979 4057 2006 4104 e
2045 4050 2110 4102 N
2231 4049 2294 4102 10
2337 4066 2458 4101 sen·

194 4125 342 4181 tiebat
385 4131 432 4184 1⁷
574 4135 633 4187 11
677 4150 783 4186 non
822 4135 1049 4202 iniusta]
1090 4136 1236 4189 iusta
1280 4136 1566 4191 CPVde
1723 4140 1789 4192 12
1829 4140 2224 4205 corrigerentur
2260 4153 2360 4190 om.
2398 4137 2466 4188 N

196 4212 250 4265 13
282 4223 562 4288 propositio
602 4222 674 4276 Ρι
790 4226 854 4277 15
891 4231 1181 4278 mouentur
1219 4225 1249 4278 b
1398 4232 1454 4291 et
1492 4228 1561 4281 ad
1598 4229 1696 4295 fin.
1725 4229 1836 4281 PV
1936 4231 1999 4282 19
2039 4228 2348 4280 inuenirent
2392 4225 2458 4279 0¹

195 4301 251 4439 ’ἴ
292 4310 343 4368 et
372 4311 574 4449 gstcpra
621 4328 738 4379 eaep.
788 4317 845 4366 et
883 4329 1007 4381 pos.
1059 4316 1142 4367 tul
1192 4315 1240 4367 V
1420 4318 1486 4369 27
1538 4321 1654 4370 erat
1693 4334 1830 4386 opus
1879 4318 1960 4370 Vb
2179 4315 2282 4383 cui]
2323 4322 2385 4368 cu
2426 4315 2457 4367 b

228 4398 333 4446 atur
419 4398 434 4431 ¹
