3076 4976
658 481 1137 547 Quaestionum
1175 483 1287 537 lib.
1325 484 1380 537 Π
1419 483 1711 552 (Quaest.
1752 484 1826 538 de
1864 484 2129 551 Exodo).
2405 489 2532 552 169

261 679 735 756 contextam,
791 677 859 742 id
913 681 1013 743 est
1064 697 1142 743 ne
1197 678 1340 760 ipsa
1395 698 1503 744 ora
1559 680 1945 745 extrinsecus
2011 680 2347 755 adsuatur3
2413 681 2533 745 hoc

258 782 496 847 uidetur
538 784 752 850 dicere
815 785 1468 862 „commissuram
1525 790 2048 853 contextam“.
2126 786 2292 852 unde
2339 788 2534 853 etiam

260 888 516 955 addidit:
583 910 671 955 ex
727 892 923 975 ipsa,
982 894 1068 956 ut
1123 911 1212 956 ne
1267 896 1718 976 rumpatur,
1774 894 1841 958 id
1897 900 1998 959 est
2041 897 2117 958 ut
2162 914 2231 959 ex
2281 894 2537 978 seipsa

260 995 336 1059 sit
375 997 512 1078 ipsa
559 1016 672 1063 ora
719 1001 1007 1063 contexta
1053 1017 1198 1063 cum
1245 1002 1449 1064 ueste.

204 1124 225 1161 ὸ
339 1103 649 1170 CXVIIII.
713 1106 812 1170 Et
856 1106 1014 1170 erit
1055 1106 1317 1172 Aaron
1366 1126 1536 1172 cum
1586 1109 1955 1190 coeperit
2000 1109 2232 1193 fungi
2281 1127 2534 1173 sacer-

260 1211 500 1289 dotio,
559 1212 950 1278 audietur
1004 1232 1152 1279 uox
1210 1214 1417 1293 eius,
1474 1215 1826 1279 intranti
1890 1215 1968 1280 in
2026 1218 2396 1280 sanctum
2454 1215 2529 1278 in

259 1322 690 1399 conspectu
740 1318 1040 1384 domini
1090 1322 1170 1384 et
1213 1320 1571 1399 exeunti,
1630 1324 1716 1385 ut
1761 1341 1908 1387 non
1956 1323 2373 1387 moriatur.
2439 1322 2530 1385 in-

257 1425 466 1489 trantis
515 1428 580 1490 et
627 1426 916 1490 exeuntis
963 1445 1188 1491 uocem
1237 1426 1312 1490 de
1358 1427 1760 1492 tintinabulis
1809 1428 1966 1492 dixit
2010 1428 2210 1493 audiri
2256 1431 2532 1492 tantum-

258 1549 367 1613 que
395 1530 484 1595 ibi
512 1532 770 1614 pondus
804 1532 1266 1598 obseruationis
1299 1534 1536 1616 posuit,
1570 1538 1644 1598 ut
1672 1533 1942 1600 diceret:
1992 1554 2081 1599 ne
2118 1534 2531 1600 moriatur.

186 1658 228 1699 10
257 1637 608 1703 testimonia
668 1659 814 1723 ergo
873 1639 1180 1722 quaedam
1237 1639 1580 1724 significari
1637 1641 1847 1706 uoluit
1900 1641 1962 1705 in
2022 1645 2200 1705 ueste
2249 1640 2534 1704 sacerdo-

256 1744 378 1821 tali,
424 1765 549 1827 qua
594 1746 822 1829 utique
870 1746 1264 1831 significatur
1310 1746 1596 1825 ecclesia,
1651 1767 1762 1830 per
1815 1748 1971 1812 haec
2016 1747 2415 1824 tintinabula,
2461 1749 2537 1811 ut

257 1854 394 1916 nota
438 1851 524 1917 sit
570 1853 969 1918 conuersatio
1029 1854 1397 1930 sacerdotis,
1456 1854 1626 1918 sicut
1679 1855 2008 1937 apostolus
2065 1853 2248 1919 dicit:
2316 1855 2535 1918 circa

261 1976 512 2023 omnes
571 1962 653 2023 te
709 1959 970 2041 ipsum
1027 1960 1412 2026 bonorum
1471 1979 1794 2043 operum
1851 1961 2244 2042 praebens
2293 1979 2534 2024 exem-

258 2064 479 2147 plum,
522 2070 638 2130 aut
674 2066 869 2130 illud:
911 2085 1109 2149 quae
1147 2066 1462 2131 audisti
1502 2087 1540 2131 a
1575 2087 1691 2131 me
1729 2087 1867 2150 per
1901 2069 2205 2132 multos
2243 2068 2532 2143 testes,

187 2170 435 2237 abaco
482 2172 759 2237 eadem
810 2173 1272 2238 commenda
1316 2173 1723 2238 fidelibus
1773 2176 1851 2238 et
1894 2174 2020 2239 his
2068 2174 2204 2256 qui
2259 2172 2533 2238 idonei

261 2282 434 2342 sunt
478 2282 557 2343 et
605 2279 818 2343 alios
867 2279 1172 2345 docere.
1223 2299 1297 2344 an
1348 2280 1501 2362 quid
1538 2279 1758 2345 aliud?
1806 2299 2109 2364 magnum
2153 2283 2363 2344 tamen
2413 2282 2531 2357 est,

261 2384 548 2467 quidquid
594 2385 761 2450 illud
808 2390 924 2451 est.
980 2386 1403 2463 „intranti“
1458 2389 1674 2451 autem
1722 2389 1787 2452 et
1830 2386 2231 2463 „exeunti“
2285 2404 2396 2467 pro
2442 2385 2534 2449 in·

260 2492 468 2556 trautis
522 2496 589 2556 et
639 2493 925 2557 exeuntis
982 2493 1225 2558 locutio
1267 2497 1385 2559 est.
1436 2497 1500 2559 et
1547 2512 1692 2558 uox
1738 2514 1852 2576 pro
1893 2494 2138 2571 sonitu;
2189 2512 2333 2558 nam
2369 2493 2541 2557 tinti-

262 2597 620 2664 nabulorum
669 2599 876 2682 magis
924 2618 1118 2665 sonus
1169 2620 1356 2681 quam
1403 2620 1524 2666 uox
1574 2604 1691 2665 est.

185 2729 230 2768 20
343 2705 523 2770 CXX.
601 2706 701 2770 Et
764 2706 1022 2771 facies
1089 2706 1466 2770 laminam
1530 2725 1850 2772 auream
1915 2726 2188 2791 puram
2255 2710 2333 2772 et
2397 2708 2543 2772 for·

264 2812 501 2877 mabis
562 2813 645 2876 in
705 2831 790 2876 ea
845 2812 1519 2879 deformationem
1577 2814 1795 2898 signi
1843 2815 2374 2878 sanctitatem
2423 2814 2543 2878 do-

263 2918 462 2984 mini.
512 2923 594 2984 et
641 2919 983 3002 inpones
1031 2919 1244 2984 illud
1285 2939 1527 3002 super
1564 2921 2093 3003 hyacinthum
2133 2921 2542 3005 duplicem

264 3027 566 3103 tortam,
620 3028 698 3090 et
746 3026 905 3090 erit
950 3045 1192 3110 super
1235 3027 1589 3105 mitram;
1640 3027 2080 3092 secundum
2128 3031 2540 3111 aspectum

263 3130 538 3197 mitrae
580 3132 761 3197 erit.
812 3135 892 3196 et
928 3132 1087 3197 erit
1126 3152 1370 3215 super
1407 3134 1758 3198 frontem
1786 3134 2065 3211 Aaron,
2106 3137 2183 3198 et
2221 3135 2545 3198 auferet

189 3237 505 3306 „Aaron
553 3243 899 3323 peccata
945 3243 1412 3305 sanctorum
1459 3259 2013 3324 quaecumque
2071 3241 2542 3306 sanctifica-

265 3342 446 3409 bunt
519 3345 700 3411 filii
766 3345 1089 3411 Israhel
1164 3347 1419 3412 omnis
1484 3347 1656 3412 dati
1721 3350 2185 3413 sanctorum
2252 3366 2539 3412 eorum.

427 3556 458 3608 5
495 3554 593 3609 Ex.
635 3554 722 3622 28,
759 3554 825 3608 31
919 3555 986 3609 12
1024 3553 1134 3609 Tit.
1172 3553 1225 3618 2,
1265 3556 1297 3608 7
1385 3557 1450 3608 14
1485 3555 1543 3610 11
1580 3555 1716 3613 Tim.
1756 3557 1807 3619 2,
1844 3556 1878 3609 2
1963 3556 2033 3611 20
2069 3556 2163 3610 Ex.
2205 3555 2291 3620 28,
2330 3556 2543 3610 32-34

329 3694 351 3745 1
392 3693 447 3747 id
484 3697 952 3748 est—contextam
978 3710 1081 3748 om.
1118 3692 1184 3747 0⁸
1293 3694 1427 3748 hora
1461 3695 1513 3747 T
1581 3696 1614 3749 3
1652 3699 1716 3749 ut
1732 3712 1822 3763 pr.
1852 3713 1920 3750 m.
1949 3699 1988 3749 2
2016 3712 2132 3764 exp.
2174 3695 2226 3748 V
2293 3699 2325 3749 5
2365 3710 2541 3748 sacer·

264 3779 408 3836 docin
450 3784 496 3837 Ο
603 3786 636 3837 6
673 3784 932 3837 intrantis
968 3783 1044 3846 N,
1087 3786 1133 3848 (s
1161 3786 1257 3851 er.)
1298 3783 1344 3838 S
1440 3785 1470 3838 7
1511 3789 1858 3854 conspectum
1897 3784 1946 3838 S
2083 3784 2289 3838 domini
2328 3801 2430 3839 om.
2476 3783 2543 3838 0¹

266 3873 489 3925 exeuntis
528 3871 590 3925 N
731 3871 989 3934 intrantis
1037 3871 1089 3924 V
1199 3871 1232 3924 8
1272 3872 1485 3925 exuntis
1520 3872 1578 3925 P
1612 3873 1858 3935 exeuntis
1899 3872 1947 3926 V
2086 3873 2388 3927 tinnabulis
2433 3872 2550 3927 0¹8

267 3957 327 4010 10
360 3960 711 4022 testimoania
744 3959 791 4013 0
863 3961 923 4013 11
967 3961 1096 4029 quia
1134 3960 1173 4013 d
1273 3961 1339 4014 14
1375 3961 1528 4014 illum
1574 3961 1621 4015 Ο
1727 3978 1759 4014 a
1795 3979 1879 4014 me
1918 3961 2119 4016 audisti
2157 3961 2206 4015 S
2299 3962 2364 4016 15
2402 3962 2470 4014 iis
2507 3961 2547 4015 d

267 4045 327 4098 16
361 4048 470 4101 sint
546 4050 610 4103 17
650 4049 904 4103 intrantis
932 4048 996 4103 Ν
1101 4050 1344 4103 exeuntis
1371 4048 1440 4103 N
1541 4051 1958 4119 pro—exeuntis
1987 4067 2090 4105 om.
2116 4049 2183 4104 N
2253 4052 2318 4104 18
2356 4051 2455 4104 alt.
2487 4051 2545 4102 et

263 4150 359 4189 om.
394 4136 611 4191 P¹SVd
753 4139 824 4192 20
860 4137 1027 4192 facias
1075 4137 1127 4190 V
1300 4138 1612 4192 lamminam
1649 4139 1747 4193 ΡΒ
1759 4138 1865 4192 VT
2004 4140 2068 4192 21
2121 4138 2308 4192 eadem
2344 4137 2543 4192 forma·

266 4224 455 4279 tionem
495 4226 617 4281 de
760 4228 930 4296 signis
979 4227 1032 4280 V
1169 4229 1464 4282 sanctitate
1509 4228 1557 4282 G
1659 4229 1730 4282 22
1776 4228 2037 4282 iacintum
2083 4227 2186 4282 GN
2229 4227 2542 4296 iacynthum

268 4313 411 4368 PSV
441 4316 772 4370 iacincthum
818 4315 869 4369 T
1007 4316 1078 4370 23
1115 4317 1419 4387 inspectum
1460 4318 1491 4371 b
1639 4317 1708 4370 24
1744 4334 1907 4387 supra
1945 4315 2120 4371 5¹de
2261 4315 2330 4368 26
2369 4316 2542 4368 omnis

269 4399 398 4456 datis
440 4402 511 4459 V¹
