3076 4976
176 1720 229 1760 10

178 2255 229 2297 15

868 538 1400 594 Adnotationum
1444 541 1507 593 in
1546 539 1662 594 Iob
1701 540 1879 594 liber
1915 540 1956 594 1.
2429 545 2559 609 525

265 736 417 820 quia
461 740 709 819 peccat;
761 738 872 799 aut
918 734 1115 799 sentis
1164 733 1347 817 quasi
1396 735 1850 800 aduersitatem
1888 734 2178 818 loquelae
2218 736 2376 813 eiuS,
2419 755 2563 800 cum

264 845 430 909 scias
489 862 746 907 sensum
805 841 1175 918 humanum,
1225 845 1290 906 et
1344 842 1566 924 utique
1614 861 1838 924 posses
1888 842 2058 925 quod
2104 842 2223 907 tibi
2273 843 2566 907 aduersa-

262 951 428 1015 rium
478 953 580 1015 est
624 968 745 1014 non
795 948 1204 1014 constituere.
1274 952 1352 1013 et
1410 968 1655 1031 quare
1712 968 1861 1014 non
1921 969 2001 1013 es
2060 949 2376 1015 oblitus
2423 950 2560 1014 ini·

264 1056 619 1139 quitatis
665 1060 930 1121 meae?
979 1055 1035 1120 si
1082 1075 1205 1120 non
1253 1075 1327 1121 ea
1373 1075 1569 1121 causa
1613 1059 1689 1121 ut
1732 1056 1889 1120 mihi
1935 1056 2314 1138 prodessent
2361 1059 2562 1121 tenta·

264 1165 472 1231 tiones
517 1164 701 1240 istae,
740 1165 816 1226 ut
859 1162 1169 1227 bonitatis
1216 1164 1364 1226 tuae
1414 1163 1500 1227 sit
1536 1165 1767 1240 totum,
1809 1167 1872 1227 et
1910 1163 2081 1246 quod
2118 1183 2219 1227 me
2259 1163 2565 1247 corripis?

264 1291 470 1336 nunc
529 1273 798 1334 autem
853 1269 927 1333 in
977 1272 1271 1334 terram
1319 1269 1486 1336 ibo:
1537 1288 1683 1334 cum
1733 1270 1901 1334 enim
1945 1289 2180 1354 purges
2228 1273 2564 1353 peccatum

262 1397 500 1454 meum,
554 1377 757 1439 restat
818 1375 975 1439 mihi
1032 1377 1241 1439 tamen
1301 1375 1508 1440 adhuc
1563 1377 1627 1440 in
1685 1381 1917 1442 terram
1974 1378 2063 1442 ire
2119 1396 2232 1460 per
2294 1380 2565 1441 mortem

267 1482 676 1566 corporalem.
748 1500 968 1545 mane
1025 1480 1399 1565 uigilabo
1457 1483 1535 1545 et
1590 1483 1812 1546 ultra
1876 1501 2025 1547 non
2095 1502 2260 1548 ero:
2326 1483 2391 1547 in
2446 1482 2566 1548 hac

264 1592 450 1655 terra.

356 1695 531 1760 VIII.
589 1695 796 1760 Verba
851 1694 1096 1760 Baldad
1153 1693 1497 1760 Sauchitis.
1557 1695 1784 1760 misit
1837 1695 1914 1760 in
1982 1716 2209 1761 manu
2273 1697 2566 1780 iniqui·

264 1805 485 1867 tates
535 1821 837 1867 eorum:
888 1803 950 1866 in
999 1821 1188 1866 manu
1237 1801 1418 1867 misit
1465 1804 1578 1866 aut
1623 1803 1685 1867 in
1733 1802 2019 1868 uindicta
2059 1807 2170 1869 aut
2208 1805 2568 1887 supputati·

268 1929 386 1975 one
436 1908 753 1974 debitores
806 1928 935 1986 eoa,
984 1908 1049 1973 id
1098 1913 1198 1974 est
1242 1913 1610 1991 peccatores
1660 1910 2145 1974 demonstrauit.
2205 1913 2283 1974 et
2335 1911 2566 1974 resti-

266 2019 448 2082 tuet
491 2015 652 2081 tibi
697 2015 950 2080 uitam
999 2016 1426 2099 iustitiae:
1478 2036 1637 2099 quae
1688 2016 1954 2080 debetur
2001 2016 2306 2092 iustitiae,
2355 2016 2423 2081 id
2470 2020 2570 2081 est

264 2123 539 2188 beatam.
606 2129 685 2186 et
749 2125 987 2186 erunt
1041 2123 1315 2204 priora
1371 2126 1509 2187 tua
1564 2123 1926 2188 minima:
1983 2122 2046 2187 in
2096 2123 2565 2205 comparatione

266 2229 712 2312 posteriorum,
789 2248 950 2311 quae
1023 2228 1269 2294 infinita
1347 2232 1550 2296 erunt.
1627 2232 1764 2294 aut
1810 2230 2198 2312 numquid
2272 2248 2420 2293 non
2487 2230 2567 2293 hi

267 2336 678 2402 docebunt
750 2340 826 2401 te
902 2339 981 2400 et
1051 2336 1411 2401 referent
1484 2336 1688 2401 tibi?
1757 2335 2053 2417 quoniam
2121 2337 2567 2401 nonnullorum

264 2443 466 2509 maior
522 2446 622 2508 est
678 2442 1045 2509 auctoritas,
1105 2443 1231 2508 iam
1288 2447 1353 2509 et
1406 2442 1510 2507 hic
1570 2442 1646 2509 de
1706 2442 1957 2509 Christo
2016 2442 2303 2509 dicturus
2352 2442 2568 2508 audita

264 2555 497 2625 narrat,
556 2550 870 2633 quomodo
945 2550 1211 2632 Eliphaz
1295 2551 1575 2615 narrauit
1637 2550 2113 2617 reuelationem.
2180 2550 2565 2632 numquid

263 2657 488 2722 uiret
550 2657 875 2741 scirpus
925 2657 1096 2721 sine
1146 2658 1394 2740 aqua?
1439 2658 1531 2722 ita
1580 2675 1730 2741 ergo
1782 2660 1846 2721 et
1890 2657 2047 2740 inpii
2095 2659 2382 2721 arescent
2427 2657 2563 2721 sine

264 2764 703 2829 misericordia
741 2763 864 2829 dei.
906 2763 1163 2828 adhuc
1204 2764 1278 2828 in
1331 2783 1474 2829 sua
1518 2764 1795 2828 radice
1843 2763 2245 2828 consistit
2291 2766 2371 2827 et
2415 2782 2564 2828 non

263 2873 662 2937 metetur?
711 2871 766 2934 si
814 2890 1042 2952 aquam
1082 2889 1204 2935 non
1252 2871 1500 2936 babeat.
1553 2874 1978 2951 antequam
2026 2869 2258 2934 bibat
2304 2870 2562 2935 omnis

263 2978 543 3055 herba,
592 2996 848 3041 nonne
887 2977 1240 3042 arescit?
1278 2977 1402 3042 nisi
1442 2977 1651 3051 bibat;
1693 2995 1814 3042 non
1845 2978 2013 3042 enim
2044 2980 2187 3041 ante
2219 2976 2560 3060 aliquando

265 3083 466 3148 uiruit
538 3082 771 3166 inpius.
849 3086 1092 3166 atque
1167 3083 1484 3147 araneis
1563 3083 2122 3166 complebitur
2203 3083 2564 3148 taberna·

444 3344 476 3398 3
514 3344 611 3398 Iob
653 3346 702 3407 7,
742 3342 805 3397 21
922 3343 955 3397 6
992 3341 1089 3396 Iob
1131 3344 1178 3405 7,
1219 3343 1283 3396 21
1398 3344 1430 3397 8
1469 3343 1566 3397 Iob
1609 3345 1657 3408 7,
1696 3343 1761 3397 21
1879 3344 1945 3399 10
1982 3343 2079 3398 Iob
2119 3343 2169 3407 8,
2208 3345 2242 3396 4
2358 3344 2423 3397 12
2461 3342 2559 3396 Iob

264 3433 315 3499 8,
352 3434 386 3486 6
539 3434 607 3486 14
640 3433 738 3486 Iob
776 3433 829 3494 8,
869 3432 899 3484 7
1059 3433 1123 3485 15
1161 3431 1258 3485 Iob
1297 3433 1348 3495 8,
1390 3432 1456 3487 10
1616 3432 1679 3486 18
1718 3432 1815 3486 Iob
1855 3433 1905 3495 8,
1946 3434 2008 3486 11
2157 3432 2228 3487 20
2266 3430 2363 3485 Iob
2402 3432 2452 3494 8,
2497 3432 2562 3485 12

261 3522 328 3576 21
371 3522 469 3576 Iob
510 3523 560 3586 8,
603 3523 667 3575 12
776 3521 846 3574 23
884 3520 981 3574 Iob
1022 3521 1072 3582 8,
1116 3521 1180 3574 14

336 3663 363 3715 1
408 3666 597 3731 peccat
634 3677 666 3713 a
705 3660 880 3725 (uocis
915 3661 1033 3730 aut)
1069 3675 1172 3714 om.
1216 3658 1268 3713 G
1396 3660 1570 3728 quasi]
1608 3663 1832 3729 peccata
1876 3659 1927 3713 G
1999 3660 2032 3712 2
2071 3660 2244 3729 possis
2284 3660 2340 3713 P
2409 3662 2442 3713 3
2481 3662 2566 3713 est

263 3767 367 3804 om.
413 3750 466 3803 T
589 3751 667 3818 es]
709 3752 793 3802 est
829 3748 915 3803 Sd
1038 3750 1071 3801 5
1110 3752 1167 3801 et
1203 3763 1305 3801 om.
1350 3747 1401 3801 G
1500 3748 1532 3800 6
1572 3750 1626 3802 in
1668 3753 1864 3802 terram
1903 3765 2003 3803 om.
2049 3748 2101 3803 G
2193 3750 2224 3802 7
2262 3750 2339 3803 ire
2377 3764 2478 3802 om.
2512 3747 2564 3802 G

263 3840 296 3892 8
334 3855 492 3891 mane
531 3837 743 3892 SHier:
780 3853 903 3890 nam
947 3835 1235 3891 GTPde
1448 3837 1721 3907 euigilabo
1765 3836 2055 3890 GTPde
2193 3838 2226 3891 9
2254 3844 2386 3905 post
2420 3842 2564 3890 terra

260 3929 536 3996 sequitur:
643 3925 882 3980 Baldath
921 3926 1076 3979 ruitis
1111 3926 1174 3979 in
1211 3927 1243 3980 b
1357 3926 1424 3980 10
1461 3926 1986 3980 Verba—Sauchitis
2024 3942 2125 3980 om.
2165 3926 2195 3979 b
2306 3928 2477 3980 suites
2512 3926 2564 3979 G

263 4016 420 4069 suitis
459 4014 571 4070 PT
594 4015 752 4068 sintis
796 4014 844 4068 0
964 4031 1181 4067 manum
1228 4015 1407 4068 TPCb
1533 4015 1844 4084 iniquitatis
1887 4015 1938 4068 G
2022 4015 2083 4068 11
2125 4031 2341 4068 manum
2381 4014 2564 4069 TPCb

262 4104 490 4158 immisit
533 4103 584 4157 G
728 4102 1026 4157 uindictam
1068 4102 1314 4158 GTCPb
1486 4103 1926 4172 supplantatione
1970 4103 2019 4155 0
2049 4103 2491 4171 supplantatione
2530 4103 2562 4157 b

266 4191 333 4244 12
370 4192 630 4245 restituat
669 4190 717 4245 S
824 4192 889 4245 14
920 4195 1072 4245 erant
1116 4191 1164 4245 G
1271 4184 1337 4244 15
1375 4191 1676 4260 posteriora
1720 4190 1766 4244 C
1932 4190 2169 4260 nonquid
2213 4189 2264 4245 G
2378 4192 2443 4245 16
2481 4208 2562 4245 re·

263 4281 444 4334 ferunt
481 4280 529 4334 S
707 4281 773 4334 18
812 4281 1023 4351 eliphat
1058 4281 1114 4334 P
1255 4281 1497 4333 narrauit
1534 4296 1636 4334 om.
1682 4279 1874 4333 GTGb
2058 4281 2124 4333 19
2163 4279 2385 4333 nitescit
2421 4280 2565 4334 Hier

262 4370 467 4439 scripus
514 4369 565 4422 Τ
597 4385 786 4438 sai-pus
831 4368 878 4421 Ο
1053 4370 1122 4423 20
1162 4370 1425 4422 consistet
1461 4369 1509 4422 S
1677 4372 1732 4422 et
1768 4385 1870 4424 om.
1912 4369 1956 4421 C
2132 4369 2198 4422 21
2239 4368 2477 4422 habebat
2513 4353 2569 4423 'G

262 4457 437 4526 bibat]
479 4457 634 4511 uiuat
678 4456 865 4511 TPCb
975 4459 1046 4512 22
1085 4462 1211 4511 ante
1250 4473 1352 4512 om.
1397 4457 1518 4512 de
1626 4456 1695 4512 23
1733 4458 2048 4527 implebitur
2085 4457 2115 4511 b
