3076 4976
623 513 1099 579 Quaestionum
1138 513 1248 567 lib.
1291 513 1394 567 VII
1435 512 1724 579 (Quaest.
1767 512 1841 566 de
1881 513 2272 580 Iudicibus).
2465 518 2595 581 483

299 730 410 792 pro
479 709 661 772 nobis
720 711 784 771 et
848 706 1226 771 sacrificium
1296 727 1363 772 se
1429 707 1638 790 ipsum
1709 708 1944 772 obtulit
2009 708 2155 782 deoz
2224 710 2316 774 sic
2374 710 2596 791 utique

300 817 554 893 obtulit,
603 819 677 877 ut
724 814 799 878 ab
847 813 1126 877 inimicis
1183 833 1293 896 pro
1343 814 1594 879 iustitia
1652 814 2061 879 occideretur.
2124 815 2289 879 hunc
2348 815 2598 880 imitata

300 926 647 1004 martyrum
713 922 890 985 milia
946 940 1150 1003 usque
1208 921 1285 985 ad
1341 925 1613 985 mortem
1668 941 1779 1005 pro
1837 923 2106 986 ueritate
2167 926 2488 986 certarunt
2535 927 2598 986 et

300 1032 377 1095 ab
454 1030 728 1095 inimicis
806 1029 1243 1093 saeuientibus
1317 1028 1648 1093 immolata
1731 1032 1900 1093 sunt.
1980 1028 2055 1092 de
2131 1029 2364 1111 quibus
2441 1029 2597 1093 dicit

236 1163 263 1200 5
304 1138 644 1220 scriptura:
692 1139 1093 1217 tamquam
1146 1155 1422 1199 aurum
1470 1135 1546 1199 in
1594 1136 1922 1201 fornace
1970 1136 2361 1219 probauit
2396 1137 2593 1200 illos

301 1246 379 1308 et
436 1243 658 1307 sicut
713 1243 1290 1306 holocaustum
1348 1241 1708 1305 hostiam
1765 1242 2087 1323 accepit
2143 1243 2368 1316 illos3
2430 1244 2594 1307 unde

302 1355 366 1414 et
412 1350 741 1431 apostolus
791 1350 973 1413 dicit:
1026 1368 1171 1432 ego
1222 1349 1424 1412 enim
1473 1349 1624 1412 iam
1675 1348 2062 1413 immolor.

391 1457 517 1520 Sed
565 1476 687 1520 non
737 1457 828 1520 sic
876 1456 1096 1536 Iephte
1146 1454 1221 1517 de
1272 1454 1399 1518 filia
1447 1455 1601 1518 fecIt
1639 1454 2118 1519 holocaustoma
2161 1455 2436 1532 dominc,
2479 1456 2589 1520 sed

299 1564 469 1628 sicut
530 1565 937 1645 praeceptum
1003 1561 1210 1625 fuerat
1273 1580 1499 1644 pecora
1557 1561 1759 1625 offerri
1820 1565 1882 1625 et
1937 1562 2330 1644 prohibitum
2387 1563 2595 1627 fuerat

206 1699 259 1736 ιο
299 1670 586 1735 homines
642 1669 974 1734 immolari.
1045 1669 1247 1750 magis
1306 1669 1424 1732 hoc
1480 1668 1577 1732 illi
1636 1668 1845 1732 simile
1903 1668 2160 1732 uidetur
2217 1670 2383 1751 quod
2441 1670 2594 1733 fecit

299 1777 636 1846 Abraham,
679 1775 845 1857 quod
877 1775 1170 1838 dominus
1203 1775 1569 1856 specialiter
1605 1775 1736 1838 fieri
1776 1777 2114 1859 praecepit,
2154 1795 2273 1840 non
2315 1778 2590 1858 generali

297 1885 438 1967 lege
487 1887 559 1948 ut
604 1883 759 1947 talia
807 1882 928 1947 sibi
977 1882 1285 1946 sacrificia
1332 1882 1554 1945 fierent
1608 1882 1943 1964 aliquando
2001 1883 2345 1960 mandauit,
2396 1885 2590 1949 immo

301 1991 492 2054 etiam
539 1989 675 2053 fieri
741 1989 993 2053 omnino
1042 1989 1387 2070 prohibuit.
1454 1988 1652 2053 distat
1697 1990 1912 2071 itaque
1971 1990 2088 2053 hoc
2147 1990 2314 2070 quod
2371 1992 2591 2072 iephte

299 2097 454 2159 fecit
519 2115 554 2159 a
609 2095 776 2159 facto
844 2096 1150 2170 Abrahae,
1220 2095 1515 2176 quoniam
1585 2097 1720 2177 ipse
1785 2096 2002 2159 iussus
2070 2096 2304 2160 obtulit
2367 2096 2591 2168 filium,

204 2231 257 2269 ιε»
298 2203 421 2267 iste
488 2205 701 2266 autem
766 2202 921 2265 fecit
985 2202 1151 2282 quod
1219 2206 1283 2265 et
1345 2202 1487 2285 lege
1556 2201 1892 2265 uetabatur
1959 2205 2022 2266 et
2087 2203 2261 2265 nullo
2330 2204 2591 2286 speciali

300 2309 640 2372 iubebatur
710 2308 996 2390 imperio.
1075 2308 1296 2372 deinde
1372 2328 1492 2372 non
1572 2310 1779 2372 solum
1848 2308 1907 2371 in
1977 2328 2092 2372 sua
2166 2310 2303 2392 lege
2369 2314 2591 2391 postea

298 2435 521 2478 uerum
585 2416 772 2478 etiam
843 2418 992 2478 tunc
1043 2414 1199 2478 deus
1248 2414 1309 2477 in
1358 2415 1496 2496 ipso
1564 2414 1853 2478 Abrahae
1902 2414 2030 2478 filio
2096 2416 2336 2479 talibus
2403 2417 2589 2480 sacri-

298 2522 461 2585 ficiis
538 2542 726 2603 quam
800 2541 920 2585 non
1001 2521 1419 2585 delectaretur
1493 2520 1791 2587 ostendit.
1866 2541 2011 2586 cum
2075 2524 2340 2603 patrem,
2408 2522 2588 2586 cuius

298 2630 486 2693 fidem
538 2628 810 2692 iubendo
858 2628 1255 2710 probauerat,
1307 2648 1341 2691 a
1386 2628 1501 2692 filii
1541 2632 1749 2693 tamen
1792 2628 2226 2693 interfectione
2267 2629 2590 2711 prohibuit

196 2770 256 2807 20
300 2741 364 2799 et
412 2736 692 2809 arietem,
742 2755 863 2815 quo
905 2734 1284 2799 sacrificium
1324 2735 1495 2798 licite
1536 2735 1884 2799 secundum
1925 2740 2214 2799 ueterum
2249 2755 2588 2819 congruam

297 2842 692 2925 temporibus
742 2841 1265 2905 consuetudinem
1315 2842 1734 2922 conpleretur,
1786 2841 2100 2923 adposuit.

392 2948 456 3013 Si
524 2956 733 3012 autem
794 2949 909 3012 hoc
968 2967 1347 3029 quemquam
1414 2952 1652 3025 mouet,
1713 2949 2028 3029 quomodo
2088 2949 2190 3030 pie
2252 2948 2590 3013 crediderit

298 3056 611 3119 Abraham
695 3056 878 3119 deum
959 3054 1284 3117 sacrificiis
1350 3054 1591 3117 talibus
1660 3054 1977 3131 delectari,
2029 3056 2082 3118 si
2131 3055 2285 3119 haec
2349 3055 2589 3120 inlicite

300 3162 648 3225 offeruntur
713 3162 851 3235 deo,
902 3165 965 3224 et
1011 3161 1151 3223 ideo
1221 3162 1404 3242 putat
1467 3163 1637 3223 recte
1705 3161 2047 3224 credidisse
2113 3162 2303 3225 etiam
2368 3162 2590 3243 Iephte

189 3304 251 3341 25
298 3268 468 3351 quod
516 3269 641 3331 tale
692 3267 1069 3331 sacrificium
1119 3266 1232 3329 deo
1285 3284 1423 3330 esse
1469 3270 1691 3347 posset
1738 3269 2089 3347 acceptum,
2138 3267 2340 3349 primo
2391 3268 2589 3329 consi-

296 3374 476 3438 deret
523 3373 694 3437 aliud
744 3392 882 3437 esse
929 3373 1095 3436 ultro
1147 3392 1399 3449 uouere,
1450 3370 1623 3435 aliud
1670 3371 1914 3435 iubenti
1976 3373 2422 3454 obtemperare.
2467 3391 2586 3435 non

295 3481 486 3557 enim,
536 3480 589 3544 si
638 3479 876 3561 aliquid
922 3483 1169 3561 praeter
1215 3498 1451 3543 morem
1499 3479 1560 3542 in
1611 3478 1796 3543 domo
1846 3499 1882 3541 a
1922 3479 2170 3544 domino
2219 3480 2586 3543 institutum

296 3603 484 3650 seruo
541 3585 798 3649 iubetur
854 3588 1043 3667 atque
1100 3585 1164 3648 id
1221 3584 1525 3648 laudabili
1584 3585 1982 3649 oboedientia
2041 3586 2210 3662 facit,
2266 3585 2406 3648 ideo
2465 3605 2583 3650 non

476 3836 509 3887 ἴ)
551 3836 673 3905 Sap.
713 3838 764 3895 3,
808 3838 839 3890 6
953 3838 980 3889 7
1021 3836 1075 3890 Il
1115 3836 1250 3891 Tim.
1291 3839 1341 3899 4,
1382 3839 1413 3889 6
1527 3839 1587 3890 11
1634 3838 1696 3893 cs.
1738 3837 1873 3892 Gen.
1912 3839 1998 3901 22,
2039 3837 2212 3889 2—13

364 3994 400 4045 2
439 3994 795 4063 occideretur]
834 3993 1152 4064 proderetur
1186 3994 1254 4047 N
1390 3996 1422 4048 3
1467 3998 1811 4047 certauerunt
1849 3992 1894 4047 S
2034 3997 2065 4045 5
2116 4008 2299 4046 aurum
2338 4007 2439 4044 om.
2479 3992 2588 4045 PT

287 4086 324 4136 6
387 4082 759 4136 holocaustum
812 4084 1035 4149 scripsi:
1090 4083 1407 4137 holocausta
1455 4084 1568 4136 ΡΝ
1577 4084 1679 4135 VT
1722 4083 2002 4136 holocasta
2049 4081 2095 4136 S
2135 4081 2437 4134 holocausti
2486 4081 2583 4146 bd,-

281 4169 389 4223 sed
428 4170 495 4236 cf.
538 4173 667 4231 153,
708 4173 780 4223 10
924 4171 1103 4225 hostia
1138 4173 1255 4225 ΡΝ
1291 4173 1370 4225 ita
1408 4171 1452 4225 S
1561 4174 1590 4224 7
1631 4173 1770 4224 enim
1811 4187 1912 4224 om.
1950 4171 2000 4223 Τ
2108 4170 2173 4223 10
2211 4168 2385 4221 simile
2414 4169 2498 4222 illi
2526 4170 2587 4222 N

288 4260 361 4312 12
392 4258 501 4310 alia
530 4259 593 4311 N
702 4259 769 4312 14
794 4260 933 4329 ipse]
963 4260 1054 4313 ille
1083 4260 1149 4313 N
1256 4261 1320 4314 15
1350 4261 1642 4313 uetebatur
1668 4259 1840 4311 PNV
1939 4260 2000 4311 18
2033 4263 2183 4327 patre
2213 4258 2266 4309 P
2367 4258 2431 4310 19
2459 4275 2579 4327 pro-

281 4347 522 4401 baberat
571 4346 639 4401 V¹
744 4348 819 4402 20
857 4350 934 4418 et]
976 4366 1035 4402 ac
1075 4349 1195 4402 de
1301 4351 1371 4403 24
1409 4350 1640 4403 credisse
1679 4349 1724 4403 S
1829 4350 1895 4400 25
1937 4365 2051 4400 esse
2081 4364 2181 4400 om.
2214 4346 2259 4400 S
2399 4354 2580 4416 posset

281 4452 410 4489 esse
450 4435 524 4489 bd
630 4436 700 4491 28
738 4436 1013 4491 iuberetur
1048 4438 1283 4491 PSNV¹

2376 4542 2473 4594 31*
