3076 4976
465 462 594 524 622
1171 456 1223 510 S.
1281 456 1558 510 Aureli
1612 455 2051 525 Augustini

463 653 764 729 carnaleS‚
823 652 1054 735 quibus
1113 652 1381 734 quisque
1438 672 1474 716 a
1528 651 1865 716 tolerantia
1918 650 2237 733 passionis
2296 652 2633 715 auertitur.
2695 650 2762 714 in

464 759 578 824 hac
653 759 967 824 sententia
1040 759 1200 823 forte
1277 759 1519 823 dictum
1593 762 1725 823 est:
1804 758 2268 823 irascimini
2345 763 2425 822 et
2497 758 2761 822 nolite

463 885 834 950 pecca1·e;
886 885 1030 930 cuni
1079 865 1406 930 iracundia
1453 867 1620 930 enim
1670 865 2086 930 saluberrima
2133 885 2200 930 se
2250 865 2440 930 debet
2484 866 2763 947 quisque

463 972 846 1037 correctione
904 973 1213 1056 corripere
1262 971 1507 1037 dicens:
1566 976 1655 1037 ut
1719 973 1906 1055 quid
1970 972 2251 1037 tristis
2319 991 2433 1049 es,
2503 973 2767 1035 anima

462 1079 677 1143 mea?
727 1082 805 1142 et
849 1097 1093 1160 quare
1144 1079 1588 1143 conturbas
1638 1083 1799 1142 me?
1850 1098 2085 1162 spera
2130 1078 2207 1142 in
2257 1077 2522 1155 deum,
2571 1078 2766 1161 quia
2833 1099 2862 1137 5

466 1186 938 1251 confitebor
1020 1184 1173 1249 illi.
1261 1185 1410 1267 quia
1488 1186 1654 1249 enim
1740 1205 1872 1249 ore
1966 1185 2381 1250 confessio
2472 1185 2581 1250 fit
2672 1185 2768 1249 ad

467 1292 847 1368 salutem,
910 1290 1128 1355 statim
1187 1291 1507 1372 sequitur:
1569 1292 1935 1355 salutare
1991 1291 2281 1356 uultus
2348 1292 2502 1356 mei
2568 1291 2767 1356 deus

465 1418 706 1465 meus,
783 1417 923 1462 nec
1000 1399 1309 1473 credet,
1396 1398 1648 1462 donec
1733 1398 2219 1463 clamauerit
2299 1400 2534 1464 tuba:
2620 1402 2768 1463 ante

463 1511 718 1588 tempus
757 1505 990 1587 quippe
1028 1504 1419 1580 tentationi8‚
1461 1505 1709 1569 etiarnsi
1752 1523 1974 1569 euersa
2007 1509 2106 1570 est
2132 1508 2377 1569 terrena
2404 1505 2769 1587 trepidatio,

463 1634 587 1678 non
654 1613 913 1695 adparet
978 1629 1091 1674 nec
1155 1611 1339 1675 facile
1406 1611 1790 1676 credendum
1856 1614 1975 1689 est,
2034 1612 2157 1675 nisi
2224 1616 2481 1695 tempus
2551 1612 2766 1694 ipsum
2808 1634 2867 1673 ιο

465 1719 834 1784 tentationis
886 1718 1192 1783 docuerit.
1245 1737 1417 1782 cum
1467 1720 1732 1782 autem
1780 1719 1975 1781 tuba
2022 1718 2454 1793 cecinerit,
2506 1719 2766 1783 dicet:

467 1845 700 1910 euge:
751 1845 894 1889 cum
943 1828 1197 1907 tempus
1244 1824 1613 1889 tentationis
1661 1824 1925 1900 uenerit,
1975 1829 2128 1889 tunc
2176 1844 2328 1889 uero
2377 1826 2660 1908 placebit
2709 1827 2767 1889 ei

467 1933 675 1996 anima
713 1931 870 2006 eiuS,
921 1931 975 1995 si
1025 1930 1332 2013 gloriatur
1377 1929 1438 1992 in
1487 1929 2031 2005 t1·ibulationibu8‚
2084 1930 2271 2012 quia
2316 1930 2765 1996 tribulatio

469 2036 958 2120 patientiam
1010 2039 1427 2117 operatur,
1477 2035 1887 2118 patientia
1925 2054 2114 2100 uero
2154 2036 2767 2119 probationem,

466 2142 842 2225 probatio
923 2161 1112 2206 uero
1189 2160 1440 2223 spem,
1516 2142 1591 2205 ut
1663 2141 1792 2204 iam
1861 2161 1985 2205 non
2063 2142 2234 2206 dicat
2300 2142 2547 2207 animae
2616 2162 2768 2207 suae
2809 2164 2869 2204 ιε»

466 2253 778 2316 irascens:
855 2254 944 2313 ut
1017 2250 1210 2330 quid
1285 2249 1731 2313 conturbas
1805 2249 1966 2316 me?
2042 2248 2152 2313 sed
2225 2250 2501 2333 glorians
2571 2249 2768 2314 dicat:

468 2357 746 2432 lauda,
808 2357 1069 2420 anima
1123 2374 1323 2432 mea,
1393 2355 1816 2419 dominum.
1887 2359 1966 2419 et
2029 2357 2314 2436 procul
2381 2356 2772 2421 odoratur

467 2484 843 2550 pugnam:
894 2483 1016 2530 non
1066 2462 1246 2546 quasi
1294 2462 1355 2527 in
1404 2462 1766 2527 hominibus
1815 2462 2342 2545 persequentibus
2393 2463 2501 2544 qui
2551 2462 2770 2527 uiden-

470 2577 594 2651 tur,
653 2573 766 2637 sed
824 2571 1145 2655 procul,
1205 2571 1324 2635 hoc
1385 2574 1484 2635 est
1536 2590 1648 2653 pro
1706 2572 1895 2654 longe
1953 2570 2029 2634 ab
2089 2570 2312 2648 oculiS‚
2363 2570 2569 2635 sciens
2620 2570 2770 2653 quia

471 2700 594 2744 non
651 2683 754 2743 est
810 2679 865 2742 ei
925 2677 1429 2743 colluctatio
1489 2678 1888 2741 aduersus
1947 2696 2263 2741 carnem
2322 2680 2400 2741 et
2446 2676 2863 2760 sangui-20

470 2806 674 2859 nem,
761 2785 901 2849 sed
985 2785 1382 2849 aduersus
1468 2783 1893 2866 principes
1980 2787 2058 2847 et
2138 2786 2613 2866 potestates
2688 2787 2766 2847 et

469 2895 831 2956 rectores
873 2891 1145 2954 mundi
1184 2890 1702 2955 tenebrarum
1743 2891 2049 2966 harum,
2091 2891 2489 2955 aduersus
2531 2891 2765 2974 spiri-

470 2998 676 3062 talia
733 2997 1152 3079 nequitiae
1208 2998 1284 3061 in
1343 2997 1893 3073 caelestibuS‚
1953 2998 2072 3063 hoc
2122 3001 2221 3062 est
2267 2998 2573 3079 procul.
2624 2999 2764 3078 apte

470 3108 682 3169 autem
741 3105 980 3168 dictum
1039 3107 1139 3168 est
1201 3104 1662 3179 „odoratur“
1727 3108 1981 3187 propter
2026 3103 2377 3187 principem
2427 3103 2764 3185 potestatis

471 3212 632 3276 aeris
686 3211 898 3277 huius,
957 3211 1181 3275 odores
1243 3211 1474 3293 quippe
1534 3211 1773 3275 olfactu
1834 3210 2195 3275 sentiuntur
2241 3210 2378 3274 siue
2426 3210 2578 3274 boni
2629 3210 2763 3274 siue
2800 3230 2869 3270 ιε.

470 3319 641 3382 mali.
700 3317 1090 3382 odoratur
1146 3337 1296 3401 ergo
1351 3337 1731 3402 pugnam,
1792 3317 1900 3399 qui
1948 3316 2270 3400 intellegit
2315 3318 2766 3399 principem

470 3424 926 3507 potestatis
966 3424 1181 3490 aeris
1210 3424 1452 3489 huius
1485 3424 1804 3506 operari
1838 3424 1911 3487 in
1945 3423 2163 3487 filiis
2195 3423 2765 3500 diffidentiae,

471 3551 738 3613 quorum
794 3531 1304 3613 persequentium
1361 3530 1485 3594 iras
1547 3533 1658 3594 aut
1712 3530 1974 3594 insidias
2030 3530 2290 3612 patitur,
2340 3533 2414 3594 ut
2458 3530 2764 3594 aduersus

471 3636 780 3720 spiritalia
825 3637 1143 3719 nequitiae
1183 3635 1577 3718 spiritalibus
1618 3636 1811 3700 armis
1852 3635 2131 3713 dimicet,
2171 3655 2293 3700 non
2334 3637 2765 3718 corporalibus

650 3880 683 3933 2
718 3879 808 3932 ΡΒ.
846 3880 898 3941 4,
938 3881 970 3933 5
1132 3881 1166 3933 4
1202 3879 1290 3933 Ps.
1329 3880 1417 3940 41,
1457 3881 1488 3932 6
1653 3879 1687 3933 6
1726 3879 1791 3933 cf.
1831 3878 1982 3931 Rom.
2027 3879 2108 3936 10.
2154 3880 2219 3932 10
2364 3878 2397 3933 8
2435 3878 2531 3932 Iob
2572 3879 2659 3941 39,
2697 3879 2767 3932 24

474 3969 536 4022 11
579 3966 675 4021 lob
715 3967 801 4028 39,
840 3968 908 4021 25
1074 3966 1138 4021 13
1180 3966 1243 4019 cf.
1284 3967 1436 4019 Rom.
1475 3969 1524 4030 5,
1565 3968 1613 4020 3.
1652 3968 1688 4019 4
1851 3968 1915 4020 17
1953 3968 2041 4020 Ps.
2085 3966 2202 4028 145,
2242 3966 2274 4019 2
2436 3966 2535 4019 Iob
2573 3968 2660 4030 39,
2699 3968 2766 4020 25

473 4059 542 4111 20
581 4056 648 4111 cf.
686 4054 886 4125 Ephes.
927 4055 975 4118 6,
1009 4056 1084 4109 Δ12
1194 4056 1261 4108 26
1299 4054 1396 4109 Iob
1435 4056 1522 4119 39,
1561 4056 1630 4110 25
1778 4055 1842 4111 cf.
1884 4054 2080 4124 Ephe&
2121 4056 2169 4118 2,
2201 4055 2233 4108 2

548 4198 572 4250 1
617 4197 968 4250 attolerantia
1010 4197 1058 4252 C
1215 4200 1247 4252 5
1286 4197 1386 4250 deo
1433 4198 1478 4251 G
1510 4197 1727 4251 domino
1766 4197 1798 4250 b
1954 4198 1987 4250 6
2026 4196 2116 4266 ad]
2160 4195 2228 4250 ab
2268 4197 2299 4249 b
2454 4196 2489 4249 8
2527 4196 2699 4249 credit
2735 4197 2768 4249 b

474 4286 776 4355 clanguerit
811 4286 955 4341 Hier
1084 4289 1150 4340 14
1188 4291 1439 4356 operatur
1475 4303 1576 4341 om.
1624 4286 1669 4340 G
1794 4288 1859 4341 16
1898 4286 2013 4355 sed]
2053 4288 2100 4339 si
2145 4286 2224 4340 Cb
2354 4287 2418 4339 19
2457 4302 2553 4354 pro
2590 4302 2691 4339 om.
2733 4286 2772 4339 d

475 4378 542 4428 22
581 4392 767 4428 uersus
810 4374 858 4428 0
960 4376 1030 4429 23
1068 4380 1251 4443 aperte
1295 4374 1375 4428 Cb
1483 4376 1553 4428 24
1593 4375 1847 4429 adoratur
1890 4374 1937 4428 0
2041 4376 2109 4428 25
2151 4374 2378 4444 olphatu
2421 4374 2469 4428 C
