3076 4976
939 451 1470 506 Adnotationnm
1513 452 1573 505 in
1615 451 1730 504 Iob
1769 451 1945 504 liber
1982 451 2023 505 1.
2503 455 2626 518 561

328 649 479 712 erit
529 648 745 713 homo
795 649 1051 712 iustus
1102 667 1347 711 coram
1398 648 1739 712 domino?
1789 667 1936 731 ergo
1986 648 2153 712 iuste
2204 667 2350 712 eum
2398 650 2631 714 tentari

327 755 664 838 permittit.
706 757 831 819 uel
880 754 1248 837 quomodo
1298 773 1374 819 se
1424 755 1818 819 mundabit
1866 759 2089 819 natus
2138 774 2217 819 ex
2264 757 2629 821 muliere?

328 862 453 926 nisi
520 862 685 925 enim
737 880 770 924 a
820 861 934 926 deo
992 862 1337 925 mundatus
1406 862 1616 938 fuerit,
1684 861 2031 926 inmundus
2098 866 2217 927 est.
2284 863 2346 926 si
2410 865 2628 929 lunae

327 969 723 1053 praecipit,
792 973 867 1032 et
929 989 1067 1033 non
1134 969 1371 1032 lucet:
1442 968 1738 1049 quoniam
1801 968 1855 1031 si
1924 968 2177 1052 exigant
2239 971 2515 1035 rationes
2565 977 2630 1036 et

254 1103 282 1139 ⁵
328 1077 478 1141 ordo
545 1076 980 1158 prouidentiae
1040 1075 1269 1157 ipsiuS,
1328 1080 1402 1140 ut
1458 1077 1608 1140 luna
1665 1095 1785 1139 non
1844 1077 2073 1152 luceat,
2133 1076 2496 1158 praecipiet,
2555 1082 2631 1142 ut

325 1204 446 1248 non
493 1185 725 1255 luceat,
777 1187 841 1248 et
876 1203 998 1246 non
1037 1184 1299 1248 lucebit.
1353 1182 1462 1246 sed
1512 1187 1747 1264 quare?
1799 1185 2011 1246 utrum
2050 1181 2196 1246 inde
2235 1184 2382 1247 uult
2419 1183 2623 1248 uideri

324 1311 448 1355 non
497 1291 799 1355 mundam
848 1292 1062 1354 lunam
1102 1309 1313 1354 coram
1353 1310 1448 1362 eo,
1492 1290 1641 1372 quia
1676 1290 1987 1372 praecipit
2025 1290 2103 1366 ei,
2145 1294 2211 1355 et
2248 1311 2366 1355 non
2403 1292 2625 1356 lucet?

324 1418 401 1461 an
450 1398 610 1463 forte
656 1397 982 1462 rationalis
1031 1397 1274 1461 animae
1332 1401 1554 1461 natura
1602 1396 1873 1480 figurate
1922 1396 2026 1460 hic
2080 1397 2460 1474 insinuatur,
2523 1399 2626 1462 cui

324 1505 422 1568 sol
468 1504 907 1587 intellegibilis
949 1505 1048 1567 est
1092 1504 1341 1568 lumen
1391 1503 1591 1567 illud
1639 1522 1918 1578 uerum,
1970 1504 2166 1585 quod
2212 1504 2628 1570 inluminat

220 1637 282 1676 ιο
322 1630 603 1676 omnem
653 1611 1073 1674 hominem?
1115 1613 1179 1674 et
1207 1610 1500 1692 quoniam
1531 1613 1708 1673 tanto
1739 1611 1942 1694 magis
1972 1611 2146 1676 lucet
2181 1611 2332 1675 luna
2360 1613 2622 1676 terrenis

323 1718 709 1799 aspectibuS,
751 1720 982 1799 quanto
1020 1716 1225 1801 magis
1263 1717 1504 1781 recedit
1541 1735 1577 1779 a
1615 1719 1766 1786 sole,
1811 1737 1956 1781 cum
1995 1720 2207 1782 autem
2245 1720 2624 1802 propinquat

321 1825 464 1898 soli,
513 1825 896 1888 interimitur
940 1824 1157 1887 terris:
1206 1824 1657 1907 intellegamus
1698 1824 1939 1888 animae
1979 1824 2287 1889 diuinitus
2325 1826 2622 1909 praecipi,

320 1936 395 1993 ut
469 1935 765 2012 superata
829 1931 1164 1994 natiuitate
1229 1934 1479 1994 terrena
1543 1936 1732 2012 atque
1797 1932 2070 2008 mortali,
2138 1951 2262 2013 qua
2328 1932 2624 2014 splendor

320 2039 459 2101 eius
509 2038 768 2120 adparet
815 2041 1056 2101 terreno
1108 2056 1296 2102 sensu
1345 2037 1733 2114 uidentibuS,
1786 2038 2083 2121 adpareat
2131 2041 2194 2102 et
2237 2039 2621 2120 propinquet

217 2171 278 2210 ιε.
322 2144 827 2228 subiugeturque
886 2145 1251 2226 sapientiae,
1303 2164 1428 2227 quo
1480 2145 1616 2208 eius
1663 2145 1807 2209 luce
1856 2144 2283 2209 secretissime
2333 2147 2616 2212 exultans

318 2256 543 2314 caueat
618 2251 863 2315 facere
939 2251 1323 2315 iustitiam
1399 2271 1580 2315 suam
1658 2270 1903 2316 coram
1979 2250 2449 2328 hominibus,
2530 2255 2620 2316 ut

317 2357 676 2420 uideatur
705 2356 787 2420 ab
822 2357 964 2433 eis,
998 2357 1110 2420 sed
1141 2377 1285 2421 cum
1318 2358 1727 2441 gloriatur,
1759 2357 1830 2421 in
1873 2357 2165 2422 domino
2208 2358 2612 2441 glorietur,

312 2463 461 2546 quia
520 2467 583 2528 et
641 2482 782 2528 cum
843 2463 1101 2546 adparet
1156 2464 1540 2531 hominibus,
1593 2464 1755 2529 dono
1805 2465 2104 2530 creatoris
2155 2464 2432 2547 adparet.
2481 2484 2615 2531 nec

312 2572 587 2635 stellae
640 2575 815 2635 sunt
863 2571 1175 2635 mundae
1225 2575 1397 2636 ante
1447 2591 1644 2636 eum:
1696 2572 1755 2635 in
1807 2572 2272 2654 comparatione
2322 2572 2486 2636 eiuS.

207 2706 270 2744 ρο
405 2679 634 2742 XXVI.
694 2678 903 2743 Verba
959 2678 1092 2742 Iob.
1154 2679 1272 2742 cui
1333 2679 1507 2743 ades
1567 2681 1687 2743 uel
1747 2698 1958 2760 quem
2019 2679 2425 2742 adiuturus
2487 2684 2612 2743 es?

312 2804 458 2848 cum
518 2786 850 2869 indignans
909 2788 1232 2867 tamquam
1281 2785 1636 2849 iniustitiae
1686 2805 1902 2851 eorum
1950 2788 2206 2868 putaret
2253 2804 2360 2849 eos
2410 2803 2444 2846 a
2494 2785 2610 2849 deo

307 2891 683 2974 puniendos,
732 2911 952 2955 uerum
1004 2892 1125 2955 sibi
1174 2893 1309 2973 ipse
1355 2892 1622 2974 loquens
1672 2912 1739 2957 se
1787 2893 1999 2974 ipsum
2047 2895 2325 2968 reuocat,
2374 2895 2449 2955 ut
2496 2890 2610 2955 deo

307 2999 524 3080 potius
583 2998 864 3062 dimittat
918 2998 1227 3063 iudicium
1287 3018 1523 3073 eorum,
1583 3018 1657 3063 ne
1716 3004 1827 3062 aut
1884 2999 2102 3062 adesse
2153 2999 2268 3062 deo
2319 2998 2614 3061 uideatur

308 3109 421 3167 aut
478 3105 777 3169 adiuuare
838 3125 981 3170 eum
1039 3107 1205 3169 uelle
1266 3106 1446 3186 quasi
1504 3106 1858 3170 inualidum
1909 3105 1985 3168 ad
2035 3104 2454 3169 cohercendos
2505 3104 2610 3167 uel

200 3241 266 3280 25
308 3212 715 3295 comigendos
766 3212 1053 3276 homines
1102 3216 1213 3275 aut
1261 3213 1598 3276 consilium
1649 3212 1812 3288 dare,
1865 3212 2016 3294 quid
2063 3231 2209 3275 cum
2256 3211 2385 3274 illis
2427 3214 2607 3293 agat;

304 3322 418 3383 aut
474 3318 654 3399 sequi
712 3338 877 3384 eum.
935 3322 1258 3399 tamquam
1318 3319 1737 3382 adsecuturos
1797 3338 2050 3382 causam
2112 3336 2301 3399 quare
2352 3317 2606 3380 dolosos

305 3425 594 3489 homines
646 3444 784 3489 esse
835 3428 897 3489 et
945 3425 1163 3489 uiuere
1210 3426 1508 3507 patiatur,
1561 3444 1706 3489 cum
1748 3429 2004 3508 superet
2042 3444 2289 3488 omnem
2331 3423 2604 3487 animam

301 3535 708 3612 quaerentem
775 3530 1011 3595 uirtute
1075 3531 1734 3614 incomprehensibili3
1804 3535 1914 3595 aut
1981 3531 2164 3613 quasi
2237 3529 2604 3593 adnuntiare

482 3723 514 3775 2
554 3721 650 3775 Iob
692 3723 776 3781 25,
816 3725 850 3775 4
979 3724 1010 3777 3
1048 3723 1143 3775 Iob
1185 3726 1269 3785 25,
1311 3726 1342 3777 5
1474 3724 1505 3775 9
1547 3723 1612 3776 cf.
1652 3723 1766 3779 Ioh.
1815 3725 1858 3789 l,
1898 3725 1930 3775 9
2044 3724 2109 3776 16
2148 3722 2212 3775 cf.
2251 3721 2447 3776 Matth.
2490 3724 2538 3783 6,
2576 3724 2598 3775 l

303 3813 368 3866 17
412 3812 477 3867 cf.
517 3811 543 3863 I
583 3810 703 3865 Cor.
748 3813 793 3877 1,
833 3814 897 3866 31
1017 3812 1081 3865 18
1121 3811 1217 3865 Iob
1257 3814 1342 3874 25,
1383 3814 1415 3865 5
1526 3813 1596 3866 20
1634 3811 1731 3864 Iob
1773 3813 1858 3873 26,
1899 3813 1931 3865 2

374 3936 402 3989 1
444 3935 617 3988 iustus
657 3936 814 3988 homo
860 3936 907 3990 G
1010 3937 1043 3988 2
1080 3936 1367 3989 inundauit
1410 3935 1656 3989 GTPCI)
1765 3938 1799 3989 4
1835 3936 1974 3990 lucit
2013 3934 2056 3988 S
2161 3936 2192 3989 5
2233 3935 2529 4004 praecipiat
2570 3936 2599 3989 b

293 4027 330 4078 6
371 4041 476 4076 non
518 4024 614 4077 alt.
646 4041 746 4078 om.
786 4026 830 4078 C
937 4025 1134 4095 utrum]
1176 4043 1361 4079 uerum
1397 4026 1535 4079 GPb
1614 4027 1679 4079 10
1717 4027 1845 4079 luna
1885 4027 2031 4079 lucet
2069 4024 2292 4078 :1¹1³de
2369 4026 2432 4079 15
2473 4024 2599 4078 sub-

294 4114 659 4182 iungeturque
705 4115 750 4167 (J
891 4115 1253 4169 secretissima
1290 4115 1320 4168 b
1439 4116 1501 4167 16
1542 4119 1604 4169 ut
1642 4120 1832 4169 caueat
1876 4114 1926 4168 G
2073 4131 2250 4167 coram
2288 4114 2598 4167 hominibus

291 4219 400 4256 om.
447 4203 498 4256 G
648 4204 711 4256 19
751 4204 898 4257 stille
936 4202 982 4257 S
1125 4204 1272 4271 ante]
1316 4202 1458 4272 apud
1497 4203 1627 4256 Pbd
1769 4204 1836 4256 20
1876 4203 2041 4256 addes
2087 4201 2133 4255 0
2265 4203 2325 4254 21
2373 4202 2416 4254 si
2457 4206 2596 4254 tam—

296 4310 458 4361 quam
505 4291 556 4345 G
699 4293 944 4345 institiae
982 4292 1038 4345 P
1125 4293 1192 4345 22
1230 4293 1371 4361 ipse]
1412 4292 1517 4361 ipsi
1550 4292 1579 4345 b
1673 4292 1742 4345 23
1783 4295 1877 4345 aut
1916 4308 2016 4347 om.
2054 4291 2104 4343 G
2179 4292 2246 4344 24
2287 4295 2381 4343 aut
2419 4307 2520 4344 om.
2558 4291 2603 4344 C

293 4380 618 4435 coercendos
658 4381 731 4434 bd
837 4382 904 4435 28
945 4381 1200 4434 uirtutem
1242 4381 1837 4450 incomprehensibilem
1884 4380 1934 4435 G

354 4505 547 4545 xxvm
576 4506 693 4555 Αιις.
726 4511 834 4545 sect.
863 4507 934 4546 111
962 4517 1067 4556 pars
1089 4507 1112 4545 3
2382 4487 2449 4541 36
