3076 4976
169 1662 209 1698 10

168 2195 211 2234 15

176 3263 216 3299 25

635 480 1114 545 Quaestionum
1153 479 1266 534 lib.
1306 479 1334 531 1
1376 478 1652 544 (Quaest
1691 477 1764 531 de
1805 477 2098 544 Genesi).
2438 483 2519 545 65

240 678 289 740 si
334 676 497 741 enim
546 676 765 740 decem
815 678 878 738 et
924 678 1169 757 septem
1219 692 1525 738 annorum
1573 673 1698 736 fuit
1742 677 1889 755 post
1935 676 2206 737 mortem
2254 674 2361 737 aui
2400 675 2521 754 sui,

238 783 475 864 quaudo
523 787 705 863 pater
770 782 905 846 eius
972 785 1227 846 centum
1294 780 1525 863 uiginti
1594 780 1736 857 fuit,
1807 779 2087 862 profecto
2154 798 2314 844 anno
2384 782 2520 846 eius

236 890 556 973 trigesimo
608 893 673 952 et
723 907 904 966 nono,
952 888 1201 970 quando
1250 887 1436 950 Iacob
1486 887 1666 950 uenit
1712 887 1774 950 in
1822 887 2208 968 Aegyptum,
2268 893 2522 953 centum

238 996 651 1079 quadraginta
698 995 855 1060 duos
903 1014 1098 1059 annos
1145 994 1313 1058 idem
1361 993 1550 1058 Iacob
1602 1012 1785 1076 agere
1836 993 2090 1068 debuit;
2141 993 2264 1057 fuit
2310 1001 2523 1061 autem

236 1109 378 1165 tunc
424 1103 616 1166 Iacob
669 1106 922 1167 centum
980 1100 1262 1183 triginta.
1313 1119 1383 1163 ac
1432 1119 1543 1180 per
1592 1100 1730 1175 hoc,
1782 1099 1835 1163 si
1895 1098 2113 1163 decem
2161 1103 2224 1163 et
2280 1110 2524 1183 septem

238 1229 529 1274 annorum
593 1208 827 1291 Ioseph
893 1207 955 1270 in
1019 1207 1383 1289 Aegyptum
1434 1210 1537 1270 est
1598 1205 1916 1284 uenditu8‚
1983 1209 2128 1270 ante
2191 1207 2524 1274 duodecim

239 1334 423 1380 annos
472 1335 665 1398 quam
726 1317 1074 1379 moreretur
1128 1332 1289 1377 auus
1350 1313 1489 1376 eius
1549 1313 1845 1376 uenditus
1901 1312 2242 1380 inuenitur.
2303 1316 2518 1381 decem

240 1423 393 1485 enim
442 1426 507 1487 et
555 1426 806 1505 septem
853 1439 1154 1485 annorum
1203 1439 1344 1483 esse
1392 1438 1513 1483 non
1563 1419 1775 1502 potuit
1821 1419 1948 1483 nisi
1997 1425 2142 1483 ante
2194 1423 2527 1487 duodecim

240 1548 422 1594 annos
482 1530 710 1594 mortis
777 1529 957 1592 Isaac
1024 1526 1373 1591 centesimo
1442 1529 1505 1589 et
1571 1531 1798 1591 octauo
1866 1546 2024 1590 anno
2093 1528 2263 1592 uitae
2328 1531 2526 1610 patris

239 1635 331 1698 sui
392 1636 607 1699 Iacob.
675 1635 774 1698 his
843 1633 1011 1696 euim
1078 1652 1224 1696 cum
1290 1632 1707 1697 adiecerimus
1776 1631 2007 1716 uiginti
2073 1634 2231 1697 duos
2300 1655 2516 1712 annOS,

240 1740 458 1821 quibus
507 1740 741 1822 loseph
790 1758 992 1820 usque
1041 1739 1120 1801 ad
1167 1739 1512 1802 aduentum
1562 1738 1759 1821 patris
1810 1738 1910 1802 sui
1949 1739 2073 1802 fuit
2109 1740 2171 1804 in
2211 1742 2522 1825 Aegypte,

240 1847 383 1910 fient
448 1847 684 1912 aetatis
760 1846 902 1912 anni
967 1845 1197 1926 Ioseph
1265 1838 1526 1928 triginta
1592 1863 1820 1909 nouem
1889 1850 1954 1910 et
2016 1847 2202 1910 Iacob
2270 1852 2522 1912 centum

239 1954 490 2037 triginta
552 1958 618 2018 et
666 1954 843 2017 nulla
905 1952 1023 2015 erit
1088 1952 1395 2032 quaestio.
1465 1951 1577 2014 sed
1642 1952 1939 2033 quoniam
2007 1953 2319 2035 scriptura
2383 1959 2530 2037 post

241 2062 497 2123 mortem
547 2060 728 2124 Isaac
775 2058 900 2122 ista
947 2036 1243 2134 narrauit,
1294 2059 1560 2139 putatur
1606 2057 1831 2140 Ioseph
1881 2062 2029 2140 post
2089 2059 2372 2124 eiusdem
2422 2062 2523 2124 aui

242 2167 336 2229 sui
408 2169 685 2230 mortem
766 2165 983 2228 decem
1050 2168 1115 2228 et
1178 2169 1423 2245 septem
1491 2183 1796 2229 annorum
1864 2166 2084 2231 fuisse.
2152 2172 2530 2250 quapropter

242 2273 685 2357 intellegamus
736 2272 814 2336 de
863 2271 1000 2334 uita
1044 2271 1221 2335 Isaac
1284 2273 1609 2353 tamquam
1665 2271 1939 2335 multum
2000 2274 2302 2354 decrepiti
2360 2276 2527 2339 senis

243 2379 512 2443 tacuisse
555 2379 958 2461 scripturam,
1002 2397 1147 2443 cum
1188 2378 1311 2442 iam
1354 2377 1429 2442 de
1472 2378 1655 2441 Iacob
1693 2381 1755 2441 et
1782 2378 1918 2443 eius
1952 2379 2101 2443 filiis
2132 2380 2525 2462 loqueretur3

245 2487 385 2553 uiuo
460 2494 676 2581 tamen
753 2487 931 2552 Isaac
1008 2488 1227 2552 decem
1304 2490 1368 2550 et
1431 2492 1674 2569 septem
1743 2507 2047 2551 annorum
2114 2506 2252 2552 esse
2319 2490 2530 2570 coepit

244 2593 486 2677 Ioseph.

328 2702 614 2767 CXXIII.
658 2700 840 2781 Quod
881 2701 1037 2765 dicit
1072 2701 1260 2764 Iacob
1302 2702 1381 2764 ad
1418 2701 1683 2782 Ioseph:
1726 2701 1931 2782 quod
1971 2703 2097 2764 est
2134 2701 2525 2766 somnium

248 2808 381 2872 hoc
428 2809 646 2891 quod
683 2808 1165 2872 somniasti?
1206 2808 1591 2890 numquid
1631 2807 2069 2872 uenientes
2109 2808 2527 2873 ueniemus

249 2934 379 2997 ego
427 2920 504 2979 et
568 2918 823 2979 mater
889 2918 1025 2979 tua
1073 2919 1151 2978 et
1215 2914 1520 2978 fratres
1591 2915 1713 2978 tui
1781 2915 2117 2980 adorare
2165 2919 2242 2978 te
2292 2935 2532 2997 super

248 3025 580 3086 terram?
630 3022 752 3085 nisi
798 3023 860 3085 in
910 3022 1120 3104 aliquo
1170 3022 1469 3105 mysterio
1520 3022 1764 3085 dictum
1805 3020 2170 3103 accipiatur,
2212 3022 2528 3103 quomodo

248 3128 642 3212 intellegitur
688 3130 763 3192 de
811 3132 1011 3192 matre
1075 3129 1324 3211 Ioseph,
1391 3147 1550 3211 quae
1617 3130 1742 3192 iam
1810 3132 1941 3192 erat
2005 3128 2301 3194 mortua?
2368 3129 2529 3192 unde

251 3253 362 3298 non
410 3236 471 3298 in
522 3236 839 3320 AegyptO,
890 3255 1035 3300 cum
1102 3236 1572 3311 sublimaretur,
1640 3235 1992 3316 putandum
2060 3238 2160 3299 est
2205 3236 2322 3299 hoc
2390 3255 2530 3299 esse

252 3343 650 3423 completum,
682 3343 832 3424 quia
867 3362 981 3406 nec
1019 3346 1196 3424 pater
1233 3361 1378 3405 eum
1418 3342 1726 3417 adorauit,
1767 3341 2015 3424 quando
2056 3341 2133 3405 ad
2174 3360 2318 3404 eum
2358 3342 2534 3405 uenit

249 3445 307 3509 in
352 3448 737 3532 Aegyptum,
786 3468 899 3513 nec
946 3455 1147 3513 mater
1194 3449 1345 3514 olim
1395 3448 1696 3513 defuncta
1741 3448 1969 3531 potuit.
2010 3448 2072 3511 in
2106 3447 2339 3512 Christi
2382 3468 2530 3531 ergo

252 3571 506 3631 persona
574 3531 757 3619 fa'cile
823 3555 1104 3638 intellegi
1167 3559 1383 3637 potest
1446 3556 1638 3619 etiam
1709 3556 1782 3618 de
1850 3554 2117 3619 mortuis
2183 3554 2532 3618 secundum

254 3657 422 3736 illud,
473 3663 644 3743 quod
692 3662 848 3726 dicit
896 3663 1246 3744 apostoluS,
1296 3662 1443 3744 quia
1493 3662 1833 3726 donauit
1880 3661 1950 3725 ei
1999 3680 2275 3725 nomen
2326 3660 2533 3743 quod

182 3769 371 3832 mest
415 3786 665 3848 super
730 3786 950 3831 omne
1016 3786 1315 3841 nomen,
1385 3771 1472 3830 ut
1537 3766 1610 3830 in
1681 3767 1996 3831 nomine
2061 3766 2245 3830 Iesu
2314 3785 2531 3829 omne

421 3994 493 4047 ΞΟ
532 3991 663 4047 Gen.
702 3992 788 4055 37,
833 3993 897 4045 10
1006 3992 1074 4045 29
1113 3992 1351 4062 Philipp.
1392 3994 1442 4056 2,
1483 3994 1532 4045 9.
1576 3993 1641 4045 10

327 4134 350 4186 1
391 4151 649 4188 annorum
688 4134 796 4187 fuit
833 4150 934 4188 οηι.
972 4134 1035 4188 Ν
1176 4134 1283 4188 fuit
1321 4151 1423 4188 om.
1462 4133 1510 4189 S
1617 4137 1645 4189 7
1687 4140 1987 4189 moraretur
2023 4135 2077 4187 P
2217 4132 2458 4187 uinditus
2494 4132 2540 4185 G

261 4222 291 4273 9
325 4224 650 4278 centensimo
694 4224 742 4277 C
884 4226 946 4277 11
998 4222 1067 4277 ad
1105 4239 1207 4278 om.
1253 4223 1319 4277 0¹
1499 4228 1741 4295 aegyptu
1785 4225 1832 4278 C
1976 4225 2040 4278 13
2090 4225 2194 4276 erit
2229 4239 2295 4276 ex
2332 4226 2450 4274 erat
2494 4220 2540 4273 Ο

266 4312 324 4364 18
359 4314 593 4383 coepisse
627 4312 697 4365 N
801 4313 868 4366 20
908 4312 1044 4366 dixit
1082 4313 1113 4365 b
1223 4312 1287 4365 21
1332 4314 1616 4367 uenientes
1654 4330 1694 4368 s.
1738 4315 1773 4370 l.
1813 4332 1880 4367 m.
1921 4317 1961 4367 2
2003 4313 2049 4367 C
2153 4313 2221 4365 22
2260 4311 2440 4363 fratris
2488 4309 2538 4364 V

263 4397 324 4452 25
360 4404 485 4470 non]
523 4419 621 4455 nec
658 4401 962 4455 PSNVTb
1108 4402 1399 4471 aegyptum
1447 4403 1490 4455 G
1599 4404 1666 4457 28
1705 4410 1936 4473 persona
1979 4405 2024 4456 0

345 4526 530 4567 xxvm
559 4528 676 4578 Aug.
707 4531 818 4567 seez.
848 4528 918 4567 111
945 4539 1050 4577 pm
1079 4529 1103 4566 s
2325 4508 2356 4558 5
