3076 4976
456 470 583 533 442
1158 466 1211 518 S.
1269 465 1545 519 Aureli
1603 465 2037 533 Augustini

455 681 675 725 uerum
747 660 849 731 sit,
912 678 1054 722 cum
1124 659 1414 723 detribu
1482 660 1620 723 Dan
1688 657 1980 738 superius
2048 657 2356 738 scriptum
2423 657 2526 733 sit,
2578 659 2745 740 quod

373 772 380 778 “
453 788 561 832 eos
630 769 845 832 hostes
914 786 1129 829 eorum
1195 784 1319 830 non
1385 765 1786 849 permiserint
1849 764 2221 828 descendere
2277 765 2338 827 in
2390 765 2622 829 uallem
2682 771 2745 830 et

452 872 918 956 praeualuerint
953 873 1049 936 eis
1074 872 1137 935 in
1167 872 1510 937 montibus,
1544 871 1655 936 sed
1682 870 1848 954 quod
1890 871 2183 947 diximuS,
2225 890 2366 935 cum
2410 870 2743 937 duodecim

453 981 617 1045 filios
674 980 864 1044 Iacob
916 979 1228 1061 scriptura
1283 979 1345 1043 in
1402 978 1869 1060 Mesopotamia
1925 982 2107 1041 natos
2165 983 2742 1055 commemorasset,

452 1088 562 1152 ubi
611 1107 732 1151 non
779 1087 985 1150 fuerat
1034 1090 1218 1150 natus
1275 1085 1625 1163 Beniamin,
1674 1084 1793 1149 hoc
1845 1084 2035 1148 etiam
2085 1084 2189 1148 hic
2244 1085 2740 1169 intellegendum
2809 1107 2837 1146 ε»

453 1196 570 1261 est.
621 1193 768 1274 quia
814 1211 923 1273 pro
973 1191 1269 1256 uniuerso
1319 1192 1555 1274 populo
1604 1191 1897 1255 undecim
1944 1190 2150 1254 tribus
2200 1190 2537 1272 deputatae
2595 1197 2745 1256 sunt

450 1319 525 1363 ea
572 1300 811 1382 regula,
862 1317 1024 1381 quae
1073 1297 1215 1363 aliis
1274 1298 1726 1380 scripturarum
1784 1296 1942 1361 locis
1992 1297 2172 1360 nobis
2232 1297 2388 1361 satis
2445 1298 2742 1362 innotuit.

453 1425 647 1469 causa.
703 1409 915 1469 autem
965 1404 1020 1469 si
1079 1406 1417 1487 quaeritur,
1470 1424 1581 1468 cur
1627 1405 1780 1468 haec
1839 1403 2044 1467 tribus
2092 1403 2155 1467 in
2214 1423 2286 1467 ea
2335 1409 2524 1471 sorte.
2582 1424 2741 1486 quae

447 1513 542 1576 illi
610 1512 888 1588 obuenit,
963 1532 1083 1576 non
1151 1511 1495 1574 obtinuerit
1561 1510 1951 1575 sufficientes
2019 1513 2218 1574 terras
2286 1515 2349 1574 et
2414 1512 2490 1574 ab
2559 1511 2649 1574 eis
2708 1530 2743 1574 a

449 1619 680 1701 quibus
728 1617 1108 1682 tenebantur
1156 1617 1407 1682 adflicta
1456 1618 1559 1691 sit,
1609 1617 1671 1680 in
1722 1617 1821 1681 dei
1871 1616 2125 1698 quidem
2175 1621 2417 1682 secreto
2475 1617 2738 1681 consilio
2781 1639 2838 1678 ιο

449 1745 588 1789 esse
655 1724 1035 1789 credendum
1111 1728 1226 1791 est.
1297 1743 1519 1789 uerum
1596 1729 1804 1788 tamen
1875 1744 2019 1789 cum
2087 1724 2275 1788 Iacob
2353 1724 2519 1789 filios
2587 1743 2738 1789 suos

447 1832 866 1908 benediceret,
923 1831 1077 1895 talia
1127 1830 1284 1894 dixit
1339 1830 1413 1894 de
1461 1831 1587 1894 isto
1640 1831 1814 1907 Dan,
1862 1834 1936 1895 ut
1985 1830 2059 1895 de
2106 1831 2246 1912 ipsa
2303 1830 2473 1894 tribu
2530 1831 2739 1895 existi-

447 1942 655 2002 metur
699 1941 1173 2003 exsurrecturus
1221 1937 1675 2002 Antichristus.
1726 1937 1891 2001 unde
1941 1957 2104 2001 nunc
2151 1937 2333 2020 plura
2375 1937 2578 2002 dicere
2618 1958 2737 2002 non

446 2046 868 2128 suscepimus
938 2064 1080 2107 cum
1131 2044 1320 2108 etiam
1370 2044 1459 2107 sic
1510 2044 1675 2109 solui
1741 2045 1947 2126 possit
1993 2044 2147 2108 haec
2212 2045 2523 2126 quaestiO,
2592 2044 2738 2127 quia

448 2173 586 2217 non
625 2152 927 2216 restitit
967 2151 1365 2232 quisquam
1404 2154 1574 2214 ante
1614 2152 1878 2214 faciem
1923 2151 2228 2215 illorum
2268 2150 2352 2214 ab
2395 2151 2734 2214 omnibus
2773 2174 2831 2212 ιε

445 2258 778 2322 inimicis
829 2277 1097 2334 eorum,
1148 2277 1292 2321 cum
1341 2256 1537 2320 simul
1587 2257 1705 2321 sub
1746 2257 1934 2320 unius
1975 2257 2154 2321 ducis
2193 2257 2456 2339 imperio
2495 2256 2734 2321 bellum

445 2368 748 2448 gererent,
808 2368 1141 2446 autequam
1196 2364 1465 2447 singulis
1527 2363 1822 2427 tribubus
1882 2382 1997 2427 sua
2055 2363 2439 2427 defendenda
2496 2364 2733 2428 diuide-

443 2476 657 2536 rentur
702 2472 860 2535 loca.

534 2578 770 2644 XXIII.
832 2579 918 2641 Et
967 2578 1037 2641 in
1089 2577 1510 2642 sacrificiis
1571 2577 2024 2641 salutarium
2081 2581 2527 2642 nostrorum.
2588 2578 2733 2660 quia

442 2684 774 2766 pluraliter
822 2685 990 2748 dicta
1039 2687 1186 2748 sunt
1244 2684 1569 2760 sacrificia,
1619 2684 1949 2767 pluraliter
1996 2684 2186 2748 etiam
2243 2684 2565 2748 salutaria.
2625 2684 2730 2747 ubi
2766 2708 2827 2749 eo

445 2790 899 2854 aduertendum
950 2795 1049 2855 est
1096 2790 1489 2874 diligentius,
1542 2791 2074 2872 quemadmodum
2124 2791 2248 2854 dici
2298 2792 2500 2855 soleat
2547 2791 2734 2856 sacri-

441 2896 653 2960 ficium
714 2897 1031 2971 salutariS,
1094 2897 1408 2978 quoniam,
1460 2898 1513 2960 si
1565 2896 1892 2963 Christum
1949 2898 2379 2980 acceperimus
2435 2897 2727 2980 quoniam

440 3004 577 3084 ipse
626 3002 836 3067 dictus
895 3007 992 3067 est
1057 3005 1393 3067 salutare
1462 3004 1601 3081 dei,
1669 3023 1789 3068 non
1860 3006 2133 3069 occurrit
2197 3005 2731 3085 quemadmodum

442 3109 771 3192 pluraliter
817 3111 1024 3192 possit
1070 3110 1189 3174 hoc
1236 3110 1501 3174 uerbum
1552 3111 1866 3194 intellegi·,
1925 3131 2114 3175 unus
2164 3112 2326 3174 enim
2388 3111 2727 3176 dominus

441 3219 654 3280 noster
720 3217 935 3281 Iesus
1006 3217 1378 3282 Christus.
1451 3218 1746 3298 quamuis
1805 3217 2096 3281 dicantur
2151 3217 2369 3282 christi
2426 3237 2538 3300 per
2593 3218 2729 3282 eius
2766 3241 2824 3280 τε

441 3324 731 3407 gratiam,
782 3323 952 3388 sicut
996 3324 1059 3387 in
1106 3325 1351 3406 psalmo
1408 3324 1672 3407 legitur:
1731 3325 1970 3388 nolite
2028 3329 2335 3408 tangere
2394 3325 2726 3389 christos

439 3449 671 3506 meos3
741 3430 853 3494 sed
919 3433 1131 3494 utrum
1199 3431 1509 3495 salutares
1561 3431 1684 3494 dici
1751 3431 2000 3512 possint
2067 3431 2170 3495 uel
2234 3430 2557 3506 salutaria,
2607 3450 2726 3495 non

437 3536 623 3601 facile
681 3537 1043 3601 audendum
1094 3540 1220 3613 est3
1281 3539 1457 3603 solus
1518 3539 1682 3602 enim
1739 3538 1904 3619 ipse
1963 3539 2306 3602 saluator
2362 3538 2724 3619 corporis.

621 3730 643 3781 1
679 3728 744 3784 cf.
774 3727 882 3782 Ios.
917 3730 999 3786 19.
1030 3730 1100 3782 48
1133 3731 1245 3794 (47)
1375 3730 1407 3782 3
1439 3729 1505 3784 cf.
1540 3732 1746 3797 quaest.
1777 3728 1841 3782 de
1875 3728 2004 3784 Gen.
2038 3734 2246 3797 quaest.
2277 3727 2472 3782 CXVII
2503 3745 2626 3798 pag.
2658 3729 2728 3783 58

435 3832 552 3883 sqq.
694 3818 758 3870 12
799 3817 864 3869 cf.
906 3816 1035 3870 Gen.
1075 3819 1160 3879 49,
1206 3819 1268 3871 17
1413 3819 1476 3871 19
1514 3818 1620 3870 IoS.
1662 3819 1750 3879 22,
1788 3818 1853 3870 27
1988 3819 2056 3872 23
2095 3819 2223 3871 Luc.
2265 3819 2314 3876 2.
2354 3817 2423 3871 30
2552 3819 2619 3871 24
2658 3817 2724 3871 cf.

435 3904 461 3956 Ι
504 3902 623 3957 Cor.
663 3905 715 3970 8,
755 3907 786 3959 6
898 3907 964 3958 ⁸26
1004 3905 1092 3958 Ps.
1136 3907 1255 3968 104,
1298 3908 1362 3959 15
1472 3907 1542 3959 28
1581 3906 1776 3976 Ephes.
1817 3909 1866 3970 5,
1907 3907 1976 3960 23

513 4028 535 4080 1
579 4027 720 4095 Dan]
762 4028 868 4097 gad
904 4028 1121 4081 PSNV
1285 4031 1317 4082 2
1357 4031 1717 4098 permiserunt
1763 4030 1834 4082 V¹
2005 4031 2039 4083 3
2078 4029 2499 4098 praeualuerunt
2534 4029 2731 4083 PV¹T

434 4117 467 4169 5
505 4133 612 4168 non
651 4132 751 4170 om.
791 4117 845 4170 P
960 4120 991 4170 6
1032 4120 1135 4187 est]
1173 4119 1246 4170 sit
1282 4119 1451 4171 PVT
1594 4119 1841 4188 deputati
1891 4118 1942 4171 V
2054 4120 2087 4172 8
2126 4121 2237 4187 cur]
2280 4127 2343 4172 cn
2389 4119 2436 4171 V
2555 4121 2587 4174 9
2627 4118 2722 4172 ob-

434 4205 602 4257 tinuit
650 4204 701 4257 V
875 4207 940 4261 13
998 4205 1175 4259 dicere
1222 4207 1378 4275 plura
1417 4206 1492 4260 bd
1674 4209 1737 4261 14
1794 4208 2113 4276 suscipimus
2149 4207 2314 4275 PSd3
2353 4208 2421 4276 cs.
2460 4224 2580 4277 sup.
2622 4206 2720 4261 loc.

432 4297 617 4362 potest
654 4293 710 4346 P
818 4297 881 4348 15
919 4296 1127 4348 resistit
1165 4312 1230 4350 ex
1267 4296 1470 4349 restitit
1505 4296 1560 4348 P
1670 4297 1733 4349 17
1772 4297 1828 4349 in
1866 4296 2095 4365 singulis
2135 4296 2181 4350 S
2323 4295 2637 4350 uiderentur
2664 4295 2721 4348 N

431 4384 503 4436 20
542 4383 728 4452 ctiam]
765 4400 893 4447 uero
944 4383 992 4435 V
