3076 4976
590 449 1068 515 Quaestionum
1106 451 1217 504 lib.
1258 450 1314 504 II
1356 450 1646 517 (Quaest.
1688 451 1763 505 de
1801 452 2056 514 Exodo).
2343 455 2467 520 155

203 646 429 731 legitur,
496 644 601 708 cui
669 665 896 709 nomeu
962 649 1279 709 mutatum
1350 650 1466 724 est,
1525 650 1600 710 ut
1645 648 1827 712 Iesus
1897 652 2262 724 uocaretur;
2332 649 2468 732 ipse

202 753 406 835 quippe
452 751 802 815 introduxit
848 753 1156 835 populum
1204 754 1264 816 in
1313 757 1543 817 terram
1594 754 2057 836 promissionis.

274 858 455 924 XCII.
523 859 619 921 Et
682 859 999 922 seruies
1057 858 1374 923 domino
1436 860 1577 923 deo
1637 863 1807 934 tuo;
1874 864 1949 924 et
1996 861 2469 925 benedicam

200 984 450 1046 panem
524 969 750 1027 tuum
828 969 905 1028 et
977 965 1252 1029 uinum
1326 969 1551 1029 tuum
1617 970 1695 1030 et
1761 985 2041 1048 aquam
2109 971 2322 1032 tuam
2394 972 2472 1030 et

152 1076 538 1135 sauertam
606 1071 1186 1136 infirmitatem
1254 1093 1289 1136 a
1353 1071 1613 1136 uobis.
1689 1092 1836 1135 non
1903 1073 2059 1137 erit
2122 1075 2257 1155 qui
2321 1093 2467 1136 non

202 1181 512 1260 generet
569 1197 830 1259 neque
891 1178 1216 1242 sterilis
1267 1198 1510 1262 super
1558 1182 1854 1242 terram
1901 1183 2139 1245 tuam.
2217 1199 2471 1243 nume-

202 1304 343 1347 rum
399 1285 708 1348 dierum
769 1289 1089 1349 tuorum
1147 1286 1507 1368 replebo.
1587 1289 1664 1350 et
1709 1287 2082 1350 timorem
2132 1287 2469 1362 mittam,

206 1391 433 1473 quite
482 1392 943 1460 antecedat.
986 1395 1062 1455 et
1108 1395 1469 1456 amentes
1522 1391 1814 1456 faciam
1864 1412 2131 1457 omnes
2182 1396 2467 1476 gentes

203 1498 266 1560 in
311 1517 494 1579 quas
541 1502 624 1562 tu
675 1498 1030 1562 intrabis
1082 1503 1146 1561 et
1192 1502 1417 1562 cetera.
1469 1499 1764 1580 quamuis
1813 1499 1971 1563 istae
2021 1499 2471 1583 promissiones

136 1633 174 1669 lo
202 1605 421 1684 possint
482 1609 547 1668 et
613 1605 989 1686 spiritaliter
1054 1605 1360 1687 intellegi.
1429 1608 1639 1669 tamen
1701 1625 1845 1668 cum
1904 1606 2254 1670 secundum
2313 1612 2471 1670 tem-

201 1711 450 1791 poralem
515 1713 848 1777 hominum
917 1712 1290 1775 felicitatem
1357 1712 1839 1795 intelleguntur,
1900 1712 1978 1775 ad
2034 1723 2222 1776 uetus
2278 1716 2472 1776 testa-

203 1822 454 1881 mentum
532 1819 884 1900 pertinent:
963 1817 1069 1882 ubi
1146 1838 1529 1900 quamquam
1605 1824 1942 1902 praecepta
2016 1820 2294 1901 exceptis
2371 1819 2471 1884 his

204 1925 435 2003 quaein
479 1929 875 1989 sacramento
926 1925 1168 2006 aliquid
1216 1924 1578 2008 significant
1625 1925 1842 1989 eadem
1893 1925 1969 1989 ad
2018 1945 2225 1990 mores
2274 1925 2472 1990 bonos

206 2030 550 2109 pertinentia
623 2029 1038 2113 reperiantur,
1114 2030 1570 2112 promissiones
1647 2035 1859 2094 tamen
1937 2032 2217 2094 carnales
2285 2036 2473 2113 atque

136 2164 175 2202 ιε,
202 2137 450 2198 terrenae
508 2139 681 2200 sunt.
759 2135 925 2198 unde
982 2135 1046 2197 in
1106 2136 1350 2218 psalmo
1409 2136 1885 2219 septuagesimo
1947 2136 2226 2200 secundo
2277 2156 2472 2219 paene

202 2240 387 2322 lapsos
435 2246 496 2306 et
543 2243 782 2307 effusos
832 2260 1091 2325 gressus
1142 2261 1293 2306 suos
1342 2243 1529 2306 homo
1576 2243 1727 2313 <dei
1744 2257 1779 2314 >
1823 2242 1998 2312 dicit.
2050 2261 2194 2306 cum
2244 2243 2476 2306 zelaret

206 2346 258 2409 in
291 2349 717 2429 peccatoribus
757 2368 975 2431 pacem
1013 2353 1421 2430 peccatorum
1458 2348 1738 2413 intuens,
1790 2369 1862 2412 ea
1900 2349 2131 2431 quippe
2182 2351 2475 2413 cernebat

208 2453 490 2519 abundare
544 2456 762 2537 inpiiS‚
821 2474 980 2538 quae
1038 2456 1175 2538 ipse
1233 2455 1585 2520 secundum
1634 2459 2090 2521 testamentum
2140 2459 2327 2520 uetus
2378 2475 2474 2520 ex-

207 2562 472 2640 pectabat
518 2582 553 2625 a
601 2562 858 2626 domino
918 2563 1055 2637 dec,
1117 2563 1218 2626 cui
1275 2563 1393 2627 bac
1448 2564 1738 2627 mercede
1799 2564 2138 2627 seruiebat.
2218 2569 2280 2626 et
2328 2583 2472 2628 cum

141 2665 331 2736 mhinc
375 2668 429 2731 ei
476 2669 819 2751 subrepere
886 2668 1205 2750 coepisset
1271 2688 1494 2733 sensus
1562 2669 1796 2751 inpius,
1865 2669 2031 2750 quod
2100 2670 2284 2733 deum
2352 2689 2472 2734 non

213 2788 399 2836 curare
454 2775 843 2838 existimaret
896 2774 1193 2849 humana,
1254 2778 1606 2839 correctum
1658 2795 1725 2838 se
1775 2774 1947 2851 dicit,
2000 2775 2151 2838 dum
2207 2776 2475 2840 auctori-

209 2881 380 2943 tatem
469 2886 832 2945 sanctorum
926 2901 1047 2945 non
1133 2886 1231 2945 est
1314 2901 1508 2946 ausus
1609 2882 1938 2964 inprobare
2043 2886 2105 2945 et
2190 2882 2479 2965 suscepit

214 3002 561 3069 cognoscere
624 2991 690 3052 et
751 2989 869 3051 ait:
948 2988 1093 3052 hoc
1156 2989 1386 3053 labor
1449 2992 1571 3052 est
1631 2992 1812 3052 ante
1869 3008 2004 3062 me,
2065 2990 2314 3053 donec
2372 2990 2476 3051 in-

214 3092 485 3157 troeam
533 3094 610 3157 in
662 3095 1222 3159 sanctuarium
1275 3095 1400 3158 dei
1450 3099 1527 3158 et
1576 3095 2062 3178 intellegam
2102 3095 2171 3159 in
2214 3096 2478 3159 nouis-

145 3229 187 3266 25
217 3197 405 3263 sima.
450 3202 537 3265 ibi
586 3201 755 3265 enim
794 3202 1070 3283 praemia
1112 3202 1429 3266 dabuntur
1467 3204 1542 3266 ad
1583 3222 1818 3267 nouum
1860 3202 2240 3284 pertinentia
2286 3205 2478 3266 testa-

216 3310 488 3383 mentum,
529 3328 690 3390 quae
731 3309 884 3391 inpii
924 3330 1043 3374 non
1084 3310 1422 3392 accipient;
1474 3314 1537 3373 et
1575 3329 1812 3391 poenae
1852 3314 2004 3373 tunc
2043 3310 2290 3373 futurae
2332 3312 2481 3373 sunt

217 3409 520 3492 inpiorum,
571 3436 728 3497 quas
776 3416 992 3480 nullus
1040 3418 1288 3498 piorum
1339 3436 1642 3480 sensurus
1693 3420 1809 3481 est.

374 3660 404 3712 3
442 3659 535 3713 Ex.
576 3662 661 3725 23,
702 3662 913 3714 25—27
1029 3665 1091 3714 15
1132 3661 1195 3717 cf.
1237 3662 1325 3715 Ps.
1366 3663 1450 3717 72.
1491 3664 1522 3715 ‘2
1564 3680 1679 3732 sqq.
1791 3664 1858 3715 23
1897 3662 1986 3714 Ps.
2029 3663 2110 3717 72.
2156 3664 2236 3715 16.
2281 3662 2344 3714 17

283 3832 304 3882 l
339 3832 503 3903 Iesus]
545 3835 746 3888 israhel
776 3835 899 3890 P¹S
916 3836 954 3885 V
1059 3838 1091 3889 ‘2
1129 3840 1273 3889 terra
1302 3836 1369 3889 N
1470 3840 1501 3891 5
1544 3838 1668 3905 erit]
1712 3837 1854 3889 enim
1881 3836 1956 3889 Ρ1
2067 3839 2098 3889 6
2139 3836 2350 3889 sterelis
2388 3836 2488 3889 GP-

224 3920 742 3977 sterilis—numerum
783 3942 883 3978 om.
923 3924 990 3977 N
1130 3926 1158 3977 7
1209 3924 1437 3993 dierum]
1478 3941 1717 3978 meorum
1756 3924 1822 3977 N
1958 3927 1990 3978 8
2045 3929 2098 3978 et
2136 3944 2237 3981 om.
2277 3924 2486 3978 PSt‘T

223 4016 436 4063 amentes
463 4029 527 4065 esc
553 4016 736 4066 tamen
769 4031 823 4066 es
856 4014 900 4067 C
1039 4013 1243 4067 faciens
1278 4013 1321 4063 l'
1432 4015 1495 4066 lo
1528 4017 1755 4082 possunt
1777 4014 1821 4067 S
1931 4016 1989 4067 ll
2026 4015 2400 4078 infelicitatem
2432 4014 2484 4066 P

228 4096 281 4147 15
322 4101 581 4154 terraenes
620 4102 695 4154 Ρι
875 4102 1105 4155 secondo
1150 4102 1195 4154 C
1230 4100 1459 4155 secunde
1498 4102 1575 4155 Ρι
1727 4103 1787 4155 16
1839 4101 1942 4156 dei.
1983 4103 2131 4170 quod
2166 4103 2320 4156 codd.
2361 4118 2481 4161 om..

227 4200 326 4236 cum
353 4188 420 4239 bd
445 4191 646 4243 retinui
757 4193 819 4245 19
851 4193 953 4261 cui]
986 4209 1103 4245 curn
1136 4191 1181 4245 S
1275 4192 1410 4255 hanc
1438 4191 1492 4243 P
1629 4191 1971 4244 deseruiebat
2001 4192 2062 4243 N
2155 4192 2222 4244 ‘20
2251 4208 2353 4259 quo
2383 4189 2489 4243 CN

228 4272 281 4324 21
320 4284 601 4346 correptum
643 4280 715 4333 bd
849 4282 918 4334 ‘22
959 4297 1119 4333 ausus
1160 4296 1261 4333 om.
1303 4281 1357 4332 P
1525 4280 1857 4349 improbrare
1910 4280 1954 4330 Γ
2134 4280 2371 4348 incoepit
2413 4280 2486 4331 bd

229 4360 285 4413 ‘24
318 4370 632 4421 sancturium
678 4369 724 4421 C
865 4370 949 4422 (lei
990 4386 1091 4423 om.
1130 4369 1268 4422 PW
