3076 4976
650 476 1126 542 Quaestionum
1175 476 1288 530 lib.
1328 476 1356 530 Ι
1406 475 1692 544 (Quaest.
1743 475 1819 530 de
1868 475 2152 546 Genesi).
2456 480 2540 543 23

356 676 477 738 XL.
542 673 772 754 Quaeri
830 673 994 738 solet
1047 676 1260 737 utrum
1320 672 1486 755 quod
1543 672 1619 736 de
1668 670 1959 737 Sodomis
2017 672 2173 736 dixit
2218 671 2375 737 deus
2421 691 2542 736 non

278 802 338 846 se
380 781 629 863 perdere
675 781 906 855 locum,
954 780 1012 844 si
1066 780 1499 843 inuenirentur
1551 778 1685 842 illic
1742 778 1845 843 uel
1902 779 2118 843 decem
2171 778 2347 856 iusti,
2403 797 2544 861 spe-

278 888 407 953 ciali
453 888 721 969 quadam
768 887 1077 952 sententia
1124 886 1200 949 de
1245 885 1357 949 illa
1405 886 1665 958 ciuitate
1714 905 1786 950 an
1838 885 1914 949 de
1963 885 2256 949 omnibus
2300 886 2543 950 intelle-

275 994 532 1079 gendum
578 995 665 1058 sit
709 994 1102 1077 generaliter,
1150 1011 1404 1074 parcere
1454 991 1644 1056 deum
1690 993 1851 1068 1000,
1900 992 1962 1055 in
2003 1011 2399 1073 quocumque
2438 992 2544 1057 uel

219 1121 242 1160 ε»
274 1101 472 1165 decem
517 1101 676 1166 iusti
721 1100 976 1167 fuerint.
1027 1101 1088 1163 in
1129 1119 1251 1182 qua
1291 1098 1658 1181 quaestione
1694 1118 1813 1162 non
1855 1102 1955 1163 est
1992 1099 2247 1181 quidem
2284 1118 2542 1164 necesse

270 1211 335 1271 ut
376 1206 493 1271 hoc
540 1207 616 1271 de
666 1207 835 1271 omni
878 1207 1018 1272 loco
1067 1207 1348 1288 accipere
1397 1205 1860 1288 conpellamur3
1917 1225 2140 1270 uerum
2194 1211 2404 1271 tamen
2466 1206 2542 1270 de

271 1312 546 1378 Sodomis
594 1313 808 1395 potuit
855 1314 920 1376 et
966 1312 1055 1376 sic
1105 1312 1249 1388 dici,
1299 1312 1448 1393 quia
1494 1310 1738 1375 sciebat
1783 1311 1939 1375 deus
1977 1310 2068 1375 ibi
2105 1330 2224 1375 non
2263 1330 2400 1375 esse
2437 1312 2542 1375 uel

268 1420 489 1484 decern.
550 1423 615 1484 et
672 1419 813 1485 ideo
872 1420 964 1483 sic
1024 1418 1519 1500 respondebatur
1578 1418 1887 1495 Abrahae,
1952 1421 2027 1482 ut
2083 1417 2544 1501 significaretur

266 1546 367 1590 nec
404 1530 501 1591 tot
535 1527 628 1591 ibi
656 1545 843 1608 posse
871 1525 1163 1601 inueniri,
1188 1524 1271 1589 ad
1302 1524 1845 1608 exaggerationem
1873 1525 2227 1607 iniquitatis
2263 1524 2539 1588 illorum.

190 1655 233 1693 10
265 1653 373 1697 non
421 1634 587 1697 enim
633 1651 893 1698 necesse
941 1636 1076 1696 erat
1121 1631 1237 1695 deo
1283 1635 1416 1695 tam
1463 1630 1788 1695 sceleratis
1845 1631 2208 1696 hominibus
2263 1649 2540 1713 parcere.

264 1759 331 1804 ne
376 1760 519 1805 cum
565 1741 699 1805 illis
747 1740 1034 1823 perderet
1079 1740 1304 1815 iustOS,
1354 1757 1497 1802 cum
1546 1741 1765 1818 posset
1810 1738 1999 1803 iustis
2054 1737 2202 1802 inde
2256 1737 2539 1801 liberatis

261 1847 506 1910 reddere
555 1847 747 1929 inpiis
796 1845 988 1928 digna
1033 1845 1363 1927 supplicia.
1424 1843 1557 1920 sed,
1615 1849 1690 1907 ut
1744 1843 1897 1919 dixi,
1956 1844 2034 1908 ad
2094 1844 2542 1909 ostendendam

260 1953 714 2037 malignitatem
786 1952 1217 2016 multitudinis
1282 1950 1458 2016 illius
1525 1952 1712 2016 dixit:
1790 1951 1858 2013 si
1923 1950 2191 2015 decem
2255 1951 2372 2014 ibi
2437 1952 2541 2015 in-

259 2079 567 2136 uenero,
611 2079 929 2143 parcam
958 2059 1398 2122 uniuersae
1429 2060 1790 2124 ciuitati.
1829 2062 2155 2139 tamquam
2186 2059 2240 2121 si
2270 2058 2538 2123 diceret:

182 2188 225 2226 ιε»
265 2171 460 2239 „certe
516 2186 789 2249 possum
844 2185 957 2230 nec
1019 2165 1157 2248 pios
1215 2184 1360 2229 cum
1414 2165 1605 2248 inpiis
1661 2166 1918 2247 perdere
1973 2184 2086 2229 nec
2145 2170 2354 2229 tamen
2403 2184 2541 2247 pro·

254 2275 457 2354 pterea
523 2273 722 2355 inpiis
788 2291 1068 2354 parcere,
1147 2272 1296 2354 quia
1357 2271 1644 2336 liberatis
1710 2276 1775 2337 et
1840 2272 2145 2354 separatis
2208 2272 2352 2336 inde
2416 2272 2540 2353 piis

254 2398 508 2458 possum
555 2379 753 2462 inpiis
802 2379 995 2463 digna
1039 2377 1407 2460 rependere;
1466 2381 1531 2442 et
1586 2383 1816 2456 tamen,
1867 2379 1919 2443 si
1974 2378 2064 2443 ibi
2119 2378 2539 2457 inueniantur‚

251 2495 499 2575 parco“,
550 2486 674 2552 hoc
726 2490 844 2561 est,
894 2485 1043 2567 quia
1089 2504 1201 2549 nee
1239 2487 1338 2549 tot
1375 2484 1462 2549 ibi
1500 2490 1762 2568 possent
1797 2485 2085 2551 inueniri.
2134 2487 2263 2551 tale
2302 2484 2540 2567 aliquid

252 2595 345 2656 est
389 2593 560 2676 apud
610 2592 1018 2669 Hieremiam,
1068 2592 1179 2656 ubi
1227 2591 1346 2655 ait:
1398 2592 1754 2658 circuite
1804 2593 1982 2657 uias
2019 2592 2539 2657 Hierusalem

172 2722 218 2763 πο
251 2702 322 2763 et
365 2700 659 2764 uidete
700 2702 779 2763 et
816 2699 1191 2780 quaerite
1228 2697 1304 2761 in
1343 2698 1651 2780 plateis
1692 2698 1867 2764 eius
1909 2703 1987 2763 et
2025 2699 2537 2784 cognoscite:

250 2807 314 2868 si
394 2805 866 2870 inuenietis
950 2804 1351 2869 hominem
1433 2805 1874 2869 facientem
1966 2806 2381 2870 iustitiam
2464 2808 2542 2870 et

251 2914 785 2992 quaerentem
820 2910 1088 2987 fidem,
1122 2915 1198 2975 et
1233 2912 1652 2994 propitius
1686 2931 1815 2976 ero
1845 2912 2214 2994 peccatis
2250 2932 2537 2988 eorum,

244 3017 307 3081 id
352 3024 483 3084 est:
534 3017 822 3082 inuenite
871 3017 976 3081 uel
1022 3037 1237 3094 unum,
1290 3020 1353 3082 et
1396 3037 1584 3100 parco
1633 3019 1879 3095 ceteriS,
1921 3018 1997 3082 ad
2036 3019 2538 3103 exaggerandum

248 3129 307 3188 et
352 3123 940 3200 demonstrandum,
992 3124 1160 3206 quod
1208 3144 1321 3189 nec
1368 3145 1534 3189 unus
1583 3125 1671 3188 ibi
1716 3128 1937 3208 posset
1982 3125 2272 3192 inueniri.

167 3254 214 3293 25
326 3231 491 3296 XLI.
546 3230 738 3310 Quod
785 3230 1058 3295 occurrit
1090 3231 1213 3296 Lot
1260 3231 1502 3314 angelis
1552 3235 1628 3295 et
1675 3231 2054 3296 adorauit
2098 3232 2175 3296 in
2224 3232 2533 3310 faciem,

244 3338 494 3404 uidetur
541 3336 933 3402 intellexisse
989 3338 1158 3420 quod
1215 3338 1423 3421 angeli
1478 3342 1722 3413 essent;
1785 3337 1896 3402 sed
1952 3357 2173 3403 rursus
2231 3357 2375 3402 cum
2430 3359 2537 3403 eos

245 3443 317 3507 ad
379 3442 799 3509 refectionem
867 3444 1142 3527 corporis
1208 3445 1458 3522 inuitat,
1525 3464 1684 3526 quae
1750 3445 2123 3510 mortalibus
2188 3446 2540 3510 necessaria

244 3554 352 3626 est,
400 3551 667 3616 uidetur
710 3553 970 3633 putasse
1008 3550 1176 3633 quod
1213 3550 1500 3615 homines
1541 3554 1753 3615 essent
1793 3600 1806 3613 .
1848 3570 1996 3635 ergo
2038 3552 2325 3633 qua-estio
2366 3553 2536 3616 simi—

242 3654 381 3721 liter
418 3657 722 3732 soluitur,
758 3660 833 3720 ut
870 3658 1079 3722 soluta
1118 3660 1216 3721 est
1252 3657 1314 3721 in
1355 3657 1559 3722 tribus
1599 3658 1706 3738 qui
1746 3661 2054 3723 uenerunt
2091 3659 2167 3722 ad
2201 3658 2538 3739 Abraham,

416 3903 442 3955 1
487 3902 562 3958 cf.
605 3900 738 3955 Gen.
782 3902 864 3966 18,
902 3900 971 3955 32
1083 3903 1148 3954 19
1185 3901 1419 3955 Hierem.
1461 3905 1511 3964 5,
1555 3903 1579 3954 1
1694 3901 1762 3955 25
1803 3902 1868 3957 cf.
1910 3901 2044 3956 Gen.
2088 3905 2170 3968 19,
2215 3906 2238 3957 l

306 4044 340 4095 4
376 4042 433 4096 in
472 4058 583 4096 om.
613 4041 725 4095 PT
831 4044 860 4096 7
902 4045 959 4096 et
984 4042 1143 4096 haud
1169 4042 1332 4096 dubie
1359 4042 1644 4096 delendum
1673 4049 1750 4096 est
1859 4045 1891 4096 8
1932 4043 2185 4098 abraham
2213 4045 2278 4099 N
2379 4048 2411 4098 9
2451 4063 2536 4100 ex·

242 4132 609 4198 eegr-ationem
654 4130 704 4184 C'
810 4131 870 4184 11
913 4132 1088 4200 possit
1131 4130 1298 4185 0¹PS
1405 4132 1470 4184 14
1509 4131 1558 4184 si
1585 4147 1685 4186 om.
1711 4132 1901 4202 NEuy
1927 4133 2034 4198 (ed.
2064 4133 2274 4187 Knoell
2297 4150 2352 4201 p.
2388 4138 2534 4201 330)

244 4219 306 4272 15
341 4235 440 4274 nec
477 4236 708 4289 possum
754 4220 804 4272 T
912 4219 975 4273 18
1008 4219 1089 4273 -ibi
1129 4235 1229 4273 om.
1270 4219 1336 4274 N
1459 4221 1523 4273 19
1562 4222 1836 4274 ieremiam
1882 4221 2025 4274 VTd
2060 4221 2368 4275 Hieremian
2407 4222 2538 4291 Euy

242 4307 352 4361 uias
389 4325 496 4363 om.
544 4309 598 4362 T
739 4309 1027 4362 ierusalem
1064 4308 1219 4362 NTa
1324 4309 1393 4363 23
1434 4308 1896 4379 exhacgerandurn
1934 4309 2000 4362 N
2031 4310 2462 4380 exaggerendum
2504 4310 2534 4362 b

242 4395 306 4450 25
341 4396 464 4450 loht
502 4396 552 4451 S
657 4398 727 4451 29
766 4398 847 4467 in]
885 4397 950 4451 de
988 4397 1020 4449 b
