3076 4976
437 513 568 577 354
1155 508 1205 560 S.
1260 507 1532 560 Aureli
1590 507 2041 575 Augustini

439 705 692 770 uenisse
737 704 800 767 in
850 703 1279 767 condicionem
1321 700 1483 767 Seon
1531 701 1700 785 regis
1740 700 2290 777 Amorrhaeorum,
2333 700 2582 782 quando
2623 719 2731 765 eos

436 812 605 876 bello
655 810 1002 892 superauit,
1060 809 1116 873 si
1172 807 1426 891 quidem
1483 808 1787 872 remansit
1842 826 1996 891 gens
2045 806 2473 872 Moabitarum
2528 826 2731 889 usque

439 919 518 982 ad
573 918 734 983 illud
789 920 1068 999 tempus,
1130 916 1238 980 ubi
1296 918 1586 999 regnaret
1640 915 1835 979 Balac
1899 934 2003 978 rex
2056 914 2268 979 Moab.
2348 914 2516 998 quod
2580 932 2730 978 uero

436 1026 628 1090 Moab
695 1024 852 1088 dixit
919 1023 1272 1089 senioribus
1337 1023 1623 1099 Madian,
1689 1021 1756 1085 id
1821 1025 1920 1085 est
1982 1021 2301 1086 Moabitae
2377 1021 2732 1086 senioribus

437 1131 956 1197 Madianitarum:
1033 1149 1222 1194 1111116
1303 1129 1703 1213 ablinguet
1776 1147 2159 1213 synagoga
2228 1129 2409 1193 haec
2479 1147 2728 1194 omnes
2790 1150 2820 1190 s

443 1239 568 1322 qui
615 1239 686 1302 in
737 1237 1069 1302 circuitu
1118 1240 1375 1302 nostro
1426 1242 1620 1312 sunt,
1660 1254 1778 1300 non
1828 1255 1953 1299 una
2000 1254 2156 1318 gens
2196 1240 2351 1313 erat,
2390 1235 2501 1299 sed
2540 1235 2734 1300 uicini

441 1345 518 1410 ad
569 1345 814 1410 uicinos
866 1344 1155 1409 dixerunt
1201 1344 1369 1425 quod
1417 1343 1651 1427 pariter
1698 1342 2049 1408 cauendum
2098 1346 2289 1406 esset.
2353 1362 2499 1406 nam
2544 1343 2734 1407 Moab

437 1452 609 1517 filius
666 1451 790 1516 fuit
848 1451 968 1515 Lot
1025 1470 1096 1515 ex
1151 1470 1279 1514 una
1333 1450 1627 1526 filiarum,
1687 1450 1941 1514 Madian
2010 1469 2160 1514 uero
2218 1449 2389 1513 filius
2443 1449 2733 1513 Abrahae

441 1559 518 1624 de
562 1558 840 1623 Cettura.
890 1577 1014 1622 non
1061 1557 1276 1639 itaque
1324 1575 1450 1620 una
1496 1576 1651 1640 gens
1693 1561 1842 1633 erat,
1885 1556 1997 1621 sed
2044 1556 2205 1620 duae
2251 1556 2498 1620 uicinae
2546 1559 2733 1638 atque

441 1664 885 1731 conterminae.
2772 1686 2829 1725 ιο

533 1771 787 1835 XLVII.
859 1770 1023 1850 Quid
1074 1774 1174 1835 est
1220 1769 1388 1852 quod
1439 1769 1746 1852 seriptum
1797 1773 1921 1834 est:
1981 1773 2055 1834 et
2102 1769 2615 1834 diuinationes
2662 1770 2732 1833 in

443 1877 785 1941 manibus
844 1896 1124 1952 eorum,
1185 1895 1327 1939 cum
1385 1876 1460 1939 de
1516 1875 1615 1939 his
1673 1875 1986 1940 diceretur
2032 1895 2190 1957 quos
2238 1877 2500 1940 miserat
2543 1876 2736 1940 Balac

444 1985 521 2049 ad
559 1983 1037 2048 conducendum
1074 1983 1356 2059 Balaam,
1397 1986 1470 2048 ut
1506 1982 1910 2047 malediceret
1947 1982 2229 2047 Israhel?
2277 1983 2732 2064 numquidnam

443 2092 570 2173 ipsi
634 2088 1044 2155 diuinabant?
1117 2108 1193 2153 an
1260 2089 1500 2172 aliquid
1566 2089 1869 2166 ferebant,
1935 2089 2100 2153 unde
2165 2090 2401 2153 faceret
2454 2088 2733 2166 Balaam,

446 2218 570 2280 quo
620 2200 841 2280 posset
888 2196 1191 2273 diuinare,
1240 2200 1567 2279 tamquam
1609 2196 1821 2278 aliqua
1859 2216 2016 2278 quac
2055 2196 2115 2259 in
2158 2196 2482 2260 sacrificiis
2529 2196 2734 2259 incen-
2771 2224 2829 2264 is

449 2304 744 2368 dei-entur
791 2307 901 2367 aut
948 2322 1200 2386 quoquo
1248 2304 1436 2369 modo
1485 2303 1988 2386 inpenderentur,
2038 2308 2102 2367 et
2146 2302 2286 2367 ideo
2338 2303 2541 2367 dictae
2589 2305 2739 2367 sunt

451 2411 896 2487 diuinationes,
964 2411 1112 2493 quia
1175 2430 1288 2493 per
1352 2411 1505 2475 haec
1573 2410 1679 2474 ille
1745 2414 1993 2493 poterat
2054 2410 2378 2474 diuinare?
2452 2429 2527 2474 an
2585 2409 2737 2492 quid

447 2519 662 2583 aliud?
713 2517 976 2582 obscure
1024 2517 1190 2581 enim
1239 2518 1481 2582 (lictum
1530 2523 1648 2584 est.
1706 2517 2054 2582 notandum
2105 2536 2272 2594 sane,
2313 2517 2482 2599 quod
2528 2517 2740 2581 uenit

451 2626 636 2688 deus
688 2622 772 2687 ad
813 2624 1115 2687 Balaam
1169 2628 1245 2688 et
1282 2625 1472 2689 dixit
1510 2625 1606 2688 ei:
1657 2625 1834 2707 quid
1873 2625 2210 2689 homines
2249 2624 2322 2688 hi
2360 2644 2585 2706 penes
2623 2626 2738 2691 te?

447 2734 512 2794 et
558 2735 783 2793 cetera.
860 2749 974 2795 1166
1032 2729 1274 2794 dictum
1334 2735 1433 2796 est
1487 2736 1701 2794 utrum
1761 2732 1822 2794 in
1883 2731 2121 2795 somnis
2177 2730 2298 2795 hoc
2344 2730 2586 2795 factum
2634 2732 2736 2808 sit,
2773 2758 2830 2797 20

447 2835 742 2918 quamuis
807 2856 917 2918 per
980 2840 1230 2901 noctem
1297 2838 1538 2902 factum
1605 2838 1761 2902 satis
1828 2838 2095 2915 eluceat,
2163 2856 2307 2901 cum
2373 2840 2523 2919 post
2584 2838 2739 2902 haec

349 3001 353 3005 Α
449 2942 607 3006 dicit
654 2943 996 3023 scriptura:
1055 2947 1127 3008 et
1184 2964 1593 3029 exsurgens
1641 2946 1942 3009 Balaam
2000 2964 2227 3008 mane.
2303 2948 2515 3026 potest
2573 2944 2738 3009 enim

450 3068 706 3113 mouere
757 3049 1073 3131 quomodo
1124 3071 1267 3115 cum
1317 3052 1568 3117 homine
1615 3054 1895 3134 pessimo
1936 3051 2092 3115 deus
2129 3052 2387 3116 locutus
2426 3051 2530 3130 sit,
2573 3052 2741 3134 quod

448 3155 639 3219 etiam
707 3156 761 3219 si
826 3156 888 3219 in
957 3157 1198 3221 somnis
1263 3159 1503 3222 factum
1573 3177 1712 3222 esse
1777 3161 2115 3236 constaret,
2174 3178 2295 3222 non
2360 3159 2502 3223 ideo
2569 3159 2743 3222 nulla

448 3261 736 3343 quaestio
777 3266 1128 3328 remaneret
1164 3269 1418 3347 propter
1454 3265 1659 3348 ipsam
1697 3264 2160 3348 indignitatem.
2210 3266 2302 3329 sic
2344 3270 2407 3329 et
2446 3265 2741 3331 dominus
2774 3294 2830 3334 ετ»

445 3370 632 3432 lesus
683 3367 975 3434 Christus
1034 3370 1123 3434 ait
1178 3369 1254 3434 de
1305 3370 1503 3435 diuite
1561 3371 1694 3447 illo,
1746 3372 1853 3453 qui
1912 3370 2236 3435 destruere
2292 3376 2539 3435 ueteres
2596 3390 2741 3454 apo·

451 3475 672 3540 thecas
722 3479 785 3539 et
831 3475 1168 3557 ampliores
1208 3496 1406 3542 nouas
1449 3477 1824 3560 disponebat
1858 3478 2121 3560 inplere:
2174 3477 2362 3541 dixit
2400 3477 2487 3542 ad
2525 3479 2740 3543 illum

453 3580 665 3647 deus:
727 3582 997 3661 stulte,
1056 3583 1191 3648 hac
1241 3588 1458 3648 nocte
1507 3584 1750 3649 anima
1804 3587 1935 3648 tua
1990 3585 2379 3649 auferetur
2426 3607 2463 3650 a
2508 3589 2610 3660 te3
2670 3589 2742 3648 et

625 3776 657 3828 5
696 3773 858 3828 Num.
897 3775 984 3838 22,
1022 3776 1057 3828 4
1178 3776 1207 3828 7
1247 3774 1313 3829 cf.
1356 3774 1485 3828 Gen.
1530 3777 1613 3836 19,
1653 3777 1719 3830 37
1840 3775 1872 3829 8
1912 3775 1978 3829 cf.
2019 3774 2153 3830 Gen.
2192 3776 2278 3839 25,
2322 3777 2355 3830 2
2470 3775 2531 3828 11
2574 3774 2736 3828 Num.

447 3863 533 3928 22,
575 3865 604 3917 7
719 3865 784 3917 18
823 3864 985 3918 Num.
1021 3865 1109 3928 22,
1147 3864 1181 3918 9
1291 3866 1360 3918 22
1399 3864 1563 3918 Num.
1601 3866 1687 3929 22,
1730 3867 1795 3920 13
1904 3864 1974 3918 27
2010 3864 2140 3919 Luc.
2184 3864 2265 3927 12,
2306 3865 2376 3918 20

518 3989 553 4039 4
589 3988 797 4040 maaian
835 3987 1011 4041 PSV¹
1139 3988 1173 4041 ὅ
1211 3987 1569 4042 moabitarum
1613 3989 1664 4042 T
1803 3989 2053 4058 ablinget
2086 3987 2249 4043 PSN
2251 3988 2431 4042 1⁷de
2554 3988 2586 4042 8
2622 3987 2741 4041 loth

448 4074 664 4128 PSTN
694 4074 815 4128 loht
861 4075 913 4129 V
1051 4077 1256 4130 matian
1293 4076 1356 4130 N
1488 4079 1520 4130 9
1561 4076 1807 4131 cetthura
1844 4077 2073 4132 PSde
2209 4078 2274 4130 12
2312 4077 2501 4130 balaac
2544 4075 2750 4130 GNPS

452 4163 517 4216 13
554 4161 764 4216 baalam
810 4162 857 4216 0
956 4165 1020 4218 14
1059 4165 1243 4234 aliqua
1278 4164 1625 4220 PSNVde
1730 4166 1919 4220 balaac
1963 4165 2275 4221 CNTPSV
2374 4166 2439 4219 16
2479 4182 2585 4234 quo
2622 4163 2747 4217 1³¹8

453 4253 517 4304 19
548 4251 626 4305 hii
660 4252 707 4306 C
811 4253 961 4323 penis
999 4255 1043 4307 C
1113 4255 1183 4308 22
1223 4259 1278 4309 et
1316 4256 1630 4325 exsurgens]
1672 4259 1727 4309 et
1753 4260 1880 4324 post
1908 4256 2008 4326 hee
2036 4272 2261 4325 surgens
2292 4254 2337 4307 C
2407 4254 2475 4307 26
2506 4253 2670 4307 diuiti
2700 4252 2751 4305 G

451 4339 715 4394 distruere
761 4341 807 4395 C
981 4343 1279 4414 apothegas
1324 4344 1372 4398 0
1519 4345 1588 4397 27
1629 4343 1961 4413 desponebat
2004 4343 2051 4398 Ο
2199 4344 2267 4397 28
2306 4360 2337 4396 a
2375 4346 2430 4395 te
2468 4357 2570 4395 om.
2610 4340 2750 4395 P¹V

451 4431 528 4499 et]
570 4430 702 4485 haec
747 4431 864 4486 de
902 4435 958 4485 et
993 4431 1147 4485 ΡῖΤι
1187 4450 1287 4488 om.
1328 4432 1567 4487 SNVP¹
