3076 4976
440 464 569 527 218
1149 457 1203 511 S.
1261 456 1535 511 Aureli
1595 456 2036 527 Augustini

440 676 682 733 narum,
727 655 837 719 sed
881 657 1055 718 extra
1096 654 1248 718 foris
1292 653 1369 716 ad
1411 653 1646 717 atrium
1684 653 1967 734 positum
2014 651 2380 735 intellegere
2419 652 2744 717 debemus.

439 768 592 828 tunc
643 762 806 827 enim
859 762 978 825 erit
1026 761 1244 824 uelum
1296 760 1444 825 ostii
1483 759 1895 834 tabernaculi,
1938 759 2107 841 quod
2146 760 2384 823 ostium
2421 762 2745 841 tamquam

439 871 653 935 ualuis
714 868 1132 952 aperiebatur,
1192 866 1301 930 ubi
1362 867 1583 930 aulaea
1640 865 1800 930 inter
1857 884 1924 928 se
1983 865 2236 930 circulis
2294 869 2358 929 et
2405 866 2574 929 ansis
2622 886 2742 930 non

443 977 1008 1060 coniungebantur‚
1051 976 1180 1050 a-ut,
1222 972 1278 1037 si
1324 974 1490 1036 forte
1537 972 1705 1036 intra
1750 972 1934 1036 illum
1984 971 2265 1036 ordinem
2315 974 2458 1036 octo
2508 973 2745 1036 colum-

445 1103 668 1147 narum
735 1082 1126 1147 tabernaculi
1194 1081 1542 1156 interioria,
1630 1081 2066 1162 opponebatur
2121 1080 2242 1144 hoc
2316 1081 2604 1144 uelamen
2678 1081 2741 1145 in
2781 1104 2807 1142 5

447 1192 725 1273 quinque
793 1189 1107 1253 columnis
1176 1188 1339 1252 ostio
1407 1187 1827 1264 tabernaculi,
1894 1190 1971 1250 ut
2035 1188 2281 1269 quando
2350 1188 2749 1269 aperiebatur

442 1297 742 1362 interiora
781 1314 904 1359 non
945 1295 1349 1369 nudarentur,
1389 1313 1463 1358 ne
1504 1313 1538 1357 a
1576 1293 2106 1376 prospicientibus
2146 1293 2527 1359 uiderentur.
2577 1296 2747 1376 quod

442 1407 650 1468 tamen
703 1403 1013 1478 uelamen,
1066 1402 1203 1466 siue
1250 1400 1516 1464 interius
1567 1401 1643 1464 ab
1692 1401 1802 1464 illo
1853 1399 2071 1464 ordine
2121 1402 2560 1465 columnarum
2607 1402 2745 1465 siue

443 1511 716 1575 exterius
765 1512 1107 1592 poneretur
1153 1546 1239 1554 -
1288 1508 1456 1589 quod
1514 1528 1635 1571 non
1696 1508 1851 1571 satis
1901 1508 2112 1573 elucet
2156 1545 2241 1553 —
2290 1508 2508 1592 procul
2557 1508 2743 1573 dubio

441 1617 722 1681 distabat
791 1615 1114 1679 moderato
1181 1614 1513 1679 interuallo
1583 1614 1659 1678 ab
1728 1613 1947 1677 eodem
2016 1615 2229 1679 ordine
2288 1615 2742 1692 columnarum,
2784 1641 2835 1679 ιο

440 1743 518 1787 ne
560 1724 836 1805 quinque
878 1721 1208 1785 columnae
1250 1721 1327 1785 ad
1365 1724 1667 1803 quattuor
1705 1721 2030 1785 columnas
2063 1721 2322 1786 densius
2355 1722 2743 1805 constipatae

438 1830 932 1894 intercluderent
978 1828 1194 1911 potius
1245 1827 1490 1891 aditum
1540 1847 1729 1909 quam
1776 1828 2080 1891 uelarent.

536 1939 634 2000 12.
668 1936 1029 2001 Secundum
1059 1937 1254 2000 istum
1283 1935 1496 2016 itaque
1526 1934 1785 1999 modum
1819 1938 1884 1999 et
1915 1934 2261 1999 secundum
2296 1935 2453 1999 hanc
2477 1935 2741 2000 formam

436 2042 825 2109 tabernaculi
873 2043 1030 2106 nihil
1077 2043 1202 2105 iam
1252 2060 1411 2122 opus
1461 2043 1561 2105 est
1608 2042 1867 2106 uicenas
1916 2041 2060 2105 illas
2102 2043 2431 2106 columnas
2469 2042 2741 2106 laterum

438 2151 754 2216 interioris
823 2148 1207 2214 tabernaculi
1274 2147 1354 2211 ad
1417 2150 1704 2211 austrum
1783 2150 1848 2211 et
1921 2148 2279 2230 aquilonem
2351 2148 2739 2212 constituere
2782 2173 2832 2213 15

437 2259 756 2323 densiores
834 2261 899 2320 et
970 2257 1233 2320 rariores
1310 2256 1453 2319 illas
1532 2258 1674 2319 octo
1753 2254 1955 2318 facere
2033 2274 2193 2336 quae
2270 2255 2344 2318 ab
2415 2254 2738 2318 occidente

436 2365 701 2430 fuerant.
761 2364 980 2427 decem
1038 2362 1271 2444 quippe
1327 2362 1474 2425 illae
1534 2361 1677 2425 atrii
1747 2360 2070 2425 exterioris
2139 2361 2214 2424 ab
2283 2361 2502 2424 eadem
2566 2363 2739 2443 parte

438 2470 782 2536 occidentis
869 2488 987 2533 non
1064 2469 1328 2552 longum
1405 2468 1684 2532 ordinem
1766 2466 2005 2533 faciunt
2080 2468 2538 2547 columnarum,
2616 2487 2737 2550 quo

436 2578 846 2641 includantur
901 2579 1042 2640 octo
1103 2575 1455 2650 interioreS‚
1505 2575 1618 2638 sed
1665 2575 1861 2639 ternis
1913 2576 1987 2638 ab
2039 2577 2307 2656 utroque
2353 2576 2550 2639 latere
2599 2594 2741 2639 con-

436 2684 684 2748 stitutis
736 2688 800 2747 et
847 2686 1148 2764 quattuor
1192 2682 1253 2745 in
1303 2686 1484 2764 porta
1524 2682 1802 2763 spatium
1843 2682 2248 2758 concludunt,
2289 2682 2400 2746 ubi
2441 2685 2503 2746 et
2542 2682 2735 2746 altare
2774 2710 2828 2749 20

439 2791 526 2854 sit
581 2791 1204 2854 holocaustomatum
1261 2787 1428 2851 intra
1485 2791 1727 2870 portam
1787 2788 1928 2852 atrii
1979 2790 2122 2853 ante
2171 2788 2408 2853 ostium
2457 2789 2738 2853 taberna·

435 2897 567 2960 culi
598 2901 663 2960 et
690 2897 934 2960 labrum
975 2896 1140 2960 inter
1178 2895 1416 2959 ostium
1457 2895 1844 2959 tabernaculi
1885 2899 1948 2959 et
1987 2896 2180 2960 altare
2222 2899 2285 2960 et
2322 2895 2732 2960 interuallum

437 3003 862 3067 necessarium
928 3002 1278 3066 ministerio
1346 3002 1510 3065 inter
1577 3003 1770 3065 altare
1839 3005 1902 3065 et
1966 3005 2211 3084 portam
2278 3002 2441 3067 atrii.
2512 3004 2576 3066 et
2645 3002 2736 3066 sic

433 3109 597 3172 illud
644 3112 852 3174 totum
902 3108 1180 3191 spatium
1229 3108 1369 3172 atrii
1421 3107 1826 3173 concluditur
1873 3108 2184 3172 columnis
2234 3108 2471 3184 decem,
2530 3108 2733 3172 tribus

434 3216 510 3278 ab
578 3216 870 3296 aquilone
937 3218 1001 3278 et
1064 3215 1269 3278 tribus
1337 3214 1412 3277 ab
1482 3217 1696 3278 austro
1764 3217 1827 3278 et
1892 3218 2193 3295 quattuor
2251 3215 2327 3277 ab
2388 3215 2732 3290 occidente,
2775 3235 2829 3274 2⁵

433 3325 759 3405 tamquam
819 3323 874 3386 si
935 3317 988 3380 Π
1047 3341 1332 3404 graecam
1390 3322 1669 3388 litteram
1726 3320 1943 3385 facias.
2005 3322 2069 3386 et
2127 3322 2216 3384 sic
2276 3320 2739 3404 adiungebatur

435 3429 602 3492 idem
662 3429 940 3511 spatium
997 3428 1267 3510 longiori
1328 3427 1528 3491 ordini
1591 3429 2027 3491 columnarum
2085 3427 2475 3491 tabernaculi
2523 3427 2734 3491 interi—

435 3535 582 3611 oriS,
631 3538 954 3616 tamquam
1005 3534 1058 3597 si
1107 3533 1183 3597 ad
1220 3534 1499 3597 litteram
1542 3538 1951 3597 memoratam
1992 3553 2062 3597 ex
2102 3551 2174 3597 ea
2210 3537 2408 3615 parte,
2452 3551 2575 3614 qua
2612 3551 2731 3596 non

436 3642 645 3705 habet.
705 3640 1012 3722 adiungas
1069 3639 1320 3703 litterae
1376 3639 1855 3721 productionem
1924 3658 2083 3720 quae
2149 3638 2281 3702 iota
2349 3637 2599 3714 dicitur,
2665 3641 2738 3702 ut

433 3748 573 3810 eius
631 3749 828 3828 paite‚
888 3765 1047 3828 quae
1103 3745 1165 3808 in
1223 3746 1430 3809 medio
1492 3749 1608 3822 est,
1667 3745 1744 3807 ab
1804 3764 1874 3808 eo
1932 3745 2125 3809 latere
2194 3743 2609 3808 concludatur
2673 3745 2737 3806 et
2775 3759 2828 3797 ³0

511 3923 534 3975 1
578 3921 707 3974 foris
749 3921 816 3973 ad
857 3938 975 3989 exp.
1016 3938 1082 3974 m.
1123 3925 1152 3973 1
1198 3921 1250 3971 V
1354 3921 1385 3973 2
1424 3922 1577 3989 tunc]
1619 3937 1761 3974 nunc
1795 3919 1979 3974 P¹SV
2082 3921 2116 3973 4
2157 3918 2493 3989 congebatur
2535 3918 2582 3971 C
2614 3919 2733 3971 iun-

436 4010 706 4078 gebantur
742 4008 815 4061 P¹
909 4011 939 4062 7
979 4011 1068 4078 ne]
1109 4025 1285 4078 neque
1320 4008 1482 4063 PSV
1568 4011 1601 4062 9
1641 4009 1786 4078 quod
1824 4025 1962 4062 eras.
2000 4010 2063 4062 in
2113 4009 2162 4061 T
2252 4009 2319 4062 10
2354 4006 2658 4060 moderacio
2695 4007 2740 4060 C

439 4101 502 4152 12
543 4098 941 4168 quam—istum
981 4114 1082 4151 om.
1129 4098 1176 4151 0
1302 4100 1365 4152 13
1404 4098 1537 4152 haec
1578 4098 1752 4151 forma
1788 4098 1841 4150 P
1971 4100 2033 4152 19
2074 4098 2347 4150 interioris
2393 4096 2439 4150 Ο
2570 4095 2638 4150 20
2678 4095 2732 4148 in

433 4188 609 4257 porta]
650 4188 918 4256 inpartam
957 4187 1013 4240 P
1047 4188 1102 4240 in
1142 4191 1351 4257 portam
1393 4187 1512 4241 ST¹
1553 4188 1726 4257 impar
1772 4186 1903 4240 VT²
2021 4188 2083 4240 21
2128 4187 2655 4241 olochaustomatum
2694 4183 2739 4238 S

434 4278 502 4330 25
544 4275 612 4329 ad
649 4275 902 4345 aquilone
942 4275 988 4329 S
1066 4277 1135 4329 26
1173 4277 1229 4345 pi
1268 4275 1314 4327 II
1362 4274 1486 4329 GV2
1594 4277 1760 4329 facies
1806 4276 1853 4329 0
1921 4277 1989 4330 28
2028 4276 2095 4330 ad
2134 4293 2235 4330 om.
2274 4275 2433 4329 PSV
2509 4275 2577 4329 30
2608 4290 2735 4327 cun-

434 4364 685 4417 cludatur
728 4365 773 4418 C
