3076 4976
413 473 542 535 360
1128 470 1181 523 S.
1237 469 1514 522 Aureli
1569 469 2007 539 Augustini

418 664 586 745 quod
663 667 762 727 est
835 662 1165 750 ἀνάπῃξον,
1244 663 1662 747 Symmachus
1749 668 1963 728 autem
2048 665 2241 729 uerbo
2327 666 2717 731 euidentiore

425 770 908 852 „suspende“.
984 771 1214 834 mirum
1265 775 1362 835 est
1410 791 1580 849 sane,
1632 771 1801 853 quod
1849 772 2163 853 scriptura
2221 792 2466 837 narrare
2525 773 2718 837 desti·

417 875 568 940 terit
623 881 838 940 utrum
897 878 1014 941 hoc
1071 879 1265 943 fuerit
1319 899 1390 943 ex
1446 883 1782 962 praecepto
1842 878 2078 943 domini
2139 880 2478 962 inpletum:
2548 881 2716 964 quod

420 984 737 1048 contemni
795 985 1084 1067 potuisse
1134 1005 1254 1051 non
1304 986 1490 1051 uideo
1542 989 1674 1063 aut,
1726 985 1779 1049 si
1830 989 2266 1069 contemptum
2316 991 2435 1063 est,
2484 988 2717 1069 inpune

422 1091 758 1155 contemni.
837 1092 890 1155 si
940 1096 1152 1156 autem
1202 1093 1441 1157 sactum
1493 1096 1594 1156 est
1640 1096 1703 1157 et
1751 1093 2040 1169 tacitum,
2099 1113 2210 1158 cur
2266 1113 2335 1158 ex
2394 1115 2487 1173 eo,
2549 1094 2714 1177 quod
2779 1115 2806 1154 5

416 1195 686 1261 Phinees
764 1198 934 1263 filius
1003 1200 1264 1262 Eleazar
1337 1200 1648 1264 transfixit
1712 1200 2056 1276 adulterOS,
2123 1201 2440 1283 placatum
2520 1200 2718 1265 fuisse

418 1302 740 1368 dominum
792 1306 1105 1389 scriptura
1150 1309 1426 1370 testatur
1471 1308 1853 1390 plagamque
1902 1312 2232 1372 cessasse?
2291 1308 2468 1390 quasi
2520 1307 2714 1372 eluci-

418 1410 555 1476 fixis
624 1411 914 1489 ducibuS,
984 1416 1153 1478 sicut
1216 1418 1621 1495 praeceperat
1688 1414 2005 1491 dominuS,
2084 1414 2290 1479 adhuc
2366 1413 2716 1497 indignatio

419 1537 832 1601 perseuerans
884 1519 1008 1583 alio
1057 1519 1245 1584 niodo
1293 1519 1602 1602 placanda
1648 1519 1990 1595 uideretur,
2041 1539 2186 1583 cum
2244 1521 2465 1601 procul
2524 1520 2715 1583 dubio

416 1625 653 1689 falsum
712 1644 852 1689 esse
912 1645 1033 1689 non
1090 1630 1331 1708 posset,
1392 1626 1559 1708 quod
1615 1626 2171 1708 praenuntiauerat
2226 1631 2290 1691 et
2344 1627 2719 1709 promiserat
2755 1650 2806 1689 ιο

425 1731 720 1795 dominus
789 1732 1033 1796 dicens:
1110 1732 1368 1814 accipe
1445 1732 1671 1796 duces
1746 1733 2006 1814 populi
2082 1736 2155 1796 et
2220 1736 2517 1796 ostenta
2591 1752 2715 1798 eos

425 1839 722 1905 domino
791 1844 1050 1904 contra
1114 1840 1375 1915 sole1n3
1453 1844 1525 1904 et
1592 1843 1981 1904 auertetur
2046 1840 2153 1903 ira
2230 1840 2714 1905 animationis

421 1944 697 2010 domini
749 1945 833 2009 ab
883 1945 1192 2010 Israhel.
1272 1946 1326 2009 si
1376 1966 1523 2031 ergo
1573 1948 1813 2011 factum
1864 1951 2018 2023 erat,
2069 1947 2211 2029 quis
2262 1947 2512 2011 dubitet
2560 1948 2714 2011 iram

422 2051 660 2116 domini
709 2071 994 2117 auersam
1043 2053 1241 2117 fuisse
1290 2054 1364 2117 ab
1415 2053 1700 2118 Israhel?
1769 2054 1916 2135 quid
1967 2054 2183 2136 itaque
2234 2073 2393 2136 opus
2442 2058 2594 2129 erat,
2643 2059 2717 2119 ut

422 2158 626 2223 adhuc
665 2159 940 2224 Phinees
988 2160 1065 2223 ad
1111 2161 1489 2244 placandum
1542 2161 1730 2225 deum
1771 2162 1861 2225 sic
1902 2162 1963 2226 in
2004 2160 2325 2225 adulteros
2363 2160 2718 2226 uindicaret
2755 2182 2805 2221 ιε

424 2264 608 2347 eique
657 2265 1095 2329 testimonium
1146 2267 1459 2348 scriptura
1503 2267 1886 2349 perhiberet,
1937 2266 2103 2349 quod
2154 2286 2225 2331 eo
2274 2268 2461 2333 modo
2509 2270 2714 2351 placa·

328 2406 338 2414 -
421 2373 586 2437 uerit
626 2373 994 2437 dominum?
1044 2372 1164 2437 nisi
1210 2374 1372 2438 forte
1417 2373 1890 2458 intellegamus,
1940 2393 2083 2438 cum
2134 2374 2292 2438 illud
2330 2374 2406 2439 de
2446 2374 2714 2439 ducibus

420 2479 638 2564 populi
704 2480 993 2564 MoyseS,
1060 2480 1230 2564 quod
1303 2488 1734 2564 praeceperat,
1809 2482 2047 2565 inplere
2113 2482 2502 2565 disponeret,
2569 2502 2713 2546 eum

420 2587 705 2652 uoluisse
756 2588 946 2652 etiam
1004 2588 1353 2652 secundum
1399 2587 1609 2672 legem
1658 2589 1813 2653 talia
1857 2590 2079 2672 punire
2128 2590 2371 2673 flagitia
2418 2595 2481 2655 et
2527 2591 2714 2654 sacri-

421 2695 634 2777 legam
700 2694 1048 2772 audaciam‚
1116 2698 1188 2759 ut
1250 2694 1501 2759 iuberet
1567 2716 1882 2778 quemque
1945 2697 2295 2762 interficere
2361 2697 2711 2779 proximum
2750 2714 2805 2755 20

424 2819 611 2864 suum
683 2800 805 2865 diis
871 2800 1093 2865 alienis
1160 2802 1394 2866 nefarie
1461 2808 1903 2868 consecratum
1970 2809 2158 2886 atque
2223 2804 2459 2868 interea
2524 2805 2715 2868 etiam

423 2907 586 2971 illud
632 2907 904 2972 Phinees
952 2908 1187 2972 faceret
1234 2928 1305 2972 ac
1355 2910 1447 2973 sic
1492 2909 1588 2973 ira
1634 2909 1869 2974 domini
1917 2912 2043 2974 iam
2089 2912 2339 2993 placata
2385 2930 2506 2975 non
2554 2931 2713 2993 opus

423 3013 623 3078 fuisse
673 3013 865 3077 duces
914 3015 1131 3098 populi
1184 3015 1489 3100 crucifigi.
1549 3017 1703 3080 haec
1754 3037 1900 3081 sane
1949 3018 2256 3081 seueritas
2303 3017 2399 3080 illi
2446 3019 2714 3099 tempori

425 3139 705 3203 congrua
752 3124 1057 3203 quantum
1108 3123 1348 3186 malum
1397 3124 1483 3187 sit
1517 3124 1949 3189 fornicationis
1989 3130 2052 3187 et
2087 3123 2413 3189 idolatriae
2452 3124 2714 3208 pruden-

423 3227 584 3292 tium
633 3228 781 3292 fidei
833 3227 987 3292 satis
1037 3228 1365 3293 euidenter
1411 3230 1708 3294 ostendit.
2745 3247 2800 3285 2⁵

512 3335 680 3399 LIII.
726 3335 883 3400 Eam
924 3355 1180 3399 causam
1229 3337 1450 3401 mortis
1488 3337 1699 3420 Moysi
1747 3337 2038 3402 dominus
2088 3336 2242 3401 dicit
2287 3356 2475 3418 quarn
2523 3336 2715 3402 etiam

424 3439 635 3505 fratris
685 3441 841 3507 eius,
913 3442 1222 3507 ambobus
1272 3442 1440 3506 enim
1490 3443 1682 3507 etiam
1732 3443 1847 3507 hoc
1897 3446 2039 3507 ante
2087 3442 2500 3525 praedixerat,
2549 3442 2714 3525 quod

424 3548 567 3613 ideo
633 3568 755 3613 non
823 3549 1132 3613 intrarent
1186 3568 1333 3613 cum
1389 3550 1624 3632 populo
1684 3549 1781 3615 dei
1839 3550 1900 3613 in
1959 3554 2187 3614 terram
2253 3550 2716 3632 promissioniS,

426 3653 574 3736 quia
621 3673 741 3718 non
792 3674 937 3718 eum
979 3654 1532 3719 sanctificauerunt
1572 3673 1777 3719 coram
1819 3657 2053 3738 populo
2095 3655 2171 3720 ad
2212 3675 2438 3737 aquam
2481 3661 2717 3721 contra·

604 3848 672 3900 26
712 3845 777 3899 cf.
817 3845 977 3900 Num.
1017 3845 1104 3907 27,
1149 3846 1230 3898 13.
1276 3846 1341 3899 14
1450 3846 1518 3899 28
1558 3845 1622 3898 cf.
1662 3845 1822 3899 Num.
1863 3847 1947 3909 20,
1990 3847 2056 3900 12

501 3954 526 4008 1
587 3969 861 4022 anapexon
928 3950 1134 4006 CPSN
1141 3951 1246 4005 VT
1455 3969 1707 4022 symagus
1761 3952 1808 4005 C
1864 3970 2159 4022 symmacus
2225 3954 2277 4008 V
2327 3953 2608 4023 symachus
2672 3953 2722 4006 T

426 4044 458 4096 2
498 4042 755 4111 scripture
801 4040 848 4094 Ο
1022 4056 1295 4094 renarrare
1335 4040 1382 4094 S
1558 4043 1590 4094 6
1638 4041 1801 4094 finees
1851 4040 2166 4096 GPSNVT
2345 4044 2374 4096 7
2425 4059 2631 4097 cessare
2677 4040 2721 4094 C-

428 4133 494 4185 12
534 4134 813 4184 auertatur
851 4129 897 4184 S
1041 4130 1104 4184 13
1154 4132 1210 4183 et
1247 4130 1377 4183 iram
1422 4129 1523 4183 CN
1673 4130 1737 4183 14
1776 4147 1966 4184 auersa.
2008 4129 2055 4184 G
2099 4130 2379 4185 aduersam
2415 4130 2483 4184 N
2656 4136 2717 4183 ut

427 4237 528 4275 om.
581 4219 643 4272 V¹
777 4220 840 4273 16
879 4219 1141 4289 placuerit
1179 4217 1316 4272 P¹V
1437 4219 1503 4273 18
1542 4230 1891 4288 praeceperat
1928 4218 2174 4273 dominus
2213 4219 2287 4274 bd
2392 4220 2461 4273 22
2498 4219 2633 4274 fines
2677 4219 2723 4272 C

428 4309 498 4363 23
536 4307 732 4361 suisset
775 4308 826 4361 Τ
964 4309 1034 4361 24
1071 4307 1414 4361 idololatriae
1453 4308 1526 4362 bd
1668 4307 1961 4378 prudencia
2005 4308 2051 4362 G
2191 4311 2259 4364 26
2298 4309 2431 4363 dicit
2469 4309 2716 4362 dominus

425 4395 713 4451 PSVde
820 4397 887 4449 27
930 4396 1122 4450 fratres
1163 4396 1208 4451 S
1312 4397 1380 4451 28
1418 4397 1848 4466 repromissionis
1897 4396 2000 4450 VT
