3076 4976
479 450 607 512 124
1189 447 1241 500 S.
1300 447 1567 500 Aureli
1627 446 2061 515 Augustini

473 642 681 705 lantur
718 662 830 705 nec
869 646 1279 705 numerantur
1317 641 1435 705 nisi
1476 661 1587 723 per
1626 640 2063 706 successiones
2101 640 2454 716 11011111111111,
2497 659 2616 703 11011
2655 657 2769 722 per

474 768 804 812 numerum
851 767 1174 812 annorum.

561 855 663 918 LI.
722 854 898 918 Dixit
945 859 1155 918 autem
1206 855 1496 937 Moyses:
1559 853 1930 917 confidite
1987 857 2061 917 et
2117 856 2315 917 state
2376 857 2448 916 et
2502 853 2766 916 uidete

474 961 802 1024 salutem
850 981 1034 1043 quae
1084 964 1199 1024 est
1246 981 1283 1023 a
1338 960 1668 1037 domino,
1719 980 1932 1041 quam
1981 960 2216 1024 faciet
2253 960 2477 1024 uobis
2517 959 2764 1023 hodie.

474 1068 684 1132 sicut
743 1068 936 1131 enim
995 1068 1314 1131 uidistis
1372 1067 1792 1149 Aegyptios
1849 1067 2100 1140 hodie,
2158 1087 2294 1130 non
2356 1066 2763 1148 adponetis
2825 1088 2848 1124 ε,

474 1175 805 1255 amplius
891 1174 1146 1238 uidere
1235 1193 1359 1238 eos
1444 1174 1512 1237 111
1593 1177 1974 1238 aeternum
2049 1177 2369 1255 tempus.
2447 1174 2763 1256 quomodo

470 1281 835 1362 accipienda
894 1285 1040 1346 sunt
1097 1282 1253 1345 haec
1309 1282 1520 1345 uerba.
1582 1301 1725 1344 cum
1784 1281 2057 1344 uiderint
2109 1284 2330 1361 postea
2393 1280 2765 1344 Israhelitae

466 1387 873 1472 Aegyptios?
932 1408 1005 1452 an
1067 1388 1215 1470 quia
1269 1388 1378 1451 isti
1437 1387 1545 1469 qui
1603 1390 1754 1451 tunc
1811 1386 2112 1451 uidebant
2165 1406 2286 1450 non
2339 1407 2447 1451 eos
2495 1387 2765 1451 ulterius

466 1494 781 1569 uiderunt,
842 1494 992 1575 quia
1048 1498 1110 1557 et
1164 1494 1259 1556 illi
1308 1497 1456 1557 sunt
1502 1493 1738 1556 mortui
1787 1493 1895 1574 qui
1944 1493 2495 1574 consequebantur
2542 1497 2606 1557 et
2651 1493 2764 1557 isti

468 1619 682 1664 omnes
713 1600 1003 1681 quisquis
1053 1600 1151 1662 die
1200 1600 1423 1662 mortis
1473 1602 1673 1663 suae‘?
1722 1619 1865 1663 nam
1913 1599 2147 1681 posteri
2197 1618 2415 1663 eorum
2463 1600 2764 1663 uiderunt
2798 1620 2846 1659 10

464 1710 755 1788 posteros
813 1707 1089 1771 illorum.
1150 1727 1221 1770 an
1291 1727 1446 1780 „non
1508 1727 1616 1770 eos
1666 1707 1967 1770 uidebitis
2017 1707 2185 1771 sicut
2231 1707 2455 1771 hodie“
2513 1707 2762 1770 intelle-

466 1814 739 1896 gendum
790 1818 889 1877 est
933 1834 1054 1877 non
1104 1813 1272 1877 sicut
1316 1814 1502 1877 hodie
1553 1816 2006 1895 persequentes
2047 1819 2112 1876 et
2147 1814 2438 1877 inimicos
2479 1816 2544 1876 et
2580 1815 2760 1877 tanto

462 1924 610 2000 post
656 1940 774 1984 uos
824 1921 1074 2003 agmine
1123 1919 1472 1992 uenientes,
1522 1921 1596 1981 ut
1643 1918 1891 1982 0111111110
1941 1919 2116 1982 1111113
2164 1919 2248 1982 sit
2296 1921 2584 2000 quaestio
2644 1938 2760 1983 nec

464 2027 538 2089 de
597 2031 849 2090 aeterno
909 2031 1191 2108 tempore
1250 2026 1416 2106 quod
1474 2025 1578 2089 hic
1636 2026 1871 2108 posuit,
1932 2027 2080 2106 quia
2136 2026 2255 2090 etsi
2312 2026 2623 2089 uidebunt
2691 2044 2758 2088 se

461 2134 711 2213 utrique
765 2127 1048 2215 ternpore
1113 2132 1609 2206 resurrectionis,
1677 2152 1797 2195 non
1866 2133 1955 2195 sic
2025 2133 2243 2214 utique
2309 2132 2622 2196 uidebunt
2685 2138 2834 2196 utu»

461 2240 693 2303 hodie?

547 2347 681 2410 LII.
746 2346 911 2425 Quid
979 2350 1077 2410 est
1142 2346 1308 2427 quod
1376 2345 1532 2409 dixit
1590 2346 1885 2410 dominus
1946 2345 2021 2408 ad
2080 2345 2377 2428 Moysen:
2438 2345 2617 2426 quid
2673 2350 2754 2410 tu

463 2453 739 2517 clamas
789 2453 874 2516 ad
920 2458 1071 2517 me?
1123 2471 1267 2517 cum
1317 2453 1624 2536 scriptura
1674 2473 1793 2517 non
1844 2453 2067 2517 dixerit
2113 2453 2352 2535 aliquid
2393 2454 2469 2516 de
2507 2453 2754 2536 Moysei

464 2560 731 2623 uocibus
783 2579 895 2624 nec
935 2580 1077 2624 eum
1120 2564 1397 2624 orantem
1442 2561 2077 2625 commemorauerit?
2117 2561 2239 2624 nisi
2280 2561 2428 2642 quia
2463 2561 2753 2643 intellegi

463 2667 672 2730 uoluit
719 2666 836 2730 hoc
885 2686 1029 2731 eum
1078 2667 1288 2750 egisse
1335 2668 1514 2730 uocis
1567 2668 1840 2738 silentio,
1889 2672 1963 2731 ut
2009 2667 2193 2731 corde
2242 2669 2560 2731 clamaret.
2785 2685 2831 2721 ²⁰

549 2772 714 2835 LIII.
781 2774 872 2836 Et
935 2777 1011 2836 tu
1081 2773 1252 2836 10113
1317 2772 1603 2856 uirgam
1671 2777 1872 2837 tuam
1941 2777 2013 2836 et
2078 2772 2390 2838 extende
2455 2793 2749 2837 manum

460 2884 661 2943 tuam
712 2900 936 2962 super
982 2900 1197 2944 mare.
1249 2880 1401 2944 haec
1449 2883 1550 2943 est
1594 2880 1706 2943 illa
1752 2882 1951 2964 uirga,
2002 2882 2063 2943 in
2117 2900 2240 2963 qua
2283 2880 2520 2944 fiebant
2566 2882 2750 2944 mira·

457 2986 631 3061 bilia,
681 3006 839 3068 (11130
887 2986 1072 3050 1110ᾶο
1124 2987 1355 3051 dicitur
1402 3006 1543 3051 esse
1592 2988 1834 3070 Moysi;
1879 2991 2032 3051 tunc
2081 2992 2292 3051 autem
2342 2987 2551 3051 fratris
2611 2988 2748 3052 eius

458 3093 657 3156 fuisse
705 3093 1048 3170 dicebatur,
1100 3093 1348 3174 quando
1397 3113 1508 3176 per
1554 3094 1736 3157 illam
1784 3096 1920 3177 ipse
1969 3095 2361 3177 operabatur.

550 3200 747 3265 L1111.
807 3199 1243 3264 Extendisti
1300 3200 1680 3265 dexteram
1739 3205 1969 3278 tuam,
2029 3202 2559 3266 transuorauit
2614 3222 2744 3266 eos
2779 3220 2826 3259 2⁵

459 3310 673 3373 terra.
734 3312 963 3371 terram
1021 3327 1130 3390 pro
1181 3327 1341 3390 aqua
1388 3327 1506 3372 non
1559 3309 1789 3371 mirum
1839 3313 1939 3372 est
1983 3309 2279 3390 positam.
2328 3312 2466 3373 tota
2513 3309 2744 3391 quippe

454 3432 597 3495 pars
654 3414 778 3478 ista
835 3417 1110 3478 extrema
1170 3416 1275 3478 uel
1330 3415 1544 3478 infima
1598 3415 1817 3479 mundi
1874 3418 2074 3479 terrae
2132 3416 2382 3479 nomine
2450 3419 2746 3479 censetur

456 3520 801 3584 secundum
840 3521 903 3584 id
944 3521 1110 3603 quod
1152 3541 1337 3603 saepe
1378 3522 1642 3586 dicitur:
1693 3522 1871 3586 deus
1924 3523 2052 3604 qui
2102 3523 2287 3586 fecit
2337 3524 2628 3587 caelum
2673 3527 2743 3585 et

631 3759 663 3810 3
702 3754 796 3806 Ex.
838 3755 921 3820 14,
965 3756 1028 3807 13
1179 3756 1242 3808 17
1281 3756 1373 3808 Ex.
1418 3756 1499 3817 14,
1546 3757 1608 3810 15
1737 3757 1800 3808 21
1844 3756 1940 3809 Ex,
1984 3758 2064 3815 14.
2109 3757 2174 3809 16
2301 3757 2369 3809 25
2409 3756 2503 3809 Ex.
2549 3758 2631 3823 15,
2675 3758 2738 3810 12

453 3843 519 3895 28
560 3842 645 3895 Ps.
690 3843 807 3907 145,
846 3846 907 3908 63
948 3843 1066 3899 Act.
1111 3846 1193 3911 14,
1235 3845 1324 3909 14;
1364 3844 1528 3913 Apo&
1575 3847 1654 3906 14.
1697 3847 1725 3899 7

521 4019 553 4071 3
581 4017 843 4072 confidete
871 4018 938 4071 N
944 4019 1010 4071 1⁷¹
1155 4026 1209 4073 et
1238 4020 1422 4073 uidete
1452 4021 1684 4075 salutem
1717 4039 1817 4075 om.
1849 4023 1909 4076 N
2016 4023 2048 4074 9
2081 4022 2320 4074 uiderint
2349 4022 2379 4075 b
2493 4023 2560 4076 10
2590 4024 2734 4091 quis-

451 4123 554 4174 que
581 4106 928 4160 PSNVde
1038 4110 1101 4161 15
1138 4110 1324 4178 utique
1358 4111 1437 4171 (in
1463 4127 1563 4179 my.
1593 4111 1651 4162 al
1680 4112 1916 4180 utrique)
1948 4111 1979 4163 b
2093 4111 2157 4165 18
2195 4110 2367 4179 moysi
2395 4109 2739 4163 PSNVde

451 4196 511 4247 21
559 4196 713 4249 elena
743 4197 816 4249 bd
929 4197 1024 4265 τὴν
1056 4194 1246 4266 ῥάβδον
1279 4216 1370 4249 σου
1397 4199 1512 4252 cod.
1546 4200 1690 4253 Alea:
1718 4207 1767 4253 et
1794 4200 1920 4268 Lag]
1992 4201 2061 4253 22
2101 4200 2256 4268 uirga
2283 4200 2378 4252 illa
2409 4200 2439 4252 b
2514 4200 2582 4253 25
2613 4199 2733 4252 dex-

448 4284 639 4351 teram]
678 4301 896 4336 manum
945 4284 1029 4336 Vb
1174 4286 1529 4339 transforauit
1565 4286 1640 4339 P¹
1749 4288 1817 4339 26
1855 4289 2020 4355 terra]
2062 4291 2204 4339 terra
2230 4286 2296 4339 N
2434 4290 2576 4340 terra
2607 4290 2667 4355 (s.
2697 4288 2730 4343 1.

448 4388 515 4423 m.
555 4376 603 4438 1)
644 4372 754 4423 PV
791 4376 933 4425 terra
971 4372 1001 4425 b
1148 4376 1327 4442 posita
1365 4376 1395 4427 b
1505 4377 1572 4428 27
1612 4377 1822 4436 infirma
1860 4376 1960 4429 PS
1991 4377 2202 4429 infirma
2239 4375 2304 4428 N
