3076 4976
185 1685 241 1721 10

894 507 1423 560 Adnotationum
1465 507 1528 559 in
1567 505 1682 560 Iob
1720 505 1898 559 liber
1934 506 1977 562 1.
2455 509 2581 571 577

286 702 602 787 cogitabo,
662 705 772 765 aut
828 702 948 765 ita:
1012 705 1076 764 et
1132 721 1292 783 quae
1360 705 1460 765 est
1523 701 1648 766 nisi
1713 701 1869 767 illa?
1935 702 1997 766 si
2063 702 2352 767 incessi
2422 721 2583 767 cum

285 809 778 874 inrisoribus:
825 808 953 872 iam
1003 808 1183 873 bonis
1234 809 1343 890 qui
1393 812 1545 872 sunt
1590 809 1654 872 in
1706 810 1976 873 ecclesia
2026 809 2283 873 difficile
2324 814 2577 874 estnon

283 916 523 979 talibus
581 915 828 980 sociari.
888 915 1012 978 uel
1072 914 1134 978 si
1200 915 1607 979 festinauit
1673 916 1757 978 ad
1827 916 2079 980 dolum
2144 936 2273 998 pes
2339 936 2582 981 meus:

283 1022 662 1105 hypocrisis.
724 1041 960 1086 seram
1023 1024 1099 1085 et
1156 1021 1287 1085 alii
1345 1023 1645 1086 fructus
1703 1042 1904 1087 meos
1957 1023 2211 1087 edant:
2263 1023 2578 1103 quomodo

282 1128 536 1192 Indaeis
605 1128 893 1212 contigit,
962 1129 1025 1191 id
1092 1132 1223 1193 est:
1294 1148 1366 1193 ea
1433 1129 1639 1193 dicere
1706 1149 1865 1210 quae
1924 1130 2029 1193 alii
2088 1130 2324 1193 faciant
2380 1130 2585 1213 magis

284 1254 474 1316 quam
559 1235 705 1316 ipsi.
781 1234 941 1298 sine
1019 1236 1262 1317 stirpe
1340 1235 1475 1298 sim
1557 1255 1783 1316 super
1862 1249 2167 1301 terram:
2248 1239 2321 1300 ut
2395 1236 2580 1300 facile

283 1360 584 1404 arescam.
635 1341 740 1404 ille
790 1341 954 1404 enim
1005 1341 1066 1405 in
1114 1344 1280 1405 terra
1326 1344 1652 1423 tamquam
1699 1341 1761 1405 in
1811 1348 1989 1424 petra
2035 1343 2254 1406 firmus
2305 1347 2423 1419 est,
2474 1342 2581 1424 qui

282 1448 438 1511 facit
477 1448 642 1529 quod
684 1447 858 1511 dicit.
902 1449 961 1511 si
1014 1453 1361 1512 secutum
1412 1452 1531 1512 est
1578 1467 1705 1512 cor
1750 1467 1989 1513 meum
2039 1449 2462 1513 mulierem:
2515 1460 2590 1512 ut

282 1573 467 1618 suam
516 1558 843 1636 quaereret
892 1555 1157 1638 gloriam
1207 1554 1267 1618 in
1331 1555 1566 1637 populo
1635 1555 1755 1619 dei·
1790 1557 2002 1638 potius
2060 1576 2245 1638 quam
2304 1556 2424 1631 dei,
2483 1556 2589 1619 cui

285 1661 392 1724 uni
465 1661 600 1725 iure
676 1661 958 1726 debetur.
1029 1664 1160 1725 aut
1225 1661 1286 1725 si
1356 1662 1620 1726 obsedi
1685 1662 1950 1726 ianuas
2020 1663 2217 1727 eius:
2282 1661 2587 1726 insidiose

280 1767 533 1850 captaui
582 1768 894 1831 desideria
941 1767 1077 1832 eius
1124 1768 1329 1851 plebis
1379 1769 1482 1832 uel
1529 1769 1842 1850 timorem,
1883 1770 2114 1852 quibus
2157 1772 2468 1853 ageretur,
2508 1773 2582 1834 ut

278 1874 436 1937 mihi
483 1874 698 1956 potius
746 1875 1019 1939 seruiret
1066 1895 1253 1957 quam
1306 1875 1442 1938 deo,
1493 1875 1803 1958 placeat
1850 1896 2145 1959 quoque
2195 1895 2381 1940 uxor
2426 1895 2582 1940 mea

279 1980 536 2044 alteri:
598 1981 766 2044 fama
810 2001 951 2045 mea
998 1981 1272 2059 diabolO,
1324 1983 1426 2046 cui
1476 1982 1726 2063 quando
1775 1984 2123 2064 placemuS,
2175 1984 2585 2064 displicemus

279 2087 431 2160 (10ος
465 2087 572 2151 1110
603 2087 767 2151 0111111
801 2089 988 2151 malis
1023 2088 1257 2152 nostris
1290 2088 1547 2172 gaudet.
1582 2093 1657 2153 et
1683 2090 1842 2153 filii
1877 2091 2015 2154 mei
2055 2090 2585 2154 humilientur:

209 2193 444 2260 5facta
508 2194 613 2258 uel
676 2194 1027 2259 imitatores
1097 2195 1241 2259 inei.
1309 2195 1520 2260 furor
1586 2196 1775 2259 enim
1844 2196 2132 2261 animae
2200 2215 2403 2261 meae
2471 2199 2586 2260 est

275 2300 687 2366 indomitus
747 2303 1297 2366 commaculare
1368 2302 1526 2366 uiri
1586 2322 1926 2368 uxorem:
1987 2304 2145 2367 mihi
2196 2323 2331 2367 eam
2381 2302 2587 2366 uindi-

277 2407 499 2470 cando.
571 2407 841 2491 quodsi
909 2410 982 2470 et
1054 2408 1361 2491 despexi
1439 2409 1811 2473 iudicium
1889 2410 2157 2473 famuli
2232 2410 2374 2474 mei
2453 2414 2587 2475 aut

278 2514 638 2591 ancillae,
707 2533 867 2579 cum
934 2516 1460 2581 iudicarentur
1524 2518 1719 2599 apud
1784 2538 1926 2582 me:
1998 2518 2346 2583 secundum
2411 2518 2579 2600 qnod

277 2620 520 2684 dictum
595 2622 723 2685 est:
801 2621 1226 2685 saecularia
1301 2621 1542 2705 igitur
1614 2622 1901 2686 iudicia
1976 2624 2038 2687 si
2115 2624 2579 2690 habueritis,

183 2748 240 2785 ρο
277 2728 554 2792 famulos
594 2729 806 2791 autem
858 2727 1015 2791 dixit
1060 2728 1257 2792 laicos
1308 2728 1515 2794 adhuc
1566 2730 1998 2794 saecularibus
2049 2731 2315 2796 deditos,
2368 2731 2585 2812 quod-

280 2833 344 2897 si
395 2838 468 2897 et
513 2833 1080 2910 uisitationem,
1132 2836 1327 2917 quod
1375 2855 1815 2919 responsum
1868 2837 2103 2901 dabo?
2150 2837 2212 2901 in
2260 2837 2581 2901 tribulati-

280 2959 397 3005 one
475 2960 664 3023 quam
751 2942 1205 3006 conscientiam
1270 2942 1492 3018 habe0,
1561 2944 1710 3024 quia
1774 2944 1900 3008 ista
1974 2942 2276 3027 despexi?
2350 2964 2586 3009 nonne

281 3048 496 3112 sicut
563 3067 698 3132 ego
767 3052 1180 3129 conceptus
1251 3069 1409 3113 sum
1476 3050 1550 3114 in
1618 3054 1827 3115 utero
1888 3055 1959 3115 et
2013 3052 2183 3116 illi?
2242 3051 2458 3115 eadem
2519 3052 2583 3115 in

281 3154 693 3220 sacramentis
752 3155 918 3218 enim
987 3156 1280 3219 omnibus
1347 3157 1810 3238 praedicantur,
1879 3157 2097 3222 eadem
2166 3158 2447 3223 credunt.
2518 3162 2589 3222 et

183 3279 242 3319 2⁵
277 3261 562 3324 fuimus
611 3261 972 3325 similiter
1017 3260 1087 3325 in
1138 3267 1421 3327 uentre.
1486 3283 1607 3328 non
1658 3264 1825 3328 enim
1871 3264 1982 3327 ille
2040 3265 2225 3328 aliter
2262 3264 2584 3329 renuntiat

283 3385 474 3448 quam
536 3366 668 3442 ille,
737 3368 847 3449 qui
921 3368 1100 3450 plene
1179 3370 1536 3434 seruiturus
1618 3374 1717 3435 est
1794 3371 1931 3435 dec.
2012 3374 2086 3435 et
2161 3372 2245 3434 de
2324 3375 2586 3435 uentre

466 3578 490 3630 1
531 3577 627 3631 Iob
666 3580 752 3642 31,
791 3580 822 3631 5
953 3578 1120 3631 310b
1160 3579 1246 3636 31.
1286 3581 1318 3632 5
1436 3581 1470 3632 4
1509 3579 1606 3633 101)
1646 3581 1734 3642 31,
1772 3579 1804 3633 8
1925 3579 2094 3633 6101)
2134 3581 2221 3641 31,
2260 3580 2292 3632 8
2413 3580 2446 3633 8
2482 3579 2580 3633 101)

280 3668 372 3729 31,
412 3668 444 3720 9
558 3668 622 3720 10
658 3666 755 3720 101)
795 3668 883 3734 31,
922 3669 953 3720 9
1067 3668 1133 3721 12
1172 3666 1268 3720 Iob
1310 3669 1394 3731 31,
1440 3669 1504 3722 10
1621 3670 1685 3721 14
1724 3668 1821 3721 Iob
1862 3670 1947 3731 31,
1993 3670 2057 3723 10
2164 3671 2226 3723 15
2267 3668 2363 3722 101)
2403 3670 2488 3731 31,
2523 3670 2581 3721 11

285 3759 353 3811 17
391 3757 489 3811 101)
528 3759 615 3819 31,
659 3758 723 3811 13
909 3759 972 3811 19
1011 3757 1039 3811 Ι
1079 3757 1202 3812 Cor.
1240 3759 1290 3818 6,
1330 3758 1365 3810 4
1546 3759 1614 3812 20
1652 3758 1750 3812 101)
1790 3760 1877 3824 31,
1921 3760 1988 3813 14
2151 3760 2217 3812 22
2257 3758 2354 3812 101)
2394 3760 2479 3822 31,
2523 3759 2587 3813 15

283 3848 355 3900 24
391 3845 489 3899 101)
528 3848 616 3909 31,
661 3849 722 3902 15
834 3849 901 3901 26
941 3847 1037 3901 101)
1078 3849 1168 3911 31,
1211 3848 1275 3901 18

363 3969 387 4022 1
429 3968 494 4038 si]
535 3967 629 4022 sed
675 3968 722 4022 0
788 3970 821 4022 2
862 3970 1314 4036 (iam—ecclesia)
1356 3969 1395 4023 d
1502 3969 1569 4024 de
1608 3970 1764 4024 bonis
1810 3970 1894 4024 od
2001 3969 2209 4023 deficile
2256 3968 2303 4022 C
2382 3970 2414 4023 3
2453 3969 2588 4022 saci-

283 4058 367 4111 ari
410 4057 456 4109 G
595 4057 878 4112 festinabit
916 4057 962 4112 S
1136 4061 1167 4112 5
1209 4060 1477 4128 contingit
1520 4058 1569 4113 0
1744 4061 1776 4112 6
1816 4059 1926 4113 sint
1969 4059 2014 4112 C
2186 4060 2215 4110 ’ἲ
2256 4060 2505 4111 arescant
2547 4057 2593 4111 C

282 4150 318 4202 9
359 4162 672 4215 quaererem
710 4146 754 4198 G
936 4147 995 4199 11
1039 4145 1250 4200 desidia
1296 4146 1342 4200 0
1507 4147 1683 4217 plebis
1724 4147 1837 4201 eius
1883 4146 2003 4201 de
2183 4147 2249 4198 12
2287 4145 2467 4215 placet
2510 4144 2588 4199 Cb

288 4237 358 4290 14
393 4236 474 4288 fili
511 4234 558 4289 S
701 4235 768 4288 15
806 4236 971 4287 animi
1010 4234 1197 4289 SHier
1375 4253 1528 4294 meae
1576 4253 1677 4291 om.
1719 4234 1905 4290 SHier
2052 4235 2116 4289 16
2157 4232 2446 4288 uindicabo
2494 4233 2595 4287 TC

283 4323 624 4378 nendicando
663 4324 695 4377 b
806 4325 870 4377 17
911 4323 1115 4393 dispexi
1154 4324 1200 4377 S
1305 4327 1372 4379 23
1410 4326 1466 4378 in
1504 4325 1871 4379 sacramentis
1915 4323 2103 4377 eadem
2144 4323 2285 4377 enim
2334 4322 2584 4376 omnibus

282 4431 397 4484 sqq.
439 4414 476 4467 d
583 4415 651 4468 26
691 4413 848 4483 plane
894 4412 941 4466 C

396 4537 592 4579 xxvm
620 4541 735 4588 Aug.
759 4543 867 4578 sect.
890 4539 961 4578 111
981 4548 1084 4587 pm
1103 4539 1127 4577 3
2383 4517 2452 4571 37
