3076 4976
395 472 523 534 270
1102 469 1154 523 S.
1215 467 1489 521 Aureli
1549 468 1983 538 Augustini

395 663 578 727 nobis
633 662 960 726 uideretur
1015 681 1129 726 suo
1185 664 1326 727 loco
1387 663 1794 745 exposuimus
1841 701 1929 709 —
1977 668 2197 748 postea
2243 684 2414 742 uero,
2464 672 2537 730 ut
2585 686 2691 732 sex

395 768 690 832 animalia
748 770 1231 850 complerentur,
1291 769 1567 832 uitulum
1628 772 1691 833 et
1748 769 2006 833 arietem
2057 772 2582 836 commemorauit
2627 773 2688 836 in

396 874 778 939 sacrificium
828 875 1145 952 salutariS,
1195 895 1307 939 nec
1358 879 1567 939 tamen
1608 876 1669 939 in
1712 877 2245 958 consequentibus
2286 896 2431 941 cum
2468 878 2693 943 immo-

393 982 525 1045 lata
601 985 753 1046 sunt
818 985 881 1046 et
944 982 1290 1046 identidem
1358 987 1879 1061 commemorata,
1948 983 2021 1047 fit
2084 984 2319 1048 mentio
2394 1003 2689 1066 pecorum

395 1089 678 1171 ipsorum
728 1089 942 1153 arietis
993 1092 1057 1153 et
1102 1089 1313 1166 uituli,
1362 1108 1522 1171 quae
1571 1089 1736 1153 inter
1783 1109 2039 1171 caprum
2090 1094 2155 1153 et
2192 1109 2427 1173 agnum
2465 1110 2691 1171 posue-

394 1198 511 1270 rat,
580 1195 692 1259 sed
757 1199 1006 1260 tantum
1072 1196 1181 1259 ille
1246 1196 1493 1260 uitulus
1561 1199 1626 1259 et
1688 1196 1798 1260 ille
1864 1196 2024 1260 aries
2100 1200 2691 1273 commemorantur,

397 1320 555 1382 quos
605 1303 666 1366 in
717 1302 1097 1367 sacrificium
1149 1303 1701 1366 salutaris-offerri
1750 1302 2044 1376 iusserat,
2093 1308 2168 1365 ut,
2219 1302 2346 1366 iam
2404 1321 2524 1365 non
2584 1322 2691 1366 sex

394 1427 640 1489 pecora,
691 1409 803 1473 sed
849 1410 1065 1492 potius
1113 1413 1418 1491 quattuor
1463 1409 1665 1472 fuisse
1716 1408 2081 1473 credantur:
2140 1411 2354 1491 potest
2398 1408 2689 1473 fortassis

396 1515 686 1599 intellegi
752 1516 921 1597 quod
988 1516 1111 1580 duo
1173 1517 1304 1593 illa,
1365 1535 1523 1597 quae
1581 1517 1755 1599 prius
1813 1516 1975 1581 inter
2028 1516 2274 1579 hircum
2335 1519 2399 1580 et
2455 1535 2688 1599 agnum

396 1627 718 1705 posuerat,
775 1623 1009 1687 iterum
1068 1624 1424 1687 nominauit
1482 1627 1546 1686 et
1591 1642 1712 1687 non
1766 1626 1865 1686 est
1911 1623 2074 1686 alius
2121 1623 2366 1687 uitulus
2416 1627 2480 1687 et
2527 1623 2689 1688 alius

398 1731 559 1794 aries
625 1730 688 1792 in
757 1730 1134 1794 sacrificium
1205 1730 1522 1805 salutariS,
1591 1739 1682 1807 ut,
1752 1750 1894 1793 cum
1962 1729 2224 1794 dixisset
2278 1729 2523 1794 hircum
2580 1750 2690 1812 pro

397 1840 656 1920 peccato
708 1839 772 1899 et
818 1835 1078 1898 arietem
1130 1838 1194 1899 et
1240 1836 1518 1899 uitulum
1568 1856 1688 1900 nou
1740 1835 1953 1900 dicens
2010 1835 2072 1898 in
2124 1835 2296 1917 quid,
2354 1836 2420 1899 id
2476 1842 2575 1900 est
2627 1838 2687 1901 in

397 1962 587 2025 quam
649 1962 803 2019 rem,
870 1961 1098 2024 agnum
1160 1961 1308 2006 uero
1376 1943 1740 2007 anniculum
1806 1943 1869 2006 in
1934 1942 2405 2015 holocaustum,
2470 1947 2693 2024 postea,

402 2050 608 2113 dicere
666 2048 946 2112 uoluerit
1001 2047 1152 2129 quid
1210 2048 1284 2112 de
1342 2049 1549 2113 uitulo
1610 2052 1674 2113 et
1730 2049 1921 2112 ariete
1979 2048 2339 2112 faciendum
2389 2053 2579 2125 esset,
2627 2049 2692 2113 id

400 2160 517 2233 est,
587 2155 736 2238 quia
799 2174 1004 2236 neque
1078 2175 1189 2237 pro
1264 2160 1524 2237 peccato
1603 2156 1774 2220 sicut
1837 2156 2052 2219 hircus
2119 2174 2322 2236 neque
2388 2155 2447 2218 in
2519 2155 2691 2220 holo·

402 2267 696 2326 caustum
758 2262 929 2326 sicut
984 2281 1207 2345 agnus,
1267 2263 1380 2327 sed
1424 2263 1486 2326 iu
1538 2263 1918 2327 sacrificium
1969 2262 2265 2326 salutaris
2311 2262 2696 2326 iubebantur

401 2368 643 2443 inferri3
695 2368 806 2432 sed
855 2368 908 2432 si
957 2368 1076 2433 hoc
1121 2369 1641 2447 intellexerimuS,
1682 2370 1963 2434 manebit
2000 2369 2309 2450 quaestio,
2351 2388 2540 2450 quare
2577 2388 2688 2451 pro

396 2480 654 2558 peccato
714 2495 1070 2559 synagogae
1118 2475 1333 2540 hircus
1383 2476 1634 2541 obla-tus
1684 2477 1786 2553 sit,
1837 2496 1981 2541 cum
2032 2476 2106 2540 de
2157 2475 2482 2542 sacrificiis
2531 2495 2689 2559 quae

395 2601 507 2663 pro
536 2583 815 2665 peccatis
846 2582 1160 2647 offerenda
1188 2586 1402 2647 essent
1437 2583 1513 2646 ab
1555 2585 1735 2648 initio
1778 2584 2068 2649 dominus
2107 2584 2376 2666 loquens
2416 2583 2689 2647 uitulum

398 2689 600 2754 offerri
651 2689 913 2753 iusserit
959 2708 1070 2771 pro
1118 2694 1379 2770 peccato
1430 2709 1790 2775 synagogae
1840 2691 2009 2755 sicut
2045 2710 2154 2773 pro
2191 2696 2449 2772 peccato
2491 2709 2691 2755 sacer·

402 2795 569 2859 dotis
618 2814 739 2859 non
791 2815 1070 2878 caprum,
1122 2797 1233 2860 sed
1281 2797 1560 2860 uitulum
1610 2834 1698 2842 —
1746 2797 1820 2860 de
1870 2816 1992 2880 quo
2041 2798 2248 2862 uitulo
2308 2797 2497 2861 etiam
2557 2817 2692 2861 san·

400 2902 657 2985 guinem
705 2903 1004 2967 similiter
1039 2909 1113 2967 ut
1149 2923 1260 2987 pro
1299 2910 1561 2987 peccato
1605 2905 1955 2969 sacerdotis
1995 2905 2072 2969 ad
2110 2903 2423 2987 tangenda
2464 2923 2694 2968 cornua

398 3008 616 3071 altaris
673 3009 919 3073 incensi
974 3011 1295 3093 praecepit
1350 3011 1565 3074 inferri
1625 3048 1697 3057 —
1765 3014 1831 3074 et
1885 3031 2044 3094 quae
2101 3030 2292 3075 causa
2353 3011 2563 3075 fuerit.
2619 3012 2691 3073 ut

403 3133 512 3196 pro
570 3118 832 3198 peccato
880 3115 1084 3180 Aaron
1137 3120 1201 3181 et
1245 3118 1503 3200 Moyses
1561 3118 1839 3182 uitulum
1900 3119 2148 3182 offerret
2196 3121 2260 3182 et
2304 3118 2440 3198 ipse
2488 3120 2691 3180 Aaron

399 3221 668 3285 alterum
726 3222 1028 3298 uitulum,
1079 3223 1250 3287 sicut
1301 3243 1413 3305 pro
1469 3227 1731 3306 peccato
1791 3224 2137 3288 sacerdotis
2196 3224 2544 3288 secundum
2595 3222 2693 3286 dei

398 3332 804 3410 praeceptum
865 3328 1072 3392 offerri
1130 3329 1479 3411 oportebat,
1537 3349 1649 3412 pro
1708 3334 1966 3412 peccato
2025 3334 2238 3393 autem
2294 3330 2514 3412 populi
2570 3346 2691 3392 non

400 3435 665 3511 uitulus,
716 3435 886 3499 sicut
933 3438 1335 3517 praeceptum
1386 3437 1613 3513 fuerat,
1663 3436 1770 3500 sed
1822 3436 2036 3500 hircus
2085 3436 2297 3518 potius
2349 3437 2690 3500 offerretur.

400 3540 569 3620 quod
616 3559 728 3604 nos
778 3559 919 3604 cum
971 3545 1279 3618 moueret,
1328 3541 1543 3605 uisum
1604 3546 1703 3606 est
1762 3542 1964 3620 nobiS,
2025 3546 2096 3606 ut
2153 3562 2342 3624 supra
2397 3541 2690 3612 diximus,

402 3647 570 3727 quod
637 3666 756 3709 non
825 3649 1001 3712 solus
1069 3648 1281 3712 hircus
1348 3669 1459 3731 pro
1529 3653 1787 3732 peccato
1846 3649 2065 3732 populi
2125 3650 2234 3713 sed
2292 3655 2355 3712 et
2411 3647 2571 3712 aries
2631 3651 2694 3710 et

582 3838 606 3889 1
651 3837 716 3889 cf.
757 3842 967 3905 quaest.
1006 3839 1180 3893 XXVI
1333 3839 1402 3892 20
1442 3839 1506 3892 cf.
1547 3840 1675 3894 Leu.
1715 3841 1766 3902 4,
1806 3841 1837 3893 3
1878 3857 1994 3908 sqq.
2150 3839 2220 3892 24
2258 3839 2322 3894 cs.
2363 3839 2493 3893 Leu.
2534 3839 2583 3902 8,
2626 3838 2695 3891 14

401 3929 468 3980 ‘25
508 3925 576 3980 cf.
614 3925 743 3978 Leu.
785 3928 835 3984 9,
875 3926 907 3978 8

472 4032 502 4084 7
542 4030 719 4083 afferri
765 4029 873 4082 ΓΝ
996 4032 1054 4083 11
1098 4033 1242 4085 hirco
1288 4032 1334 4085 0
1366 4033 1546 4087 hicum
1587 4031 1633 4086 S
1760 4034 1823 4086 12
1865 4034 1960 4089 alt.
2002 4037 2057 4086 et
2095 4051 2195 4087 om.
2236 4032 2300 4085 N
2437 4033 2499 4086 13
2540 4031 2693 4101 agni-

400 4119 579 4171 culum
617 4117 663 4172 S
771 4119 835 4172 16
875 4122 930 4173 et
967 4136 1139 4189 agnus
1186 4121 1234 4172 T
1375 4122 1629 4175 salutaris
1668 4138 1772 4176 om.
1811 4121 1858 4175 S
1967 4123 2030 4174 19
2069 4125 2198 4174 sunt
2245 4121 2295 4173 V
2409 4122 2472 4174 21
2518 4137 2695 4172 non—

398 4207 695 4260 sacerdotis
733 4224 836 4261 om.
874 4208 939 4260 N
1079 4208 1144 4262 de
1185 4226 1289 4279 quo
1330 4210 1505 4263 uitulo
1534 4217 1667 4278 post
1704 4210 2021 4279 sanguinem
2062 4210 2187 4262 hab.
2229 4210 2275 4264 S
2424 4211 2489 4263 :27
2530 4197 2691 4268 sicut]

401 4296 496 4348 scd
535 4297 580 4348 S
721 4298 788 4349 28
827 4314 924 4349 nos
963 4313 1064 4350 om.
1106 4295 1180 4350 bd
1333 4305 1696 4351 commoneret
1739 4298 1943 4353 CPSN
1950 4299 1999 4351 T
2137 4299 2206 4351 29
2246 4303 2302 4352 et
2342 4302 2494 4366 (ante
2530 4299 2692 4364 aries)

398 4402 440 4438 ε.
484 4385 516 4438 l.
560 4404 625 4438 m.
664 4389 694 4437 1
737 4385 784 4439 C
817 4402 933 4454 exp.
983 4386 1032 4438 T
1064 4402 1164 4440 om.
1204 4386 1450 4440 P¹SNV

2729 1648 2781 1689 10

2732 2183 2782 2222 15

2727 2721 2781 2760 20

2731 3255 2784 3292 25
