3076 4976
775 474 1249 539 Quaestionum
1286 474 1397 527 lib.
1439 474 1465 527 1
1507 473 1798 539 (Quaest.
1838 473 1913 528 de
1954 473 2234 541 Genesi).
2611 480 2646 541 7

345 672 527 754 pasci
594 670 954 752 potuerint:
1021 672 1237 734 utrum
1305 673 1369 733 et
1435 669 1730 733 animalia
1784 673 2033 752 praeter
2084 670 2269 735 illum
2316 691 2649 737 numerum

344 780 606 859 propter
671 776 939 839 aliorum
1006 794 1214 840 eseam
1282 774 1518 839 fuerint
1579 776 1950 841 intromissa
2005 796 2078 840 an
2138 777 2351 859 aliqua
2403 782 2650 860 praeter

342 903 568 948 earnes
617 920 703 929 —
753 882 922 964 quod
968 883 1173 966 magis
1223 882 1605 947 credendum
1654 887 1751 947 est
1797 922 1882 930 —
1932 904 1966 947 a
2013 884 2148 948 uiro
2209 885 2492 968 sapiente
2539 887 2644 950 uel

342 990 465 1055 deo
506 990 975 1054 demonstrante
1013 990 1269 1070 prouisa
1307 989 1455 1056 sint.
1490 1008 1650 1071 quae
1689 989 1914 1054 talium
1946 1010 2195 1073 quoque
2228 992 2645 1055 animantium

263 1117 293 1156 5
337 1098 513 1161 escis
559 1096 983 1160 conuenirent.

438 1203 614 1267 VIII.
675 1201 859 1281 Quod
907 1202 1214 1285 scriptum
1263 1205 1394 1266 est:
1446 1206 1522 1267 et
1569 1221 1605 1264 a
1651 1203 2157 1268 uolatilibus
2204 1204 2520 1268 mundis
2569 1209 2646 1268 et

340 1331 381 1374 a
431 1308 940 1373 uolatilibus
988 1308 1403 1372 inmundis
1454 1312 1531 1372 et
1580 1330 1615 1373 a
1651 1308 2090 1392 pecoribus
2131 1309 2450 1373 mundis
2493 1314 2569 1373 et
2608 1330 2644 1374 a

338 1416 792 1500 pecoribus
840 1413 1248 1478 inmundis
1299 1417 1376 1478 et
1424 1415 1512 1477 ab
1565 1415 1935 1479 omnibus
1988 1414 2517 1497 serpentibus
2564 1415 2641 1478 in

336 1530 567 1586 terra
619 1558 708 1567 —
767 1520 936 1603 quod
993 1520 1213 1584 deinde
1269 1540 1389 1584 non
1454 1520 1722 1599 additur,
1784 1521 2164 1585 subauditur
2232 1521 2521 1597 „mundis
2580 1524 2642 1586 et

231 1653 291 1691 ιο
336 1628 704 1693 inmundis“
771 1665 858 1673 -—
925 1631 990 1691 et
1054 1627 1454 1709 adiungitur:
1523 1626 1673 1691 duo
1742 1627 1890 1692 duo
1958 1628 2484 1692 intrauerunt
2548 1627 2639 1690 ad

333 1736 511 1800 Noe
560 1736 633 1798 in
684 1753 966 1811 aream,
1014 1733 1430 1797 masculus
1481 1735 1559 1797 et
1606 1734 1924 1809 femina,
1964 1734 2288 1815 quaeritur
2324 1734 2638 1816 quomodo

335 1841 641 1925 superius
699 1840 1053 1905 distinxerit
1109 1840 1231 1905 duo
1290 1840 1414 1905 duo
1475 1841 1550 1904 ab
1605 1840 1948 1918 inmundis,
2008 1859 2171 1904 nuno
2230 1844 2440 1904 autem
2499 1840 2637 1905 siue

334 1967 377 2010 a
446 1946 699 2010 mundis
766 1945 901 2010 siue
951 1946 1027 2009 ab
1073 1945 1395 2009 inmundis
1446 1945 1569 2010 duo
1620 1946 1743 2010 duo
1794 1945 1964 2009 dicat
2009 1946 2297 2011 intrasse.
2358 1946 2469 2010 sed
2515 1946 2637 2011 hoc

331 2054 615 2117 refertur
657 2071 779 2117 non
828 2052 906 2115 ad
953 2071 1288 2115 numerum
1337 2052 1715 2116 mundorum
1764 2053 1871 2116 uel
1919 2053 2367 2116 inmundorum
2405 2053 2636 2116 anima-

228 2188 280 2223 15
330 2160 506 2224 lium
572 2158 683 2222 sed
748 2157 825 2221 ad
889 2157 1248 2221 masculum
1314 2161 1377 2222 et
1442 2157 1759 2236 feminam,
1828 2158 1976 2240 quia
2027 2159 2090 2222 in
2148 2159 2440 2224 omnibus
2499 2159 2634 2224 siue

331 2265 600 2329 mundis
649 2264 787 2328 siue
835 2263 1155 2328 inmundis
1204 2263 1326 2328 duo
1377 2267 1547 2339 sunt,
1597 2264 1920 2328 masculus
1970 2269 2034 2328 et
2078 2264 2330 2329 femina.

435 2372 641 2436 VIIII.
691 2371 1075 2449 Notandum,
1106 2371 1274 2452 quod
1304 2371 1610 2454 seriptum
1647 2375 1775 2435 est:
1815 2371 1892 2434 in
1933 2389 2080 2453 quo
2123 2373 2245 2434 est
2283 2371 2630 2455 spiritus

326 2479 586 2550 uitae,
626 2498 749 2543 non
790 2478 996 2544 solum
1029 2477 1105 2541 de
1136 2477 1498 2543 hominibus
1529 2477 1639 2542 sed
1675 2477 1864 2542 etiam
1904 2477 1980 2542 de
2019 2478 2350 2561 pecoribus
2391 2478 2631 2543 dietum

322 2589 594 2670 propter
626 2585 809 2662 illud,
842 2585 1011 2667 quod
1045 2584 1302 2666 quidam
1343 2585 1418 2649 de
1457 2585 1686 2667 spiritu
1727 2588 1942 2650 sancto
1981 2585 2207 2649 uolunt
2243 2586 2628 2669 intellegere,

212 2723 278 2762 20
323 2693 447 2757 ubi
500 2692 808 2775 scriptum
856 2695 986 2756 est:
1046 2693 1123 2754 et
1175 2690 1671 2755 insufflauit
1727 2690 1921 2755 deus
1980 2691 2055 2753 in
2114 2691 2404 2755 faciem
2452 2691 2627 2756 eius

320 2799 726 2882 spiritum
775 2799 1019 2876 uitae,
1069 2797 1237 2879 quod
1284 2798 1514 2862 melius
1564 2798 1818 2880 quidam
1868 2798 2118 2862 codices
2165 2798 2429 2862 habent:
2487 2798 2626 2861 fla-

314 2913 498 2970 tum
545 2905 790 2970 uitae.

420 3013 495 3076 X.
542 3012 639 3076 De
686 3011 1005 3075 montium
1053 3010 1409 3086 altitudine,
1460 3031 1650 3092 quam
1691 3030 1941 3076 omnem
1980 3011 2288 3093 scriptum
2327 3014 2425 3074 est
2460 3013 2624 3075 tran-

315 3118 653 3183 scendisse
721 3137 951 3200 aquam
1020 3117 1250 3182 cubitis
1318 3118 1677 3199 quindecim
1755 3121 2008 3201 propter
2074 3116 2321 3200 Olympi
2387 3118 2623 3184 montis

200 3257 265 3297 25
312 3225 682 3290 historiam.
768 3225 824 3288 si
892 3225 1059 3289 enim
1123 3228 1288 3289 terra
1342 3224 1638 3288 inuadere
1696 3224 1906 3307 potuit
1961 3224 2239 3307 spatium
2295 3226 2622 3307 tranquilli

502 3504 532 3556 6
573 3501 706 3557 Gen.
746 3504 797 3568 7,
837 3502 871 3557 8
1037 3503 1103 3556 10
1142 3501 1274 3557 Gen.
1316 3504 1368 3567 7,
1408 3504 1439 3556 9
1611 3504 1674 3556 17
1714 3502 1848 3557 Gen.
1891 3504 1939 3568 7,
1981 3501 2048 3556 15
2212 3503 2281 3556 20
2322 3502 2455 3557 Gen.
2494 3505 2544 3568 2,
2585 3505 2614 3556 7

305 3593 387 3647 23
427 3591 497 3644 ef.
537 3590 671 3645 Gen.
713 3593 762 3654 7,
801 3591 872 3645 20
981 3591 1052 3645 24
1090 3590 1155 3646 cf.
1197 3591 1262 3645 de
1301 3592 1435 3644 ciuit
1475 3591 1561 3645 dei
1599 3590 1697 3645 XV
1733 3591 1801 3645 27

389 3768 420 3819 6
461 3769 518 3819 et
546 3783 638 3834 pr.
678 3766 1004 3835 om.-bEu9
1114 3765 1390 3820 uolatibus
1430 3767 1484 3820 P
1574 3769 1603 3820 7
1645 3783 1671 3820 a
1715 3771 1844 3821 ante
1883 3768 2050 3822 uolat.
2088 3783 2190 3820 om.
2224 3766 2262 3819 d
2352 3767 2384 3819 8
2424 3783 2613 3836 pecca·

298 3854 523 3907 toribus
559 3853 627 3906 N
765 3854 798 3907 9
838 3853 1072 3924 additur]
1113 3854 1333 3908 auditur
1368 3854 1435 3907 N
1610 3854 1705 3908 sed
1744 3855 2069 3908 subauditur
2114 3855 2163 3908 Τ
2307 3855 2372 3909 10
2414 3856 2518 3909 duo
2559 3861 2616 3911 et

300 3943 419 3996 duo
464 3942 601 3996 ΟΤΙ)
723 3941 1051 3995 intrauerint
1087 3941 1153 3995 N
1265 3945 1321 3997 et
1359 3943 1427 3997 ad
1463 3943 1530 3996 N
1620 3943 1679 3996 11
1723 3943 2023 3997 masculina
2059 3943 2171 3996 PT
2276 3943 2535 3998 feminina
2561 3946 2617 3998 P

302 4031 382 4085 12
421 4033 505 4096 (et
541 4031 631 4097 13)
674 4031 782 4084 duo
821 4033 877 4083 et
915 4030 1021 4084 duo
1062 4031 1093 4083 b
1206 4032 1271 4084 13
1312 4031 1501 4085 dicunt
1546 4031 1612 4085 0¹
1725 4033 1792 4085 14
1831 4033 1940 4101 uel]
1981 4035 2035 4085 et
2073 4033 2121 4084 T
2228 4034 2293 4086 15
2331 4032 2534 4086 feminu
2572 4034 2618 4087 C

299 4119 463 4188 qnia]
508 4135 645 4187 quae
682 4118 872 4172 PSVb
1019 4121 1085 4174 16
1122 4119 1421 4173 masculum
1458 4120 1531 4173 Ρι
1681 4122 1746 4174 17
1784 4120 2080 4174 notandum
2121 4128 2149 4175 e
2186 4120 2254 4174 N
2409 4122 2462 4174 in
2504 4139 2609 4190 quo

296 4209 394 4260 est
430 4222 535 4259 om.
572 4206 640 4260 N
762 4207 829 4260 18
858 4223 947 4275 pr.
987 4207 1053 4260 de
1091 4223 1193 4261 om.
1241 4208 1293 4262 T
1386 4209 1450 4261 21
1492 4194 1585 4279 ’ᾧ
1624 4210 1691 4263 N
1847 4211 1916 4263 23
1955 4226 2111 4263 omne
2157 4209 2223 4262 (1¹
2251 4226 2515 4263 *omssnem
2565 4211 2616 4262 V

292 4295 377 4347 24
407 4299 540 4361 post
575 4293 884 4363 quindecim
924 4294 1055 4349 add.
1098 4298 1376 4365 quaeritur
1405 4297 1458 4362 d,
1498 4297 1664 4366 quida
1700 4315 1807 4351 non
1847 4302 1991 4352 recte
2032 4296 2287 4352 dubitant
2314 4297 2344 4350 b
2456 4314 2606 4350 mon-

292 4386 392 4435 tes
438 4381 509 4434 (7ι
544 4381 547 4382 ’
614 4383 685 4436 25
724 4385 870 4436 terra
905 4382 1029 4437 1³¹8
