3076 4976
802 444 1275 511 Quaestionum
1314 439 1426 494 lib.
1463 438 1577 493 1111
1616 437 1903 506 (Quaest.
1943 434 2018 491 de
2054 433 2403 501 Numeris).
2612 435 2745 500 327

451 642 867 716 monebunff,
916 638 1163 722 quando
1223 636 1405 719 quasi
1458 653 1829 717 promouere
1887 631 2111 697 debere
2168 630 2575 705 uidebantur3
2634 628 2744 693 sed

452 750 600 832 quia
665 748 786 813 hoc
852 747 1044 811 etiam
1112 743 1339 809 diebus
1402 742 1696 826 pluribus
1761 738 1896 803 fieri
1960 740 2228 822 poterat,
2304 739 2378 801 ut
2449 735 2744 800 noctibus

453 854 850 921 ambularent
906 855 1316 936 promouente
1373 850 1540 914 nube
1598 851 1662 913 et
1718 866 1789 911 ea
1835 847 2130 910 manente
2179 843 2402 908 diebus
2449 861 2570 907 non
2619 862 2746 906 am-

453 963 766 1039 bularent,
796 959 937 1025 ideo
966 958 1214 1042 posuit:
1256 956 1372 1021 die
1410 956 1533 1020 uel
1572 973 1822 1019 mense
1863 952 2035 1017 diei.
2075 971 2196 1015 non
2229 950 2387 1014 dixit
2421 955 2744 1025 „mense“,

387 1097 414 1136 5
451 1089 528 1134 ne
585 1069 675 1132 ibi
732 1070 796 1132 et
849 1070 1068 1132 noctes
1128 1064 1415 1130 eiusdem
1468 1062 1709 1128 mensis
1768 1061 2220 1143 acciperentur,
2280 1057 2390 1121 sed
2456 1076 2744 1132 „mense

447 1177 672 1253 diei“,
728 1175 793 1239 id
849 1178 950 1239 est
1003 1192 1220 1238 mense
1278 1192 1349 1236 ex
1404 1190 1478 1236 ea
1533 1172 1711 1254 parte
1769 1187 1894 1251 qua
1950 1166 2084 1231 dies
2140 1165 2235 1229 illi
2291 1164 2437 1243 fuit,
2494 1182 2616 1228 non
2674 1183 2746 1228 ex

455 1303 525 1348 ea
582 1303 707 1365 qua
762 1301 902 1347 nox.
981 1279 1098 1345 die
1156 1298 1305 1364 ergo
1361 1278 1484 1342 uel
1540 1295 1793 1341 mense
1852 1273 2005 1339 diei
2061 1271 2486 1337 abundante
2552 1270 2744 1335 nube

457 1390 949 1455 obumbrante
997 1424 1081 1434 —
1131 1386 1196 1450 id
1244 1387 1344 1451 est
1388 1383 1745 1449 abundante
1791 1380 1854 1445 in
1902 1378 2329 1445 obumbrando
2386 1378 2493 1441 uel
2553 1377 2746 1442 abun-

456 1497 710 1561 dantius
770 1495 1187 1559 obumbrante
1233 1529 1322 1539 -
1369 1511 1595 1575 super
1640 1489 1833 1554 illud
1880 1524 1965 1535 -
2023 1486 2184 1552 illud
2240 1484 2489 1550 scilicet
2543 1484 2746 1547 taber-

364 1629 420 1671 10
458 1603 756 1668 naculum
813 1638 900 1649 —
957 1602 1030 1665 in
1089 1600 1365 1666 castris
1425 1601 1643 1664 erunt
1699 1595 1857 1661 filii
1916 1594 2209 1661 Israhel
2267 1596 2340 1657 et
2393 1610 2532 1657 non
2589 1610 2743 1674 pro-

452 1710 886 1775 mouebunt.
964 1710 1284 1791 postremo
1331 1705 1592 1789 repetiit
1638 1705 1855 1770 diuina
1901 1702 2276 1769 auctoritate
2323 1701 2585 1777 factum,
2644 1696 2748 1762 cui

455 1817 672 1882 resisti
718 1817 940 1897 utique
988 1834 1111 1880 non
1172 1814 1461 1889 debebat,
1518 1812 1899 1897 adiungens:
1957 1812 2305 1895 quoniam
2360 1828 2490 1893 per
2543 1825 2745 1890 prae-

458 1929 754 2008 ceptum
794 1921 1076 1988 domini
1106 1921 1681 2006 promouebunt.
1722 1920 2149 1987 custodiam
2179 1919 2469 1985 domini
2499 1927 2746 1987 custo-

458 2030 758 2095 dierunt
802 2049 932 2114 per
976 2032 1468 2113 praeceptum
1517 2028 1799 2093 domini
1847 2028 1918 2090 in
1966 2048 2185 2092 manu
2232 2028 2499 2111 Moysi.
2556 2030 2746 2095 rediit

376 2164 428 2205 15
458 2138 535 2201 ad
590 2137 856 2201 uerbum
914 2135 1241 2220 praeteriti
1297 2135 1625 2219 temporis,
1684 2139 1759 2199 ut
1815 2135 2054 2200 diceret
2107 2136 2743 2213 „custodierunt“.

456 2244 626 2327 quod
673 2263 821 2309 uero
869 2243 931 2307 in
979 2242 1103 2307 fine
1149 2242 1396 2325 posuit:
1462 2242 1533 2307 in
1600 2261 1812 2307 manu
1870 2243 2146 2328 Moysi,
2190 2232 2619 2310 usitatissima
2680 2245 2742 2310 in

457 2352 788 2434 scripturis
833 2351 1075 2415 locutio
1115 2354 1233 2427 est,
1274 2349 1421 2432 quia
1456 2369 1570 2433 per
1606 2351 1869 2434 Moysen
1907 2351 2064 2416 haec
2104 2342 2265 2418 deus
2298 2354 2744 2438 praecipiebat.

545 2458 748 2524 XVII.
832 2458 925 2522 Et
1001 2476 1169 2523 eum
1247 2458 1914 2542 congregaueritis
1996 2479 2478 2546 synagogam,
2564 2463 2745 2527 tuba

459 2567 751 2633 canetis
801 2570 874 2631 et
919 2585 1060 2631 non
1109 2565 1181 2629 in
1231 2565 1469 2649 signo.
1518 2583 1639 2629 non
1681 2583 1828 2649 ergo
1879 2566 1956 2630 ad
2002 2567 2124 2631 hoc
2174 2568 2523 2633 canendum
2569 2589 2745 2651 prae-

367 2704 421 2744 20
460 2675 632 2759 cipit,
692 2677 766 2739 ut
830 2677 1252 2758 congregetur
1316 2692 1643 2756 synagoga
1695 2710 1783 2720 -
1837 2692 1982 2737 nam
2038 2672 2094 2737 si
2147 2675 2266 2739 hoc
2333 2675 2427 2753 fit,
2492 2676 2745 2761 signum

458 2787 556 2848 est
611 2818 700 2829 —-
757 2780 868 2845 sed
923 2781 1049 2846 iam
1107 2782 1489 2865 congregata
1545 2799 1869 2864 synagoga
1922 2780 2229 2864 praecipit
2291 2784 2446 2848 tuba
2503 2803 2743 2862 canere,

455 2893 782 2970 tamquam
832 2887 911 2952 ad
957 2891 1212 2951 cantum
1260 2886 1387 2950 iam
1433 2888 1767 2970 pertineat,
1824 2906 1948 2952 non
2004 2888 2082 2952 ad
2138 2888 2414 2953 dandum
2471 2890 2745 2974 signum,

458 3015 582 3078 quo
632 2995 780 3058 dato
828 2993 963 3058 fieri
1012 2993 1251 3076 aliquid
1308 2994 1661 3061 admoneat.
1736 2994 1997 3077 proinde
2046 3013 2191 3060 cum
2237 2996 2358 3061 hoc
2405 2997 2575 3079 quod
2619 2998 2745 3062 iam

460 3106 842 3186 congregata
908 3120 1228 3185 synagoga
1300 3100 1476 3165 tubis
1552 3100 1860 3165 canebant
1934 3101 2270 3184 quisquam
2345 3103 2532 3168 homo
2597 3103 2748 3168 noui

368 3242 421 3282 25
459 3207 826 3272 testamenti
883 3207 960 3271 ad
1017 3207 1256 3291 aliquid
1312 3207 1600 3290 spiritale
1654 3207 2123 3291 interpretatur,
2180 3208 2276 3272 illi
2324 3209 2579 3292 signum
2627 3213 2745 3286 est,

458 3314 565 3396 qui
613 3313 930 3397 intellegit
977 3333 1168 3396 quare
1215 3313 1345 3389 fiat,
1395 3333 1516 3378 non
1565 3313 1718 3391 illis,
1767 3314 1876 3395 qui
1931 3334 2052 3379 non
2108 3315 2575 3399 intellegebant,
2624 3317 2745 3380 nisi

457 3421 704 3504 quando
753 3421 832 3485 ad
879 3421 999 3486 hoc
1044 3420 1256 3498 fiebat,
1305 3425 1380 3484 ut
1426 3421 1686 3504 aliquod
1734 3440 1893 3504 opus
1939 3421 2343 3488 indiceretur.

545 3526 782 3591 XVIII.
828 3527 921 3591 Et
967 3526 1296 3591 anferam
1347 3527 1430 3591 de
1481 3527 1764 3610 spiritu
1812 3527 1939 3610 qui
1989 3531 2106 3592 est
2152 3528 2222 3591 in
2270 3531 2342 3592 te
2384 3532 2456 3592 et
2493 3546 2743 3611 super·

456 3652 720 3716 ponam
780 3653 1004 3716 super
1063 3653 1220 3708 eos;
1279 3637 1352 3698 et
1398 3635 1897 3699 sustinebunt
1943 3637 2190 3700 tecum
2238 3634 2579 3719 inpetum
2626 3656 2744 3718 po·

366 3775 418 3814 30
458 3740 648 3823 puli,
718 3743 791 3805 et
855 3760 992 3805 non
1066 3740 1408 3823 portabis
1485 3740 1667 3806 illos
1743 3747 1823 3806 tu
1899 3743 2131 3807 solus.
2217 3742 2499 3826 plerique
2563 3742 2745 3807 latini

638 3967 702 4021 18
739 3966 900 4021 Num.
941 3967 1025 4030 10,
1065 3968 1095 4021 7
1205 3968 1274 4021 28
1313 3968 1474 4023 Num.
1517 3970 1600 4030 11,
1643 3970 1708 4022 17

526 4110 559 4162 2
590 4109 833 4179 plurimis
872 4108 1021 4163 VTS
1125 4109 1157 4162 6
1184 4113 1274 4163 eat
1301 4110 1366 4162 N
1473 4112 1503 4164 7
1534 4109 1646 4180 die]
1675 4111 1784 4164 diei
1810 4110 1856 4166 S
1997 4110 2742 4166 abundante—obumbrante

456 4212 557 4252 om.
588 4196 634 4251 S
774 4197 917 4252 nube
945 4216 1045 4252 om.
1074 4198 1128 4251 P
1220 4200 1254 4252 8
1284 4199 1654 4253 habundatius
1694 4199 1745 4252 V
1845 4201 1906 4254 11
1940 4203 1995 4253 et
2024 4200 2245 4269 repetiit
2279 4200 2325 4253 C
2463 4201 2664 4271 repetit
2684 4201 2749 4253 N

459 4287 524 4339 12
563 4287 694 4338 resti
740 4285 785 4339 0
928 4289 994 4341 14
1032 4304 1127 4357 per
1161 4303 1264 4342 om.
1309 4287 1510 4341 (Ῥῑῐῖι
1656 4289 1720 4341 15
1762 4288 2003 4342 dicerent
2046 4288 2164 4342 (ΣΡι
2312 4289 2376 4343 19
2417 4289 2658 4360 precepit
2704 4290 2750 4344 0

457 4374 521 4428 28
562 4363 662 4445 {spb-
704 4374 765 4428 0
853 4377 922 4431 30
959 4377 1199 4444 portabit
1245 4378 1288 4430 C
1433 4377 1577 4430 solos
1622 4377 1667 4430 C
