3076 4976
655 457 1131 522 Quaestionum
1171 459 1281 512 lib.
1324 459 1378 511 11
1418 459 1709 528 (Quaest.
1751 460 1824 514 de
1866 460 2121 528 Exodo).
2407 466 2531 528 127

246 656 402 735 quod
460 655 518 718 ei
576 655 828 738 lignum
887 653 1181 718 dominus
1241 654 1541 728 ostendit,
1601 655 1711 717 ubi
1768 655 2014 718 nullum
2074 661 2226 724 erat,
2297 660 2360 721 et
2423 677 2536 738 per

240 761 475 844 lignum
535 779 739 842 aquas
797 759 1013 824 dulces
1070 759 1241 832 fecit,
1299 759 1729 842 praefigurans
1798 753 2065 843 gloriam
2133 765 2197 823 et
2263 762 2532 845 gratiam

243 868 458 931 crucis.
529 867 647 930 sed
711 868 773 930 in
839 867 951 930 tali
1001 868 1190 930 etiam
1239 870 1463 929 natura
1529 867 1683 950 ligni
1754 868 1896 949 quis
1964 867 2086 931 nisi
2155 873 2398 931 creator
2471 872 2535 932 et

243 975 705 1038 demonstrat-or
750 973 1097 1037 laudandus
1148 977 1292 1036 est?

187 1104 208 1140 ε
324 1081 547 1145 LVIII.
611 1080 846 1144 Dixit·
879 1084 1126 1144 autem
1186 1081 1529 1145 dominus
1588 1081 1674 1144 ad
1731 1082 2082 1163 Moysen:
2143 1102 2319 1147 ecoe
2398 1103 2531 1167 ego

240 1190 478 1272 pluam
557 1188 781 1251 uobis
854 1207 1081 1269 panes
1159 1187 1242 1251 de
1320 1189 1565 1264 eae103
1640 1191 1711 1251 et
1787 1189 1984 1252 exiet
2058 1191 2391 1272 populus
2460 1194 2533 1254 et

241 1295 554 1378 colliget
642 1294 866 1358 unius
953 1293 1101 1357 diei
1188 1294 1255 1357 in
1343 1294 1571 1370 diem,
1658 1299 1740 1358 ut
1824 1299 2131 1359 temtem
2207 1296 2390 1359 illos
2466 1316 2495 1360 s
2573 1368 2590 1372 ,

241 1401 734 1465 ambulabunt
790 1401 859 1464 in
914 1401 1084 1485 lege
1143 1420 1300 1464 mea
1359 1420 1441 1464 an
1501 1420 1663 1464 non.
1723 1403 2014 1465 temtatio
2072 1402 2196 1467 ista
2241 1403 2529 1483 probatio

241 1512 348 1585 est,
403 1529 527 1571 nou
589 1508 670 1572 ad
727 1511 1058 1589 peccatum
1120 1507 1440 1583 seductio;
1502 1527 1614 1571 nec
1673 1508 1814 1572 ideo
1874 1510 2184 1592 p1·obati0‚
2244 1513 2316 1572 ut
2375 1508 2530 1573 deus

164 1635 207 1675 10
238 1617 494 1690 nouerit,
547 1615 664 1679 sed
715 1619 788 1679 ut
824 1615 997 1695 ipsos
1038 1614 1194 1696 ipsis
1234 1614 1600 1679 hominibus
1642 1616 1955 1692 ostendat,
1998 1636 2119 1697 quo
2161 1615 2529 1680 humiliores

238 1722 380 1786 fiant
436 1722 513 1787 ad
574 1721 921 1804 petendum
982 1720 1367 1785 adiutorium
1427 1724 1491 1785 et
1549 1723 2012 1806 agnoscendam
2072 1723 2170 1786 dei
2239 1722 2527 1806 gratiam.

319 1830 578 1895 LVIIII.
632 1830 888 1911 Moyses
939 1831 1003 1892 et
1046 1829 1255 1891 Aaron
1306 1827 1521 1891 dicunt
1573 1828 1650 1892 ad
1697 1829 2004 1911 populum
2066 1829 2230 1892 inter
2286 1835 2526 1894 cetera:

238 1941 535 2019 propter
595 1936 792 2017 quod
852 1934 1246 1998 exaudiuit
1294 1934 1642 1998 dominus
1691 1936 2362 1999 murmurationem
2411 1955 2527 2000 ue·

239 2047 454 2106 stram
506 2062 731 2125 quam
770 2061 904 2106 uos
946 2041 1434 2105 murmuratis
1475 2041 1874 2106 aduersum
1914 2061 2064 2106 nos.
2106 2062 2236 2106 nos
2278 2048 2529 2106 autem

166 2168 207 2204 ιε
240 2151 409 2230 quid
440 2152 755 2213 sumus?
796 2169 934 2213 uon
974 2148 1166 2211 enim
1207 2147 1610 2211 aduersum
1650 2169 1781 2212 nos
1821 2168 2151 2212 murmur
2188 2154 2529 2212 uestrum

240 2262 342 2319 est
407 2256 538 2320 sed
613 2255 1011 2318 aduersum
1080 2254 1314 2317 deum.
1382 2272 1504 2316 non
1574 2274 1644 2318 ex
1709 2254 1830 2319 hoc
1888 2258 2137 2318 tantum
2196 2274 2262 2318 se
2320 2255 2530 2318 ualere

238 2365 573 2426 uoluerunt
634 2367 940 2444 quantum
1009 2361 1164 2423 deus
1230 2397 1319 2405 —-
1386 2359 1676 2424 dixerunt
1742 2362 1937 2426 enim:
2023 2362 2201 2444 quid
2269 2381 2528 2426 sumus

239 2475 407 2535 nos?
458 2509 545 2517 —
601 2474 676 2534 ut
722 2469 815 2533 illi
865 2469 1206 2534 aduersum
1256 2470 1439 2535 illum
1491 2488 1558 2533 se
1619 2468 1857 2533 scirent
1912 2487 2362 2545 murmurasse,
2423 2469 2532 2552 qui

236 2579 385 2641 istos
443 2580 713 2643 miserat
770 2580 834 2640 et
887 2577 995 2659 qui
1052 2597 1165 2659 per
1219 2578 1378 2643 istos
1438 2577 1835 2660 operabatur.
1896 2596 2010 2641 nee
2071 2578 2217 2642 talis
2277 2581 2375 2642 est
2419 2578 2528 2641 illa

166 2702 208 2737 θ’)
239 2684 561 2759 sententia,
648 2682 759 2745 ubi
832 2682 1065 2746 Petrus
1142 2683 1296 2746 dicit
1368 2683 1679 2747 Ananiae:
1759 2702 1985 2747 ausus
2063 2703 2136 2747 es
2222 2684 2526 2748 mentiri

239 2790 548 2871 spiritui
605 2792 917 2853 sancto?
967 2809 1102 2853 nou
1152 2789 1586 2854 hominibus
1636 2789 2000 2853 mentitus
2051 2809 2156 2866 ea,
2199 2790 2326 2854 sed
2367 2791 2523 2855 deo.

238 2915 347 2958 non
396 2896 565 2959 euim
623 2896 743 2959 ait:
802 2915 1035 2969 „ausus
1076 2916 1143 2960 es
1182 2897 1436 2960 mentiri
1476 2896 1681 2963 mihi?
1721 2915 1840 2959 non
1881 2895 2037 2959 mihi
2086 2897 2393 2960 mentitus
2435 2917 2522 2975 es,

226 3002 339 3067 sed
393 3003 595 3066 deo“:
656 3002 820 3083 quod
885 3003 937 3066 si
996 3003 1280 3080 dixisset,
1341 3003 1550 3067 simile
1608 3003 1853 3068 fuisset.
1916 3022 2116 3084 neque
2183 3002 2272 3065 ita
2336 3002 2522 3068 dixit:

244 3128 462 3181 ‚ausus
499 3130 571 3174 es
606 3109 857 3172 mentiri
887 3109 1136 3193 spiritui
1180 3114 1445 3174 saneto?
1486 3129 1607 3173 non
1649 3109 1901 3191 spiritui
1949 3112 2168 3173 saneto
2215 3110 2523 3175 mentitus

164 3235 206 3274 25
240 3233 320 3290 es,
376 3216 487 3280 sed
548 3216 748 3290 deo⁴‘;
807 3217 899 3280 ita
955 3216 1120 3280 enim
1181 3217 1444 3299 loquens
1494 3221 1756 3300 negaret
1803 3216 1986 3279 deum
2040 3235 2179 3279 esse
2229 3216 2524 3297 spiritum

239 3328 540 3388 sanctum.
574 3342 744 3387 nunc
777 3342 925 3387 uero
959 3343 1101 3387 cum
1134 3323 1429 3388 dixisset:
1471 3343 1700 3387 ausus
1743 3343 1817 3386 es
1859 3324 2164 3386 mentiri
2209 3322 2519 3403 spiritui

403 3535 434 3585 5
472 3532 573 3587 Ex.
618 3533 700 3595 16,
741 3534 773 3585 4
888 3533 951 3585 13
990 3532 1081 3585 Ex.
1127 3533 1208 3595 16,
1250 3534 1280 3583 S
1390 3532 1459 3584 20
1500 3532 1618 3585 Act.
1659 3534 1708 3589 5.
1749 3534 1799 3584 3.
1838 3532 1870 3583 4

307 3673 329 3723 1
371 3671 623 3725 dominus
663 3672 871 3741 lignum
916 3672 999 3725 Vb
1110 3675 1141 3725 :3
1181 3675 1375 3725 natura
1412 3689 1512 3725 om.
1555 3671 1766 3726 PSVT
1906 3672 2054 3741 ligno
2094 3672 2253 3726 SVT
2355 3674 2387 3725 5
2427 3691 2520 3726 au-

239 3763 338 3812 tem
367 3778 465 3815 om.
496 3763 528 3814 b
642 3762 677 3814 6
715 3761 882 3814 exibit
908 3761 974 3813 N
1077 3764 1108 3813 8
1150 3761 1427 3814 ambulent
1458 3761 1487 3813 b
1633 3762 1753 3828 lege
1793 3769 1911 3813 mesi
1943 3762 1988 3814 C
2098 3762 2161 3814 10
2201 3764 2367 3831 ipsos]
2404 3763 2520 3832 ipso

249 3847 293 3897 V
324 3850 433 3918 ipse
473 3852 505 3904 b
657 3850 800 3919 quod
838 3851 974 3904 P¹T
1085 3853 1146 3904 12
1186 3852 1239 3904 in
1280 3854 1423 3913 terra
1464 3856 1645 3903 cetera
1692 3849 1739 3902 T
1848 3852 1909 3904 14
1953 3868 2057 3919 qua
2102 3851 2147 3904 G
2289 3869 2518 3905 murmo-

239 3939 387 3991 rastis
422 3939 468 3993 C
488 3942 865 3993 murmurastis
903 3940 951 3992 T
1060 3941 1125 3993 15
1165 3940 1422 3993 aduersus
1452 3940 1517 3992 N
1626 3941 1690 3992 16
1726 3943 1807 3992 est
1836 3957 1935 3993 om.
1967 3940 2030 3991 N
2169 3940 2424 3992 aduersus
2451 3941 2524 3993 bd

242 4024 500 4082 dominum
541 4030 574 4081 b
742 4046 802 4081 ex
840 4028 958 4098 hoc]
1001 4030 1140 4082 enim
1182 4029 1212 4080 b
1363 4030 1425 4081 18
1468 4029 1726 4082 aduersus
1764 4028 2110 4082 PSM'de
2277 4031 2409 4081 scire
2447 4030 2522 4081 Ρι

246 4115 301 4166 19
338 4115 429 4168 illa
469 4122 551 4170 est
591 4118 629 4171 d
737 4118 806 4171 20
846 4117 1111 4170 annaniae
1156 4117 1357 4170 CPSN
1504 4134 1598 4170 cur
1635 4134 1797 4169 ausus
1838 4117 1868 4169 b
2002 4135 2087 4169 os»
2117 4116 2163 4170 S
2267 4118 2329 4169 21
2371 4133 2520 4169 men-

240 4203 365 4256 titus
404 4222 458 4258 es
495 4223 596 4261 om.
638 4206 683 4261 S
799 4206 917 4259 deo,
959 4205 1115 4271 Quod
1154 4207 1329 4260 simile
1362 4206 1554 4259 fuisset
1585 4206 1630 4258 si
1662 4206 1912 4259 dixisset:
1952 4223 2057 4259 non
2085 4206 2301 4274 spiritui
2333 4209 2518 4259 sancto

242 4294 485 4346 mentitus
517 4313 572 4348 es
603 4297 762 4365 (nera.
796 4299 894 4359 24]
925 4312 1034 4364 sqq.
1068 4296 1097 4347 b
1174 4296 1240 4349 22
1274 4295 1558 4347 non—deo
1589 4295 1718 4347 add.
1749 4312 1816 4348 m.
1848 4298 1886 4347 2
1909 4296 2186 4363 scriptura
2216 4295 2442 4347 scottica
2469 4296 2525 4347 P

241 4379 360 4433 mihi
389 4390 515 4450 post
552 4384 771 4437 mentiri
809 4401 911 4438 om.
952 4383 997 4437 S
1138 4384 1268 4436 mihi
1307 4402 1414 4437 nou
1454 4387 1620 4437 ment.
1663 4385 1707 4435 C
