3076 4976
534 477 660 540 140
1238 472 1290 527 S.
1347 471 1624 526 Aureli
1682 470 2120 540 Augustini

529 668 835 735 mentiris,
876 668 1001 731 tale
1042 668 1276 751 quippe
1316 688 1436 732 non
1478 671 1577 731 est
1623 667 2023 730 aduersus
2072 663 2515 747 proximum
2564 667 2805 738 tuum3

529 779 603 835 ut
647 773 787 838 ideo
837 774 1131 838 uideatur
1179 775 1296 838 hoc
1345 774 1667 838 addidisse
1717 773 2052 854 scriptura,
2094 790 2250 852 quae
2289 775 2511 853 posset
2546 771 2811 835 breuiter

532 878 773 944 dicere:
834 879 1134 944 falsum
1199 881 1766 945 testimonium
1836 899 1981 943 non
2062 879 2321 955 dices,
2390 878 2562 943 sicut
2637 877 2806 940 dixit:

530 1006 675 1049 non
736 985 1095 1063 occideS‚
1152 1005 1297 1051 non
1354 985 1946 1062 moechaberis,
2005 1004 2154 1048 nou
2210 983 2657 1048 furaberis.
2712 983 2810 1047 sed

529 1092 675 1156 binc
721 1111 947 1175 magna
986 1092 1272 1173 quaestio
1314 1097 1412 1156 est
1449 1111 1562 1155 nec
1603 1112 1638 1155 a
1675 1092 2120 1155 festinantibus
2159 1090 2490 1155 commode
2533 1089 2810 1173 explicari
2861 1118 2880 1158 ⁵

531 1200 761 1278 pot-est,
844 1198 1156 1278 quomodo
1242 1197 1678 1279 accipiendum
1765 1198 1877 1262 sit:
1964 1198 2256 1279 perdes
2342 1217 2608 1261 omnes
2693 1197 2809 1278 qui

529 1307 977 1385 loquuntur
1022 1304 1544 1381 mendacium,
1596 1307 1693 1368 et:
1751 1304 1914 1368 noli
1963 1304 2181 1368 uelle
2229 1303 2559 1368 mentiri
2609 1321 2810 1368 omne

529 1410 1030 1474 mendacium
1080 1414 1144 1474 et
1190 1415 1397 1474 cetera
1444 1411 1634 1474 huius
1683 1410 1877 1475 modi.

622 1519 875 1582 LXXII.
927 1518 1022 1580 Et
1070 1519 1325 1581 omnis
1372 1520 1726 1600 populus
1785 1518 2124 1581 uidebat
2179 1536 2454 1582 uocem
2514 1519 2593 1580 et
2650 1517 2811 1579 lam-

531 1625 779 1706 padas
840 1630 917 1688 et
974 1643 1256 1688 uocem
1313 1624 1557 1688 tubae
1615 1629 1691 1688 et
1746 1628 2090 1689 montem
2147 1624 2615 1688 fumantem.
2666 1621 2812 1686 solet
2843 1652 2882 1690 ιο

533 1732 747 1812 quaeri
808 1731 1119 1810 quomodo
1173 1731 1450 1812 populus
1516 1731 1777 1795 uidebat
1840 1750 2087 1809 uocem,
2157 1750 2302 1795 cum
2370 1750 2489 1795 uox
2561 1748 2680 1794 non
2742 1727 2808 1790 ad

532 1837 765 1912 uisum,
825 1837 934 1900 sed
991 1837 1202 1917 potius
1262 1837 1340 1900 ad
1397 1838 1682 1902 auditum
1739 1839 2049 1922 pertinere
2108 1838 2419 1902 uideatur.
2484 1837 2596 1901 sed
2662 1836 2814 1898 sicut

533 1943 721 2006 modo
782 1942 906 2005 dixi
973 1943 1332 2018 „uideatur“
1393 1944 1467 2007 de
1517 1945 1808 2008 omnibus
1860 1965 2017 2026 quae
2066 1964 2102 2006 a
2146 1964 2247 2008 me
2296 1944 2467 2007 dicta
2515 1946 2683 2020 sunt,
2731 1941 2809 2003 sic

542 2049 831 2126 „uidero“
898 2050 1061 2113 solet
1119 2070 1226 2132 pro
1287 2051 1561 2133 generali
1620 2070 1811 2116 sensu
1868 2052 2015 2134 poni
2081 2071 2200 2115 non
2268 2052 2476 2116 solum
2547 2048 2809 2132 corpon‘s

535 2175 757 2218 uerum
798 2156 988 2219 etiam
1028 2155 1241 2219 animi.
1281 2155 1445 2218 unde
1486 2159 1550 2219 et
1588 2155 1746 2219 illud
1784 2161 1913 2221 est:
1955 2176 2124 2222 cum
2174 2156 2540 2221 uidisset
2586 2154 2809 2220 Iacob
2843 2187 2881 2224 ιε

538 2262 724 2344 quia
782 2265 977 2325 sunt
1033 2280 1265 2325 escae
1323 2262 1395 2324 iu
1455 2263 1860 2345 Aegypto,
1911 2264 2075 2328 unde
2123 2265 2344 2345 utique
2394 2264 2621 2327 absens
2672 2265 2808 2326 erat.

535 2388 914 2450 quamquam
966 2367 1247 2431 nonnulli
1304 2368 1594 2442 „uidere“
1650 2389 1870 2433 uocem
1924 2370 2083 2432 nihil
2132 2369 2305 2433 aliud
2353 2389 2495 2433 esse
2545 2367 2812 2432 arbitrati

536 2479 685 2538 sunt
732 2496 920 2556 quam
976 2475 1445 2559 „intellege1·e“‚
1497 2476 1605 2559 qui
1655 2477 1836 2541 uisus
1885 2477 2115 2542 mentis
2167 2481 2282 2541 est.
2334 2496 2480 2541 eum
2528 2497 2678 2541 uero
2723 2474 2812 2538 hic

538 2581 814 2645 breuiter
870 2581 1206 2645 dicendum
1264 2588 1451 2657 esset,
1512 2583 1679 2665 quod
1736 2584 2487 2666 populus.uidebat
2552 2601 2812 2647 uocem

536 2692 611 2751 et
659 2687 1073 2769 lampadas
1123 2692 1199 2752 et
1244 2708 1520 2754 uocem
1569 2692 1809 2755 tubae
1850 2695 1926 2755 et
1964 2695 2306 2755 montem
2343 2692 2806 2757 fumantem,
2840 2722 2879 2761 20

535 2794 822 2874 quaestio
908 2794 1108 2858 maior
1199 2802 1518 2873 oreretur,
1597 2797 1910 2879 quomodo
1987 2798 2284 2861 audiebat
2354 2796 2682 2879 lampadas
2758 2798 2812 2857 et

535 2904 814 2964 montem
880 2901 1249 2976 fumantem,
1316 2903 1485 2984 quod
1550 2904 1825 2985 pertinet
1889 2906 1967 2967 ad
2033 2924 2289 2968 sensum
2357 2904 2637 2969 uidendi.
2702 2902 2810 2966 uisi

538 3007 680 3088 quis
739 3007 909 3071 dicat
963 3027 1076 3071 nec
1133 3011 1260 3071 tam
1309 3010 1590 3073 breuiter
1637 3009 1968 3073 dicendum
2018 3010 2237 3086 fuisse,
2286 3014 2360 3073 ut
2404 3014 2614 3075 totum
2665 3011 2812 3074 dice-

533 3117 742 3176 retur:
792 3113 1090 3177 audiebat
1135 3133 1359 3178 uocem
1402 3120 1465 3178 et
1503 3115 1762 3179 uidebat
1797 3117 2124 3197 lampadas
2166 3121 2230 3180 et
2267 3117 2567 3182 audiebat
2603 3136 2810 3181 uocem

535 3220 724 3282 tubae
773 3224 835 3283 et
881 3220 1141 3284 uidebat
1186 3226 1466 3285 montem
1513 3222 1885 3287 fumantem.
1936 3223 2058 3287 duo
2101 3224 2335 3306 quippe
2374 3243 2605 3305 genera
2649 3222 2809 3287 uocis
2840 3255 2881 3295 2⁵

536 3335 741 3390 erant:
791 3326 867 3391 de
916 3327 1213 3401 nubibus,
1263 3329 1432 3391 sicut
1476 3329 1777 3405 tonitrua,
1827 3332 1891 3392 et
1940 3330 2015 3393 de
2062 3329 2237 3406 tuba,
2281 3330 2334 3392 si
2371 3333 2584 3394 tamen
2623 3331 2809 3412 ipsam

714 3538 745 3590 6
784 3537 871 3589 Ps.
910 3539 959 3601 5,
1000 3538 1030 3589 7
1143 3538 1173 3589 7
1212 3537 1373 3591 Eccli.
1417 3539 1466 3600 7,
1511 3539 1576 3592 14
1686 3540 1717 3592 9
1757 3539 1850 3593 Ex.
1893 3540 1976 3603 20,
2021 3540 2085 3591 18
2201 3541 2265 3593 15
2305 3538 2439 3592 Gen.
2478 3541 2566 3601 42.
2611 3539 2636 3592 1

613 3677 637 3729 1
682 3677 926 3729 mentiris
965 3679 1025 3730 in
1062 3696 1160 3747 my.
1192 3696 1256 3733 m.
1291 3684 1329 3732 2
1359 3679 1490 3732 aad.
1521 3680 1576 3731 P
1680 3682 1712 3732 2
1753 3678 2038 3734 addedisse
2075 3680 2122 3733 C
2261 3682 2437 3750 possit
2470 3680 2518 3734 G
2622 3682 2653 3733 3
2691 3678 2811 3732 dixit

535 3782 638 3820 om.
668 3765 854 3819 P¹SV
955 3769 987 3820 4
1018 3768 1281 3821 furaueris
1317 3767 1363 3821 G
1470 3770 1500 3820 7
1530 3768 1784 3821 locuntur
1817 3769 1927 3822 (35·ι
2038 3770 2069 3822 9
2099 3770 2376 3839 lampades
2406 3769 2453 3823 S
2550 3770 2613 3823 10
2641 3767 2810 3837 quaeri

536 3856 675 3907 solet
722 3856 770 3907 T
898 3857 956 3909 11
1001 3873 1186 3909 uocem
1226 3857 1449 3910 uidebat
1487 3857 1533 3911 S
1660 3859 1724 3911 13
1764 3858 1962 3911 dicitur
2008 3860 2056 3911 T
2181 3861 2244 3912 14
2285 3859 2458 3911 uideri
2505 3858 2552 3912 0
2667 3860 2726 3911 15
2761 3860 2809 3907 et

536 3960 640 3996 om.
680 3944 888 3998 PSVT
994 3946 1129 3999 illud
1169 3945 1309 4000 unde
1350 3946 1403 3998 P
1510 3950 1596 3999 est
1634 3947 1769 4000 illud
1819 3948 1870 3999 V
1950 3949 2014 4002 18
2054 3948 2292 4002 breuiter
2327 3948 2416 4000 hic
2461 3948 2512 4001 T
2606 3947 2667 4001 19
2695 3948 2810 4013 post

537 4035 681 4085 esset
720 4033 999 4087 additum.-
1038 4035 1081 4086 si
1124 4034 1392 4088 diceretur
1440 4036 1488 4087 T
1631 4035 1873 4104 uidebat]
1913 4036 2170 4090 audiebat
2219 4037 2267 4090 T
2370 4036 2442 4090 20
2478 4035 2748 4105 lampades
2773 4031 2814 4085 S

537 4138 599 4174 ac
638 4128 876 4175 montem
915 4122 978 4175 N
990 4123 1171 4177 17de
1312 4127 1373 4177 21
1439 4126 1610 4178 oritur
1647 4125 1693 4179 S
1736 4126 1965 4178 oriretur
2000 4125 2295 4180 P²V2de
2471 4125 2739 4195 lampades
2773 4120 2814 4175 S

536 4210 604 4263 23
644 4213 727 4278 ut]
762 4209 857 4263 sed
888 4218 949 4262 ut
978 4212 1208 4265 PSVbd
1350 4231 1454 4266 non
1483 4218 1659 4266 totum
1699 4214 1748 4266 V
1851 4214 1918 4267 24
1957 4215 2234 4284 lampades
2261 4215 2305 4269 S
2410 4215 2479 4270 25
2521 4220 2575 4268 et
2602 4211 2809 4267 uidebat

535 4304 773 4351 montem
812 4315 914 4352 om.
956 4300 1016 4353 N
1140 4303 1207 4354 26
1238 4308 1365 4370 post
1403 4305 1555 4355 erant
1596 4303 1726 4355 add.
1767 4306 1824 4357 et
1862 4303 2271 4373 PSVdeEuy
2424 4304 2492 4357 de
2531 4310 2658 4356 ante
2691 4299 2807 4353 tuba

535 4404 635 4440 om.
676 4387 797 4442 1¹¹8
810 4389 857 4441 V
