3076 4976
245 1690 296 1725 10

242 2220 295 2261 15

241 2757 297 2797 20

956 508 1481 563 Adnotationum
1519 511 1586 564 in
1622 510 1739 564 Iob
1780 511 1954 565 liber
1991 512 2032 565 Ι.
2505 517 2629 579 571

334 705 745 771 renuntiauit.
841 724 1011 769 ecce
1105 706 1492 770 ferebatur
1584 709 1931 771 mortuus
2033 707 2252 772 silius
2355 707 2627 772 unicus

336 811 598 876 matris
665 829 875 888 suae,
945 830 1128 893 quae
1197 816 1358 875 erat
1423 811 1670 875 uidua.
1741 815 1814 876 et
1879 812 2268 877 uestiebar
2333 813 2625 878 iudicio

337 918 541 981 sicut
623 917 1049 1000 chlamyde:
1135 918 1196 981 in
1288 917 1713 1000 praeferendis
1802 918 2197 999 spiritalibus
2282 920 2637 984 carnalibus

336 1025 634 1089 nesciat
700 1025 1021 1090 sinistra
1089 1026 1268 1107 quid
1333 1026 1576 1089 faciat
1643 1024 1953 1090 dextera
2009 1031 2157 1103 tua,
2214 1025 2281 1090 id
2339 1029 2456 1105 est,
2518 1047 2638 1109 qua

333 1131 682 1197 intentione
732 1134 1063 1213 operetur:
1114 1135 1335 1214 operta
1384 1132 1553 1195 enim
1601 1131 1862 1196 sinistra
1910 1133 2126 1196 dextra
2175 1137 2382 1197 exerta
2431 1136 2529 1197 est
2573 1134 2633 1197 in

334 1239 577 1303 uestitu
655 1237 1040 1320 chlamydis:
1119 1238 1288 1320 quod
1361 1239 1535 1311 facit.
1613 1239 1720 1320 qui
1799 1243 1967 1303 reete
2042 1239 2284 1303 iudicat
2359 1258 2481 1320 quo
2550 1239 2636 1303 sit

334 1343 730 1407 referendum
789 1343 958 1424 quod
1018 1346 1331 1424 operatur.
1393 1343 1763 1408 iudicium
1824 1344 2017 1426 quod
2076 1363 2213 1409 non
2281 1365 2632 1410 noueram

336 1449 753 1532 exquisiui:
858 1468 1028 1514 ecce
1122 1469 1251 1514 nos
1346 1450 1778 1514 dimisimus
1876 1451 2120 1515 omnia
2214 1454 2288 1516 et
2380 1453 2632 1516 secuti

336 1576 593 1621 sumus
659 1562 763 1630 te:
825 1555 1003 1638 quid
1062 1556 1280 1622 nobis
1342 1557 1532 1622 erit?
1596 1556 1752 1621 dicit
1808 1557 2139 1622 felicitatis
2199 1577 2351 1622 suae
2410 1558 2631 1635 fuisse,

336 1664 504 1746 quod
552 1662 845 1727 habuerit
892 1681 926 1725 a
987 1682 1112 1744 quo
1172 1667 1503 1745 quaereret
1560 1663 1637 1727 de
1692 1663 1913 1728 futuro
1972 1663 2232 1730 iudicio.
2291 1665 2633 1749 confregi

335 1771 570 1834 molas
627 1769 1094 1850 iniquorum:
1154 1773 1228 1834 ut
1282 1771 1407 1834 iam
1468 1789 1589 1834 non
1642 1769 2018 1835 deum-arent
2063 1771 2316 1853 plebem
2365 1771 2439 1835 de
2489 1772 2630 1836 cibo

334 1876 534 1959 paniS.
568 1878 772 1939 aetas
806 1895 962 1939 mea
991 1879 1339 1941 senescet
1374 1880 1525 1949 <et>
1568 1877 1773 1941 sicut
1811 1877 2035 1941 arbor
2072 1878 2361 1960 palmae
2393 1879 2632 1942 multo

336 1983 584 2046 uiuam
634 1984 997 2065 tempore:
1047 1982 1545 2065 prolongabitur,
1597 1987 1662 2046 et
1707 2002 1809 2047 ero
1860 1983 2030 2047 sicut
2069 1983 2250 2048 arbor
2287 1984 2533 2066 palmae
2572 1987 2633 2049 in

334 2091 568 2153 honore
643 2089 1027 2171 sempiterno
1113 2091 1179 2153 et
1261 2090 1641 2154 celsitudine
1726 2093 1791 2154 et
1871 2090 2272 2158 rectitudine.
2360 2096 2435 2157 et
2516 2111 2637 2157 ros

334 2196 751 2261 morabitur
807 2195 876 2259 in
934 2215 1177 2260 messe
1238 2215 1424 2261 mea:
1484 2216 1556 2260 ex
1615 2214 1737 2278 quo
1798 2197 2150 2262 seminatur
2195 2200 2260 2261 et
2325 2198 2638 2282 germinat

335 2322 505 2386 ager,
571 2303 802 2367 messis
869 2302 1119 2370 dicitur.
1186 2302 1430 2386 gloria
1494 2323 1652 2367 mea
1717 2322 1910 2368 noua
1972 2323 2286 2381 mecum,
2358 2305 2426 2369 id
2505 2307 2634 2368 est:

335 2410 489 2475 noui
528 2409 917 2474 testamenti.
959 2412 1034 2473 et
1082 2428 1299 2474 arcus
1350 2429 1556 2473 meus
1605 2410 1677 2473 in
1730 2429 1952 2473 manu
2003 2429 2164 2475 mea
2211 2410 2633 2495 gradietur:

335 2518 565 2583 faciam
600 2516 769 2600 quod
800 2517 1138 2600 praecipio,
1182 2520 1254 2581 et
1290 2517 1359 2581 in
1403 2536 1738 2582 sermone
1778 2536 1938 2582 meo
1979 2536 2116 2582 non
2159 2518 2632 2582 adiecerunt:

342 2624 796 2707 perfectionem
844 2623 1160 2707 euangelii
1210 2623 1560 2707 significat:
1610 2644 1754 2688 nam
1805 2643 2009 2690 sermo
2050 2643 2410 2709 synagogae
2450 2624 2636 2688 datus

336 2729 615 2816 indiguit
671 2730 1045 2795 adiectione.
1103 2730 1232 2794 sed
1290 2730 1541 2813 ganisi
1601 2735 1778 2795 sunt
1844 2750 2007 2795 cum
2073 2731 2423 2813 loquerer
2488 2728 2635 2793 eis:

337 2838 487 2919 qnia
520 2838 689 2919 prior
725 2838 966 2902 locutio
1007 2836 1301 2901 timorem
1351 2836 1644 2914 habebat,
1695 2856 1967 2918 sequens
2017 2837 2365 2902 caritatem.
2415 2835 2637 2918 quod-

338 2945 411 3007 si
480 2948 554 3007 et
616 2944 938 3008 riderem
1008 2944 1093 3007 ad
1151 2962 1309 3015 eos,
1370 2963 1508 3008 non
1568 2944 2005 3008 credebant:
2067 2944 2141 3007 de
2197 2943 2298 3008 his
2357 2962 2517 3024 quae
2572 2942 2634 3005 in

335 3049 653 3132 parabolis
731 3050 820 3115 ita
873 3051 1273 3132 loquebatur,
1332 3054 1403 3114 ut
1469 3069 1592 3115 non
1659 3050 2165 3134 intellegeretur,
2235 3070 2355 3115 non
2423 3054 2634 3113 tamen

336 3158 510 3221 sicut
555 3158 751 3220 uerba
799 3176 1021 3221 sonare
1070 3156 1467 3234 uidebantur,
1517 3176 1684 3220 uana
1731 3157 1937 3221 dicere
1986 3160 2338 3240 putaretur.
2389 3155 2490 3219 hic
2542 3159 2640 3219 est

336 3265 505 3329 risus
564 3263 773 3340 Sarae,
836 3263 946 3345 qui
1003 3263 1404 3346 significabat
1461 3264 1675 3328 omnia
1723 3283 1830 3328 eos
1878 3264 1941 3327 in
1991 3264 2323 3346 prophetia
2371 3262 2636 3326 fecisse:

334 3370 499 3435 unde
541 3371 648 3452 qui
686 3369 953 3452 figurate
992 3370 1231 3451 aliquid
1272 3370 1508 3434 dicunt.
1554 3370 1754 3454 elegi
1803 3370 2002 3433 uiam
2051 3389 2303 3435 eorum
2353 3373 2426 3434 et
2473 3366 2637 3433 sedi

518 3632 541 3684 1
584 3630 710 3683 Luc.
752 3632 800 3689 7.
845 3630 909 3683 12
1072 3633 1105 3684 2
1141 3630 1237 3683 Iob
1278 3630 1363 3693 29,
1410 3631 1475 3683 14
1638 3631 1672 3684 4
1709 3629 1904 3683 Matth.
1945 3632 1994 3692 6,
2034 3630 2066 3682 3
2233 3631 2263 3683 7
2303 3629 2401 3682 Iob
2443 3631 2528 3693 29,
2572 3630 2636 3684 16

330 3722 365 3774 8
404 3719 601 3773 Matth.
645 3720 725 3783 19,
766 3721 832 3773 27
1003 3721 1067 3773 10
1104 3719 1201 3773 Iob
1243 3720 1327 3783 29,
1372 3720 1433 3772 17
1605 3719 1668 3773 12
1709 3719 1804 3772 Iob
1845 3720 1933 3777 29,
1979 3719 2041 3771 18
2203 3720 2268 3772 14
2306 3718 2403 3771 Iob
2444 3719 2530 3783 29,
2573 3719 2636 3771 19

336 3811 402 3863 16
441 3808 539 3862 Iob
578 3810 662 3867 29.
702 3809 771 3862 20
958 3810 1020 3862 17
1061 3809 1155 3862 Iob
1196 3810 1281 3872 29,
1321 3808 1391 3862 20
1577 3809 1640 3861 18
1679 3808 1775 3861 Iob
1816 3810 1900 3871 29,
1940 3808 2009 3860 22
2193 3808 2261 3861 20
2310 3806 2404 3860 Iob
2445 3807 2531 3869 29,
2569 3808 2637 3859 22

332 3900 397 3951 21
442 3897 539 3951 Iob
579 3899 664 3959 29,
703 3900 772 3951 24
883 3900 951 3952 ‘25
992 3897 1059 3951 cf.
1099 3896 1231 3953 Gen.
1277 3896 1357 3959 18,
1403 3898 1467 3951 12
1580 3898 1648 3950 26
1686 3896 1802 3949 Iob.
1842 3897 1928 3959 29,
1969 3898 2036 3949 25

409 4074 435 4126 1
478 4072 666 4126 unicus
704 4090 804 4128 om.
852 4073 955 4127 TC
1131 4076 1163 4127 2
1200 4074 1362 4126 matri
1401 4073 1494 4126 Pd
1673 4074 1706 4126 4
1755 4072 1975 4125 sinistra
2014 4074 2109 4124 tua
2147 4071 2201 4124 P
2379 4070 2566 4124 dextra
2604 4070 2635 4124 b

331 4164 365 4214 ὃ
406 4162 661 4215 exortaP
732 4163 761 4215 7
802 4161 1063 4215 iudicium
1102 4176 1205 4215 om.
1233 4161 1280 4216 S
1348 4164 1380 4215 9
1421 4161 1507 4214 die
1536 4161 1582 4214 0
1657 4161 1722 4215 10
1760 4161 2031 4229 confregit
2057 4160 2164 4214 ΡΟ
2237 4161 2301 4215 12
2341 4159 2642 4213 senescitS

332 4256 391 4303 et
429 4249 631 4303 addidi
769 4252 829 4306 13
868 4251 1065 4304 uiuunt
1102 4251 1150 4305 S
1288 4251 1702 4320 prolongabitur
1740 4251 1882 4304 enim
1921 4251 1952 4304 b
2067 4251 2129 4304 17
2169 4250 2341 4318 meus]
2379 4266 2556 4302 meum
2596 4248 2642 4303 S

333 4341 396 4392 21
443 4339 587 4408 quod
626 4350 682 4393 et
718 4341 763 4393 si
804 4340 835 4394 b
1053 4340 1123 4393 22
1160 4339 1388 4393 redirem
1428 4341 1572 4393 Hier
1786 4341 1856 4393 23
1895 4356 1999 4392 non
2039 4339 2245 4407 tamen]
2295 4355 2416 4391 narn
2457 4355 2564 4391 non
2604 4339 2635 4392 b

332 4429 404 4481 24
445 4433 531 4482 est
566 4446 668 4485 om.
715 4429 761 4483 0
866 4430 934 4484 26
975 4430 1065 4498 qui
1106 4446 1208 4485 om.
1248 4430 1277 4483 b
1428 4428 1627 4481 dicitur
1673 4428 1855 4481 TPCb
2004 4444 2186 4480 eorum
2228 4426 2370 4479 uiam
2410 4427 2484 4480 bd
