3076 4976
428 465 557 529 382
1136 462 1186 515 S.
1246 461 1521 517 Aureli
1580 461 2018 531 Augustini

428 657 730 741 quoniam
795 675 941 721 cum
1005 676 1152 721 uere
1216 656 1292 721 fit
1356 675 1517 740 opus
1581 657 1747 740 legis
1814 656 2074 721 caritate
2138 656 2230 733 fit,
2289 675 2408 719 non
2466 655 2723 720 timore:

430 783 591 847 quae
667 763 896 828 caritas
974 763 1177 847 gratia
1243 766 1341 828 est
1405 763 1773 828 testamenti
1837 763 2008 828 noui.
2092 762 2233 827 ideo
2300 762 2363 826 in
2431 762 2726 827 secundis

428 870 667 935 tabulis
727 871 914 935 homo
970 870 1212 953 legitur
1268 869 1602 953 scripsisse
1660 870 1854 934 uerba
1912 870 2032 947 dei,
2082 870 2230 952 quia
2275 870 2465 934 homo
2513 871 2729 951 potest

427 979 635 1042 facere
686 997 845 1061 opus
893 976 1055 1061 legis
1104 996 1217 1059 per
1264 977 1591 1041 caritatem
1640 977 1948 1053 iustitiae,
2001 976 2170 1059 quod
2207 996 2327 1041 non
2367 978 2582 1059 potest
2618 995 2729 1059 per

426 1085 721 1149 timorem
769 1102 1026 1166 poenae.
2787 1107 2815 1145 5

517 1191 703 1255 Nunc
743 1209 912 1274 ergo,
955 1210 1100 1255 cum
1137 1190 1377 1273 legitur
1412 1190 1473 1253 in
1504 1190 1997 1255 Deuteronomio
2039 1189 2115 1254 de
2155 1190 2451 1254 secundis
2489 1189 2726 1253 tabulis

426 1298 513 1362 ita
580 1298 856 1362 dictum:
936 1300 1011 1362 et
1078 1296 1342 1362 excidi
1409 1296 1606 1361 duas
1671 1297 2001 1361 tabulas
2067 1296 2439 1379 lapideas
2506 1295 2729 1359 sicut

426 1403 749 1486 priores
811 1407 888 1467 et
944 1404 1276 1468 ascendi
1335 1403 1410 1467 in
1468 1407 1816 1467 montem
1876 1408 1954 1468 et
2009 1403 2209 1467 duae
2266 1402 2601 1467 tabulae
2646 1403 2726 1466 in

428 1511 749 1575 duabus
796 1511 1166 1575 manibus
1206 1510 1428 1574 meis.
1482 1513 1560 1574 et
1599 1509 1947 1593 scripsit
1985 1511 2062 1573 in
2100 1509 2415 1573 tabulis
2455 1528 2727 1574 secun-

428 1617 608 1681 dum
669 1616 1164 1699 scripturam
1222 1617 1571 1697 priorem
1632 1616 1901 1680 decem
1961 1617 2207 1680 uerba
2252 1654 2340 1661 —
2388 1636 2508 1681 non
2558 1616 2724 1681 enim
2766 1642 2817 1681 ιο

429 1724 553 1788 ait:
622 1727 686 1787 et
743 1710 997 1806 scripsi‚'
1049 1722 1160 1787 sed
1228 1722 1684 1807 „scripsit“‚
1741 1723 1860 1787 hoc
1917 1726 2016 1786 est
2072 1723 2252 1801 deus,
2311 1723 2479 1786 sicut
2533 1724 2723 1805 paulo

428 1832 573 1894 ante
614 1830 850 1894 dixerat
889 1830 1083 1893 uerba
1121 1829 1222 1894 dei
1253 1829 1375 1893 sibi
1406 1829 1608 1894 dicta:
1651 1830 1926 1894 excide
1967 1830 2122 1893 tibi
2163 1829 2358 1893 duas
2397 1829 2724 1893 tabulas

427 1935 805 2019 lapideas
865 1935 1529 2019 quemadmodum
1586 1936 1904 2019 priores
1953 1940 2030 2001 et
2078 1935 2424 2000 ascende
2473 1936 2564 2000 ad
2611 1954 2723 1999 me

432 2041 513 2104 in
562 2044 940 2115 montem;
1002 2045 1079 2105 et
1124 2041 1384 2105 facies
1432 2040 1589 2105 tibi
1649 2059 1906 2105 arcam
1965 2041 2351 2124 ligneam3
2412 2044 2488 2105 et
2535 2040 2724 2105 scri-

430 2147 605 2211 bam
666 2148 742 2211 in
799 2147 1117 2212 tabulis
1176 2149 1421 2213 uerba
1479 2167 1679 2229 quae
1738 2152 1964 2212 erant
2019 2148 2093 2211 in
2154 2148 2466 2211 tabulis
2523 2148 2723 2230 prio·
2764 2173 2816 2214 15

428 2253 659 2317 ribus
699 2290 787 2299 —
816 2254 1214 2318 discutienda
1250 2255 1535 2319 nascitur
1565 2254 1874 2337 quaestio,
1906 2254 2075 2336 quod
2112 2258 2415 2337 utrasque
2451 2255 2724 2331 tabulam,

428 2359 495 2423 id
543 2364 641 2424 est
689 2364 754 2425 et
797 2362 1037 2443 priores
1087 2364 1149 2425 et
1196 2361 1527 2435 secundas,
1571 2360 1728 2426 deus
1776 2361 1879 2425 hic
1926 2361 2163 2445 legitur
2210 2361 2561 2444 scripsisse,
2601 2380 2722 2425 non

426 2467 639 2532 homo.
719 2468 826 2533 sed
878 2468 933 2533 si
980 2467 1043 2532 in
1091 2468 1231 2551 ipso
1280 2487 1530 2552 quoque
1578 2468 1791 2533 Exodo
1851 2469 2044 2533 uerba
2099 2467 2200 2532 dei
2254 2469 2565 2555 legantur,
2613 2468 2723 2533 ubi

426 2576 606 2641 iubet
662 2576 917 2641 easdem
973 2557 1225 2640 tabulas
1274 2577 1597 2641 secundas
1665 2576 1863 2642 excidi
1927 2597 1962 2640 a
2017 2578 2260 2659 Moyse,
2329 2577 2487 2641 nihil
2551 2576 2722 2641 aliud

426 2683 751 2746 inuenitur
789 2703 977 2766 quam
1015 2683 1227 2765 ipsum
1268 2683 1455 2748 deum
1495 2703 1564 2748 se
1605 2685 1856 2749 easdem
1895 2684 2267 2766 promisisse
2307 2684 2722 2766 scripturum;
2762 2710 2815 2749 20

429 2809 573 2853 nam
632 2790 724 2853 ita
781 2790 1091 2872 scriptum
1148 2794 1279 2855 est:
1347 2793 1424 2854 et
1489 2789 1699 2855 dixit
1763 2791 2133 2856 dominus
2201 2790 2293 2854 ad
2357 2791 2722 2873 Moysen:

430 2896 711 2960 excide
753 2897 909 2960 tibi
959 2895 1157 2960 duas
1205 2897 1540 2962 tabulas
1589 2898 1960 2980 lapideas
2012 2898 2237 2962 sicut
2283 2901 2360 2960 et
2405 2897 2722 2980 priores

428 3007 508 3066 et
558 3002 904 3067 ascende
953 3002 1040 3066 ad
1090 3022 1205 3067 me
1254 3003 1329 3067 in
1370 3008 1735 3070 montem.
1788 3009 1864 3069 et
1903 3004 2252 3068 scribam
2293 3004 2366 3067 in
2407 3003 2721 3067 tabulis

430 3109 676 3172 uerba
754 3127 952 3191 quae
1027 3113 1257 3173 erant
1330 3111 1405 3173 in
1472 3111 1788 3175 tabulis
1856 3111 2309 3194 prioribuS‚
2379 3129 2574 3192 quas
2639 3113 2721 3172 tu

425 3215 940 3280 contriuisti.
993 3219 1251 3299 excepto
1299 3217 1513 3299 itaque
1561 3218 1721 3282 libro
1761 3217 2243 3282 Deuteronomii
2289 3216 2719 3299 quaestionem
2757 3242 2818 3282 25,

427 3321 617 3384 istam
668 3322 860 3385 etiam
909 3323 1086 3387 solus
1135 3323 1299 3387 liber
1334 3324 1532 3388 Exodi
1574 3324 1873 3401 continet,
1914 3323 2230 3405 quomodo
2272 3322 2496 3387 dixeiit
2534 3323 2719 3386 deus:

427 3430 508 3490 et
555 3427 906 3491 scribam
957 3429 1031 3492 in
1081 3429 1396 3494 tabulis
1446 3430 1693 3494 uerba
1741 3450 1939 3512 quae
1988 3432 2218 3494 erant
2271 3429 2345 3493 in
2403 3429 2720 3494 tabulis

426 3533 883 3614 prioribuS,
946 3554 1090 3599 cum
1146 3536 1338 3618 paulo
1395 3540 1544 3619 post
1597 3537 1879 3620 legatur:
1950 3537 2216 3601 scribe
2273 3536 2431 3601 tibi
2480 3535 2722 3600 uerba

432 3640 664 3716 haec3
712 3641 1013 3706 etenim
1059 3642 1132 3706 in
1183 3643 1459 3707 uerbis
1509 3643 1635 3707 his
1674 3643 1912 3725 posui
1950 3644 2104 3708 tibi
2144 3646 2720 3707 testamentum

427 3750 508 3810 et
545 3746 890 3813 Israhel.
943 3754 1020 3814 et
1067 3753 1240 3814 erat
1282 3750 1399 3814 ibi
1439 3750 1764 3833 Moyses
1812 3751 1888 3815 in
1928 3756 2377 3833 conspectu
2418 3748 2718 3816 domini
2755 3776 2807 3816 so

608 3974 636 4025 1
679 3973 745 4027 cf.
785 3973 938 4028 Rom.
970 3976 1052 4034 13,
1084 3975 1151 4029 10
1241 3977 1270 4028 7
1308 3975 1471 4028 Dent.
1507 3976 1590 4035 10,
1622 3977 1670 4028 3.
1700 3975 1734 4028 4
1831 3977 1897 4029 12
1934 3975 2112 4030 Dent..
2142 3976 2225 4036 10,
2269 3978 2316 4028 1.
2357 3976 2389 4028 2
2518 3976 2583 4030 21
2623 3975 2718 4029 Ex.

425 4063 511 4123 34,
557 4062 580 4114 1
695 4062 762 4116 28
802 4063 895 4116 Ex.
936 4064 1022 4126 34,
1063 4065 1147 4116 27.
1188 4064 1256 4118 28

495 4204 527 4256 3
566 4208 721 4271 potes
760 4203 825 4256 N
910 4205 942 4257 8
981 4209 1165 4257 monte
1202 4204 1267 4257 N
1363 4206 1394 4258 9
1434 4205 1625 4274 scripsi
1666 4205 1728 4259 N
1819 4207 1888 4259 11.
1925 4206 2138 4276 scripsi]
2182 4206 2400 4276 scripsit
2445 4207 2495 4260 T
2587 4207 2651 4261 13
2689 4223 2722 4259 a

425 4307 513 4344 me
550 4290 616 4343 N
722 4291 788 4343 14
824 4297 1005 4344 monte
1043 4293 1106 4346 N
1248 4292 1413 4346 facias
1452 4292 1570 4346 ΡΝ
1676 4294 1739 4348 17
1789 4294 2066 4364 scripsisse
2106 4294 2304 4364 legitur
2342 4294 2387 4350 S
2492 4296 2560 4350 20
2601 4312 2719 4368 pro-

424 4380 664 4433 misisset
704 4380 766 4432 N
874 4381 942 4434 22
984 4385 1038 4434 ct
1075 4397 1177 4435 om.
1216 4382 1262 4436 S
