3076 4976
479 463 607 524 612
1178 462 1229 516 S.
1288 462 1561 515 Aureli
1619 462 2052 530 Augustini

478 653 592 718 deo
662 657 1095 732 conectuntur,
1163 675 1240 718 ne
1307 656 1555 721 cadant.
1623 656 1928 720 caritas
2006 660 2273 721 autem
2347 675 2773 737 numquam

477 761 721 825 cadit.
781 761 922 843 quis
981 765 1198 826 autem
1256 763 1375 827 hoc
1424 767 1661 838 nosset,
1710 763 1834 826 nisi
1878 763 1990 827 ille
2038 763 2444 841 ostendisset,
2492 764 2601 845 qui
2650 765 2767 828 ait:

476 869 930 932 mandatum
987 889 1279 932 nouum
1338 870 1429 933 do
1487 870 1761 946 uobiS,
1822 873 1907 933 ut
1964 889 2109 933 uos
2168 870 2524 934 inuicem
2593 870 2773 934 dili-

479 976 732 1059 gatis,
792 979 888 1039 et:
950 976 1087 1057 qui
1143 996 1255 1040 me
1313 976 1641 1060 diligit,
1702 977 2115 1060 diligentur
2171 995 2207 1039 a
2261 979 2490 1059 patre
2557 981 2774 1041 meo?

477 1086 794 1164 septum
846 1101 1062 1146 eorum
1120 1086 1219 1146 est
1265 1102 1387 1163 quo
1438 1083 1771 1165 sepiuntur
1818 1083 2035 1147 diuina
2074 1084 2383 1165 scriptura
2422 1103 2611 1166 quam
2650 1105 2773 1149 non
2835 1107 2864 1146 ⁵

475 1190 1046 1273 transgrediuntur.
1097 1189 1239 1271 quis
1290 1193 1501 1252 autem
1553 1191 1712 1254 hanc
1763 1190 1984 1272 aperit,
2036 1190 2157 1252 nisi
2208 1190 2285 1253 ad
2335 1210 2520 1272 quem
2572 1196 2775 1254 trans-

474 1297 621 1373 itur,
673 1299 748 1359 ut
807 1297 1127 1359 auferatur
1181 1296 1518 1359 uelamen?
1577 1299 1832 1377 tempus
1882 1297 2224 1378 apertionis
2274 1301 2373 1361 est
2420 1317 2661 1372 eorum,
2709 1297 2777 1360 id

476 1405 577 1467 est
631 1402 1186 1466 demonstrationis
1248 1405 1312 1465 et
1365 1402 1919 1479 manifestationis,
1981 1422 2125 1467 cum
2193 1403 2406 1467 ueniet
2476 1403 2775 1467 dominus

476 1513 539 1573 et
596 1509 1127 1573 inluminabit
1185 1509 1675 1573 abscondita
1729 1510 2249 1574 tenebrarum
2309 1513 2387 1574 et
2440 1510 2772 1573 manife-

477 1617 739 1682 stabit
787 1615 1347 1699 cogitationes
1399 1616 1704 1690 cordis;
1757 1620 1832 1680 et
1878 1620 2070 1680 tunc
2137 1617 2298 1679 erit
2360 1618 2541 1680 laus
2608 1617 2770 1680 uni·
2812 1644 2865 1682 ιο

477 1724 769 1806 cuique
829 1741 863 1784 a
920 1722 1078 1787 deo.
1139 1722 1314 1786 solus
1374 1725 1541 1785 enim
1597 1723 1732 1805 ipse
1783 1723 1902 1787 hoc
1950 1723 2142 1787 faciet
2186 1724 2249 1786 in
2298 1727 2581 1803 tempore
2630 1742 2770 1799 su0,

475 1831 623 1912 quia
679 1811 820 1892 cum
880 1829 1014 1910 ipse
1075 1828 1584 1911 adparuerit,
1646 1829 1820 1892 uita
1877 1834 2189 1906 nostra,
2249 1832 2434 1893 tunc
2495 1834 2573 1893 et
2626 1848 2768 1893 nos

477 1954 647 2001 cum
704 1936 853 1999 illo
915 1934 1488 2016 adparebimus
1536 1934 1615 1998 in
1667 1935 1950 2017 gloria.
2003 1934 2345 1999 inducet
2392 1938 2605 1998 autem
2658 1955 2768 1998 eos

474 2062 664 2125 super
710 2041 1212 2106 aedificationem
1264 2060 1505 2118 eorum,
1557 2040 1664 2122 qui
1705 2061 1812 2105 eos
1852 2041 2043 2105 faciet
2080 2042 2201 2106 hoc
2238 2041 2562 2123 possidere
2603 2042 2773 2123 quod

473 2149 576 2213 hic
642 2148 1130 2213 aedificauerint.
1200 2148 1266 2212 si
1335 2148 1571 2211 cuius
1651 2148 1818 2212 enim
1908 2167 2104 2231 opus
2192 2148 2767 2231 permanserit,
2810 2178 2864 2216 ιε

474 2255 682 2337 quod
757 2254 1538 2337 superaedificauit,
1617 2255 2057 2319 mercedem
2135 2255 2514 2338 accipiet.
2602 2255 2768 2318 scis

475 2361 1158 2426 commutationes
1210 2360 1461 2425 caeli‘?
1520 2365 1735 2425 utrum
1793 2362 1855 2424 in
1917 2361 2215 2438 deterius,
2276 2362 2447 2426 sicut
2502 2360 2569 2424 hi
2635 2361 2768 2442 qui

475 2470 1073 2553 cognoscentes
1108 2466 2767 2551 deumnonsicutdeumglorificauerunt?

471 2576 813 2639 uoluerunt
860 2575 1024 2640 enim
1074 2594 1214 2639 esse
1265 2575 1444 2639 sedes
1495 2574 1628 2649 dei;
1679 2593 1749 2637 ac
1798 2593 1908 2655 per
1954 2575 2072 2638 hoc
2120 2575 2353 2638 mutati
2401 2580 2571 2652 sunt,
2622 2593 2763 2638 cum

474 2684 986 2745 euanuerunt
1057 2682 1134 2745 in
1212 2680 1882 2765 cogitationibus
1952 2681 2148 2745 suis.
2218 2700 2291 2744 an
2357 2681 2418 2744 in
2488 2681 2863 2751 meliusP20

472 2788 622 2870 quia
686 2807 904 2851 omnes
971 2787 1225 2869 quidem
1291 2807 1719 2872 resurgemus»,
1778 2807 1899 2852 non
1956 2794 2166 2852 tamen
2225 2806 2442 2852 omnes
2497 2788 2769 2850 inmuta-

469 2895 699 2960 bimur.
759 2894 867 2975 qui
924 2899 1134 2957 autem
1200 2894 1703 2970 inmutabuntur,
1771 2895 2180 2959 manifestum
2245 2897 2362 2971 est,
2433 2912 2579 2957 cum
2644 2894 2766 2957 ait:

475 3004 552 3064 et
633 3020 774 3064 nos
856 3000 1456 3065 inmutabimur.
1545 3020 1690 3064 cum
1776 3002 1943 3065 enim
2026 3002 2180 3065 iusti
2263 3000 2766 3075 inmutabuntur,

472 3107 720 3171 caelum
776 3107 1214 3183 inmutabitur,
1275 3107 1465 3189 quia
1520 3108 1864 3171 thronus
1924 3107 2050 3171 dei
2109 3107 2420 3171 caelum
2479 3111 2635 3185 est,
2704 3110 2769 3170 et

471 3213 783 3294 sapientia
837 3214 1105 3276 uerbum
1164 3213 1264 3277 dei
1324 3216 1387 3277 et
1444 3214 1639 3277 deus
1699 3218 1868 3277 erat
1927 3214 2261 3277 uerbum
2313 3217 2377 3278 et
2420 3215 2767 3278 thronus
2804 3247 2862 3286 2⁵

470 3320 940 3402 sapientiae
1000 3319 1258 3383 anima
1314 3320 1545 3384 iusti.
1595 3339 1671 3382 an
1720 3324 2065 3403 utrumque
2115 3321 2378 3402 potius?
2425 3339 2547 3383 non
2598 3321 2770 3384 enim

467 3427 1034 3490 commutationem
1120 3427 1295 3504 caeli,
1383 3427 1495 3490 sed
1582 3428 2262 3491 commutationes
2359 3427 2531 3491 dixit.
2631 3431 2770 3490 aut

654 3671 677 3722 1
720 3670 747 3722 1
786 3668 905 3724 Cor.
949 3671 1032 3733 13,
1061 3670 1094 3723 8
1205 3670 1237 3723 3
1275 3670 1390 3723 1011,
1425 3671 1507 3733 13,
1541 3671 1612 3724 34
1710 3670 1744 3722 4
1780 3670 1896 3723 Ioh.
1930 3671 2011 3732 14,
2041 3673 2105 3723 21
2213 3673 2243 3724 7
2283 3670 2350 3724 cf.
2380 3670 2435 3723 11
2466 3670 2591 3727 Cor.
2616 3673 2668 3733 3,
2701 3674 2769 3725 16

463 3760 503 3812 9
544 3758 609 3812 cf.
648 3759 676 3811 I
715 3758 835 3813 Cor.
864 3760 917 3821 4,
947 3762 980 3813 5
1076 3760 1141 3812 12
1181 3759 1248 3812 cf.
1287 3758 1402 3814 Col.
1442 3759 1491 3822 3,
1531 3760 1567 3812 4
1661 3761 1726 3812 15
1767 3759 1833 3812 cf.
1871 3758 1898 3811 I
1936 3757 2054 3813 Cor.
2096 3760 2147 3824 3,
2189 3760 2256 3811 14
2350 3760 2413 3813 16
2451 3759 2550 3812 Iob
2581 3760 2668 3821 38,
2696 3762 2767 3814 33

471 3850 557 3901 17.
596 3848 666 3901 20
705 3847 770 3900 cs.
800 3848 953 3901 Rom.
995 3849 1041 3911 1,
1074 3849 1137 3901 21
1322 3848 1391 3901 23
1431 3848 1456 3900 I
1497 3848 1618 3902 Cor.
1661 3849 1743 3911 15,
1785 3850 1869 3901 51.
1911 3849 1978 3902 52
2159 3849 2228 3901 24
2266 3847 2331 3901 cf.
2369 3848 2571 3903 Matth.
2608 3851 2659 3913 5,
2695 3851 2768 3903 34

463 3938 537 3991 25
577 3936 692 3991 Ioh.
736 3938 782 3999 1,
825 3938 879 3999 13
922 3937 1046 4004 Sap.
1088 3939 1117 3989 1
1157 3937 1226 4007 (?)
1303 3938 1371 3989 27
1410 3937 1507 3991 Iob
1548 3938 1635 4000 38,
1674 3938 1744 3992 33

540 4114 575 4164 2
610 4111 716 4165 hoc
753 4127 854 4164 om.
900 4111 947 4165 0
1121 4117 1309 4166 noscet
1352 4112 1399 4166 0
1557 4115 1589 4167 5
1628 4114 1894 4182 scriptura
1931 4112 2118 4166 diuina
2153 4112 2207 4165 P
2367 4111 2399 4163 6
2440 4113 2680 4181 aperitur
2722 4113 2768 4166 0

470 4202 503 4255 8
542 4200 980 4253 demostrationis
1024 4200 1071 4254 0
1151 4202 1212 4254 11
1252 4201 1353 4254 hec
1391 4201 1506 4271 ipse
1547 4203 1577 4255 b
1664 4204 1729 4255 12
1769 4207 1896 4256 tunc
1933 4218 2035 4256 om.
2081 4198 2199 4253 C'bd
2282 4201 2346 4253 13
2386 4201 2760 4269 apparebimus

471 4306 591 4343 cum
628 4289 723 4341 illo
762 4288 816 4341 P
923 4291 989 4342 15
1029 4288 1416 4358 edificauerunt
1453 4290 1483 4343 b
1589 4291 1653 4343 17
1691 4291 1731 4343 ii
1768 4291 1808 4343 d
1904 4292 1970 4344 19
2009 4289 2118 4358 dei]
2158 4289 2256 4343 celi
2300 4287 2347 4341 0
2450 4290 2521 4343 20
2560 4306 2758 4344 euanu-

473 4378 612 4431 erint
648 4377 702 4429 P
812 4378 879 4430 22
919 4377 1470 4445 qui—inmutabimur
1505 4395 1607 4432 om.
1652 4378 1699 4432 0
