3076 4976
227 1644 279 1682 10

228 2179 279 2215 15

223 2714 277 2751 20

226 3249 280 3289 25

942 475 1470 528 Adnotationum
1511 476 1575 528 in
1615 475 1728 529 Iob
1769 475 1947 528 liber
1982 475 2025 528 1.
2490 481 2617 543 589

317 671 411 736 ita
453 671 873 753 profecerunt,
921 673 997 734 ut
1043 670 1406 735 transierint
1452 689 1699 734 omnem
1750 669 1941 734 istam
1990 670 2413 751 iniquitatem,
2462 690 2619 754 quae

319 777 516 862 uulgo
572 782 722 842 nota
777 781 876 841 est
929 777 992 840 in
1051 777 1472 858 apertissimis
1530 776 1826 858 operibus
1883 777 2222 861 flagitiosis
2282 781 2345 842 et
2388 778 2618 842 facino-

317 885 503 951 rosis,
556 884 691 948 sed
754 884 1064 948 iustum
1133 882 1549 947 exaudiet:
1602 903 1747 947 eum
1795 883 2043 947 scilicet
2099 884 2233 966 qui
2302 904 2385 948 ex
2449 884 2617 948 fide

320 991 557 1068 uiuit,
623 996 697 1055 ut
760 990 998 1073 gratiae
1065 989 1165 1053 dei
1234 990 1515 1072 deputet,
1565 1009 1687 1054 non
1742 991 1986 1054 meritis
2044 991 2179 1055 suis
2238 1011 2360 1055 non
2409 993 2617 1056 solum

320 1096 489 1179 quod
535 1096 884 1161 secundum
933 1096 1104 1160 uitae
1152 1097 1341 1160 istius
1391 1097 1650 1161 modum
1689 1097 2075 1162 iustificatus
2116 1101 2233 1172 est,
2276 1099 2387 1163 sed
2426 1099 2617 1163 etiam

320 1204 488 1286 quod
534 1206 753 1279 restat,
803 1206 876 1266 ut
924 1203 1001 1267 ab
1060 1203 1358 1267 uniuerso
1418 1202 1795 1268 delictorum
1852 1205 2018 1268 malo
2066 1205 2397 1270 liberetur:
2456 1225 2618 1287 quae

317 1312 652 1375 adnuntiat
696 1310 931 1374 ueritas
968 1309 1283 1386 fidelibus,
1325 1328 1470 1373 cum
1509 1310 1745 1373 fuerint
1782 1310 2076 1386 roborati,
2117 1312 2364 1391 quando
2413 1311 2618 1391 capi·

320 1421 558 1481 entur
603 1416 680 1480 iu
727 1417 1068 1480 funibus
1109 1417 1672 1499 paupertatis3
1715 1416 1921 1480 adhuc
1963 1417 2128 1480 enim
2169 1416 2615 1499 compediti

320 1527 510 1588 sunt
557 1522 1104 1604 compedibuS‚
1146 1522 1424 1586 nondum
1468 1523 1743 1598 exaltati,
1784 1526 1858 1585 ut
1896 1523 2234 1587 sedeant
2278 1524 2352 1587 in
2402 1524 2614 1588 solio

320 1650 492 1694 cum
539 1629 878 1712 regibus
928 1629 990 1691 in
1038 1632 1438 1710 perpetuum.
1489 1631 1567 1692 et
1623 1628 1848 1704 dixit,
1911 1630 2098 1711 quia
2147 1633 2615 1694 conuerten-

319 1739 449 1800 tur
497 1737 585 1799 ab
632 1735 1108 1816 iniquitate.
1168 1738 1283 1808 „et
1331 1735 1574 1798 dixit‘*
1633 1735 2141 1800 subaudiendum
2200 1741 2299 1800 est
2353 1737 2612 1810 „deus“.

322 1842 389 1906 si
438 1841 973 1905 obaudierint
1011 1844 1088 1905 et
1126 1841 1605 1918 seruierint‚
1648 1843 2174 1924 complebunt
2211 1842 2383 1907 dies
2425 1862 2613 1908 suos

320 1949 397 2012 in
461 1948 694 2012 bonis
764 1953 840 2010 et
907 1967 1151 2011 annos
1220 1966 1411 2011 suos
1476 1947 1552 2010 in
1622 1949 1919 2031 gloria:
1970 1952 2122 2012 tunc
2170 1969 2319 2013 uero
2369 1951 2615 2014 nullum

317 2058 650 2138 peccatum
719 2055 838 2118 en't
902 2055 963 2118 in
1032 2055 1306 2128 homine,
1367 2055 1516 2137 quia
1572 2055 1747 2119 nulla
1805 2056 1923 2119 erit
1986 2056 2208 2120 mortis
2276 2057 2614 2135 contenti0‚

318 2162 381 2225 id
430 2166 528 2226 est
572 2161 922 2245 indigentia
967 2160 1396 2238 iuortalitati8‚
1450 2181 1609 2243 quae
1657 2161 1824 2225 facta
1872 2165 1970 2225 est
2016 2163 2089 2227 de
2139 2168 2419 2243 peccato,
2468 2183 2613 2227 cum

319 2270 444 2333 iam
511 2268 784 2332 dicetur:
851 2268 986 2331 ubi
1056 2272 1199 2345 est,
1276 2288 1505 2345 mol-S,
1578 2270 1999 2332 contentio
2077 2272 2266 2333 tua?
2341 2271 2613 2352 inpios

320 2393 507 2438 uero
575 2394 724 2438 uon
790 2373 1048 2437 faciet
1114 2374 1413 2451 saluos,
1466 2394 1552 2437 eo
1621 2374 1829 2457 quod
1894 2374 2334 2439 noluerunt
2400 2376 2613 2440 scire

321 2480 767 2545 dominum:
815 2480 936 2544 hoc
986 2480 1064 2544 ad
1113 2484 1334 2565 gentes
1383 2480 1590 2565 magis
1638 2481 1892 2546 uidetur
1936 2482 2268 2564 pertinere.
2320 2486 2397 2547 et
2444 2502 2616 2547 cum

320 2591 858 2663 monerentur,
916 2588 1552 2652 inoboedientes
1611 2592 1875 2653 erant:
1935 2589 2053 2653 hoc
2116 2590 2191 2653 ad
2240 2590 2507 2654 Iudaeos
2558 2593 2623 2654 et

320 2713 537 2758 omnes
588 2694 695 2776 qui
744 2695 834 2758 eis
883 2714 994 2778 per
1039 2694 1576 2759 inoboedientiam
1616 2695 1858 2759 similes
1899 2701 2049 2760 sunt
2089 2697 2281 2760 etiam
2319 2696 2382 2759 in
2423 2698 2620 2761 eccle-

323 2801 435 2865 sia.
488 2805 565 2864 et
623 2801 1101 2883 hypocritae
1160 2800 1396 2865 corde
1452 2805 1754 2882 ponent
1812 2802 2200 2866 furorem:
2253 2821 2376 2884 quo
2426 2803 2620 2867 domi·

321 2928 471 2971 num
522 2906 983 2971 crucifixerunt.
1043 2926 1190 2971 non
1259 2907 1751 2982 clamabunt,
1819 2907 2006 2989 quia
2071 2908 2379 2992 ligauit
2447 2928 2619 2973 eos:

322 3014 556 3078 honore
614 3013 886 3077 nominis
946 3034 1137 3096 super
1202 3033 1422 3078 omnes
1489 3019 1735 3096 gentes.
1812 3015 2210 3079 moriatur
2285 3035 2469 3097 ergo
2543 3016 2621 3078 in

318 3121 758 3185 iuuentute
808 3120 1069 3185 anima
1118 3139 1427 3185 eorum:
1475 3122 1537 3184 in
1590 3121 1904 3203 superbia,
1956 3142 2080 3203 qua
2126 3142 2193 3186 se
2242 3122 2625 3186 extollebant

322 3227 527 3291 ueluti
576 3227 652 3291 de
700 3228 941 3292 meritis
992 3247 1252 3308 operum
1300 3247 1581 3291 suorum.
1633 3234 1711 3291 et
1776 3228 1950 3291 uita
2016 3248 2283 3292 eorum
2352 3230 2622 3293 uulne-

322 3335 549 3395 retur
596 3333 686 3395 ab
736 3332 1092 3416 angelis:
1144 3333 1541 3397 commodius
1592 3333 1901 3414 accipitur
1949 3353 1983 3397 a
2021 3335 2259 3398 nuntiis
2307 3336 2621 3413 uel·itatiS‚

325 3457 594 3519 quorum
644 3438 838 3502 aliis
889 3437 1079 3503 odor
1125 3439 1350 3502 uitae
1397 3440 1473 3502 in
1525 3439 1798 3516 uitam,
1850 3439 2044 3504 aliis
2094 3441 2284 3504 odor
2330 3440 2620 3503 mortis

324 3547 398 3608 in
458 3550 814 3609 mortem.
866 3546 1073 3627 quod
1137 3546 1739 3610 tribulauerint
1802 3546 2218 3611 infirmum
2286 3552 2362 3611 et
2408 3548 2622 3612 inua-

503 3737 533 3791 3
571 3736 667 3789 Iob
709 3737 794 3798 36,
838 3736 904 3790 10
1004 3736 1142 3788 Hab.
1185 3738 1232 3797 2,
1274 3738 1307 3788 4
1414 3737 1479 3790 10
1517 3737 1614 3789 Iob
1655 3738 1741 3798 36,
1787 3738 1849 3790 10
1954 3739 2013 3791 11
2057 3737 2155 3791 Iob
2199 3740 2286 3801 36,
2330 3740 2391 3792 11
2494 3740 2558 3791 16
2597 3737 2622 3791 Ι

323 3825 444 3879 Cor.
489 3826 571 3885 15,
612 3828 680 3878 55
754 3824 851 3877 Iob
893 3825 979 3887 36,
1023 3826 1089 3876 12
1165 3826 1231 3879 18
1270 3824 1365 3877 Iob
1407 3827 1491 3884 36.
1535 3827 1601 3878 12
1678 3827 1741 3878 21
1784 3825 1879 3878 Iob
1920 3826 2010 3892 36,
2054 3826 2116 3879 13
2191 3828 2260 3879 22
2299 3826 2394 3879 Iob
2435 3828 2523 3890 36,
2557 3828 2622 3881 13

322 3915 392 3967 ‘23
429 3913 525 3966 Iob
565 3914 651 3973 36,
696 3914 762 3966 14
880 3914 949 3966 25
987 3912 1084 3965 Iob
1125 3914 1211 3976 36,
1254 3915 1318 3966 14
1438 3915 1503 3967 27
1548 3914 1611 3967 cf.
1652 3913 1706 3966 ΙΙ
1746 3913 1864 3968 Cor.
1906 3916 1956 3975 2,
2003 3917 2066 3969 16
2177 3916 2246 3968 28
2284 3915 2381 3968 Iob
2421 3916 2509 3978 36,
2553 3917 2617 3969 15

397 4038 429 4089 6
457 4038 618 4105 quae]
646 4053 802 4105 quem
827 4036 858 4088 b
932 4038 964 4089 9
1003 4036 1207 4089 nudum
1235 4036 1281 4089 Ο
1352 4039 1418 4092 10
1451 4054 1569 4090 cum
1596 4038 1813 4106 regibus
1845 4055 1946 4091 om.
1976 4037 2023 4091 0
2128 4039 2221 4106 qui
2241 4033 2371 4091 P'Sb
2402 4037 2545 4108 quod
2580 4038 2630 4092 C

326 4125 392 4178 12
451 4124 722 4178 audierint
768 4124 851 4178 Sd
905 4125 1175 4178 audierint
1231 4130 1285 4178 te
1336 4125 1479 4180 Hier
1670 4127 1746 4194 et]
1807 4126 1855 4179 ei
1906 4126 1951 4179 S
2103 4130 2157 4179 et
2204 4127 2535 4195 conplebant
2582 4127 2627 4181 S

328 4217 392 4268 17
430 4215 567 4268 facit
603 4215 745 4267 Hier
904 4215 1179 4267 noluerint
1216 4213 1402 4269 SHier
1585 4215 1649 4267 18
1689 4214 1847 4267 deum
1887 4216 1918 4268 b
2084 4220 2547 4269 commonerentur
2584 4216 2629 4270 S

322 4306 390 4358 21
433 4302 708 4372 deponent
745 4301 792 4357 S
966 4304 1035 4355 22
1075 4303 1167 4372 qui
1206 4302 1251 4355 S
1391 4303 1591 4371 ligabit
1627 4303 1733 4356 PC
1765 4304 1977 4373 ligabat
2014 4306 2045 4357 b
2217 4306 2287 4358 24
2323 4305 2542 4358 iuuente
2584 4304 2629 4359 S

323 4395 394 4446 28
433 4392 780 4445 tribulauerit
817 4391 865 4445 S
