3076 4976
499 492 628 554 384
1208 489 1259 542 S.
1318 485 1588 539 Aureli
1647 486 2086 554 Augustini

497 682 807 747 tabulae
857 701 1044 764 opus
1094 681 1210 745 dei
1252 683 1464 746 erant
1502 686 1575 746 et
1613 681 1997 764 scriptura
2038 681 2419 764 scriptura
2458 681 2575 745 dci
2616 679 2787 767 [est]

498 789 802 871 sculpta
875 789 947 853 in
1023 788 1332 853 tabulis
1426 789 1555 852 iarn
1624 789 1790 853 enim
1858 789 2150 870 superius
2226 788 2465 852 dixerat
2537 788 2789 852 easdem

499 898 749 961 tabulas
818 896 1087 978 scriptas
1154 896 1358 979 digito
1427 895 1528 959 dei
1595 895 1686 960 sic
1751 895 2048 977 loquens:
2127 899 2198 959 et
2273 895 2481 959 dedit
2547 895 2786 977 Moysi

500 1004 766 1070 statim
815 1008 897 1067 ut
944 1003 1286 1067 cessauit
1328 1001 1545 1084 loqui
1592 1001 1680 1066 ad
1728 1022 1890 1066 eum
1949 1003 2019 1066 in
2077 1008 2326 1066 monte
2376 1002 2552 1067 Sina
2607 1001 2786 1065 duas

497 1111 805 1175 tabulas
864 1108 1325 1184 testimonii,
1390 1108 1695 1173 tabulas
1752 1109 2094 1191 lapideas
2154 1110 2482 1192 scriptas
2542 1108 2787 1192 digito
2853 1132 2881 1169 5

496 1218 633 1282 dei.
674 1216 762 1281 ibi
794 1235 941 1298 ergo
974 1221 1036 1280 et
1064 1215 1317 1280 tabulae
1350 1234 1509 1297 opus
1543 1216 1642 1280 dei
1673 1222 1850 1280 erant
1879 1221 1942 1280 et
1981 1216 2293 1298 scriptura
2331 1235 2545 1280 earum
2585 1215 2787 1299 digito

494 1323 594 1388 dei
652 1325 838 1387 facta.
925 1321 1238 1386 secundas
1296 1325 1508 1386 autern
1566 1322 1817 1386 tabulas
1873 1323 2009 1403 ipse
2065 1323 2320 1405 Moyses
2378 1322 2635 1386 iubetur
2690 1340 2787 1385 ex-

494 1430 719 1505 cidere,
799 1432 870 1493 ut
936 1428 1111 1512 ipsae
1180 1432 1347 1492 certe
1413 1447 1599 1511 opere
1665 1427 1940 1493 humano
2007 1429 2460 1513 intellegantur
2521 1428 2785 1503 excisae,

497 1536 791 1619 quamuis
843 1554 946 1599 eas
997 1535 1151 1599 deus
1198 1536 1335 1618 ipse
1385 1535 1729 1616 scripserit,
1781 1535 1950 1600 sicut
1994 1537 2287 1619 promisit
2341 1555 2485 1600 cum
2542 1534 2789 1599 iuberet

496 1642 720 1707 excidi.
780 1660 962 1725 porro
1013 1645 1224 1705 autem
1274 1642 1327 1704 si
1377 1641 1747 1725 diligentius
1795 1641 2210 1707 adtendamus
2257 1643 2398 1707 ideo
2446 1644 2787 1722 utrumqne
2830 1668 2880 1706 m

495 1750 735 1814 dictum
788 1767 928 1811 esse
976 1748 1037 1811 in
1091 1747 1387 1812 secundis
1435 1748 1696 1825 tabuliS,
1747 1748 1893 1831 quia
1949 1753 2013 1813 et
2067 1747 2224 1813 deus
2280 1748 2434 1812 facit
2488 1767 2599 1830 per
2653 1767 2787 1831 gra·

495 1856 651 1919 tiam
712 1875 891 1919 suam
952 1874 1113 1937 opus
1168 1853 1334 1938 legis
1390 1855 1454 1918 in
1512 1855 1765 1919 homine
1823 1860 1886 1919 et
1941 1855 2130 1921 homo
2196 1875 2307 1938 per
2363 1855 2546 1918 fidem
2606 1874 2787 1919 suam

497 1962 847 2044 suscipiens
932 1962 1198 2045 gratiam
1278 1961 1380 2025 dei
1456 1962 1777 2044 pertinens
1855 1961 1933 2025 ad
2014 1965 2467 2027 testamentum
2550 1981 2785 2027 nouum

495 2074 863 2152 cooperator
909 2071 1008 2133 est
1055 2068 1418 2133 adiuuantis
1468 2069 1569 2133 dei
1615 2107 1699 2117 —
1746 2069 1889 2134 ideo
1939 2074 2150 2133 autem
2200 2070 2260 2132 in
2308 2069 2528 2151 primis
2578 2068 2785 2132 solum

497 2194 657 2256 opus
707 2173 806 2239 dei
859 2178 1407 2251 commemoratur,
1460 2176 1607 2256 quia
1653 2176 1752 2239 lex
1791 2176 2096 2259 spiritalis
2138 2179 2238 2240 est
2275 2182 2340 2240 et
2375 2178 2487 2240 lex
2528 2181 2786 2239 sancta
2825 2204 2877 2243 15

499 2284 572 2345 et
619 2279 1052 2344 mandatum
1102 2283 1445 2344 sanctum
1496 2286 1569 2345 et
1614 2281 1900 2345 iustum
1960 2288 2033 2346 et
2087 2282 2386 2359 bonun13
2443 2283 2584 2346 ideo
2635 2302 2782 2346 uero

491 2387 740 2452 nullum
798 2406 956 2470 opus
1014 2387 1287 2452 hominis
1344 2387 1433 2452 ibi
1491 2394 2039 2464 commemoratur,
2099 2390 2248 2472 quia
2311 2389 2595 2454 infideles
2661 2409 2783 2453 non

494 2499 1041 2576 contemperantur
1087 2496 1398 2560 adiutorio
1450 2498 1712 2580 gratiae,
1755 2496 1865 2561 sed
1914 2497 2358 2580 ignorantes
2405 2498 2522 2562 dei
2570 2496 2783 2561 iusti-

492 2602 675 2665 tiam
726 2606 798 2666 et
847 2621 1052 2666 suam
1112 2603 1465 2666 uolentes
1528 2603 2000 2668 constituere
2058 2604 2412 2669 iustitiae
2470 2604 2587 2668 dei
2643 2623 2779 2668 non

492 2713 668 2772 sunt
737 2709 1100 2773 subiecti:
1175 2708 1342 2772 unde
1403 2709 1537 2774 illis
1604 2711 1701 2773 lex
1778 2711 1856 2774 ad
1931 2711 2518 2776 condemnationem
2588 2712 2780 2786 ualet,
2818 2746 2874 2783 20

492 2814 660 2898 quod
723 2815 1041 2897 significat
1098 2814 1392 2878 contritio
1450 2816 1813 2880 tabularum
1861 2853 1947 2863 —
1993 2818 2275 2900 profecto
2331 2838 2451 2882 non
2502 2818 2787 2902 cogimur

492 2923 774 2986 uiolento
824 2921 1161 2985 intellectu
1208 2921 1570 2997 subaudire,
1622 2923 1789 3005 quod
1838 2923 1993 2988 deus
2042 2925 2386 3008 scripserit,
2434 2925 2544 2988 ubi
2591 2924 2784 3006 scrip-

494 3032 639 3093 tura
710 3028 891 3092 dixit:
975 3032 1047 3092 et
1114 3032 1272 3092 erat
1334 3029 1440 3092 ibi
1508 3029 1810 3113 Moyses
1877 3030 1948 3094 in
2016 3037 2432 3114 conspectu
2501 3030 2778 3095 domini

492 3135 1005 3220 quadraginta
1063 3135 1330 3200 diebus
1389 3140 1464 3200 et
1521 3136 2024 3222 quadraginta
2081 3139 2465 3215 noctibus;
2523 3157 2779 3222 panem

491 3263 630 3308 non
698 3242 1198 3307 manducauit
1254 3248 1325 3307 et
1381 3262 1643 3328 aquam
1711 3263 1848 3308 non
1914 3244 2140 3321 bibit,
2210 3248 2282 3310 et
2340 3245 2652 3329 scripsit
2708 3245 2777 3308 in
2817 3281 2868 3318 25

491 3349 783 3414 tabulis
857 3350 1087 3413 uerba
1160 3350 1634 3426 testamenti,
1721 3351 1829 3414 ubi
1913 3351 2100 3415 ualde
2184 3356 2365 3416 sonat
2448 3352 2779 3433 scripsisse

488 3456 776 3538 Moysen.
828 3455 939 3520 sed
986 3456 1127 3521 ideo
1176 3456 1469 3538 superius
1519 3457 1676 3521 deus
1726 3477 1792 3522 se
1838 3459 2133 3541 promisit
2178 3460 2562 3542 scripturum
2610 3462 2672 3522 et
2718 3459 2779 3522 in

489 3563 984 3628 Deuteronomio
1052 3584 1171 3627 non
1242 3563 1450 3628 solum
1516 3563 1608 3627 ita
1672 3564 2041 3646 promisisse
2107 3585 2328 3629 uerum
2397 3566 2589 3630 etiam
2643 3566 2779 3646 ipse

495 3668 828 3751 scripsisse
878 3675 1183 3748 narratur,
1240 3674 1313 3734 ut
1369 3670 1765 3754 significetur
1819 3671 1987 3753 quod
2044 3671 2135 3735 ait
2188 3672 2542 3754 apostolus;
2601 3671 2779 3736 deus

671 3862 703 3914 3
742 3861 835 3914 Ex.
874 3862 959 3924 31,
1003 3862 1069 3914 18
1191 3862 1256 3915 15
1293 3861 1447 3915 Rom.
1490 3861 1538 3924 7,
1581 3862 1648 3914 12
1769 3859 1834 3915 18
1872 3862 2022 3917 Rom.
2067 3862 2147 3926 10,
2187 3863 2220 3917 3
2348 3863 2417 3917 23
2454 3861 2547 3916 Ex.
2587 3863 2674 3926 34,
2712 3862 2781 3916 28

490 3950 557 4003 29
595 3949 737 4004 Phil.
776 3952 824 4008 2,
871 3951 933 4004 13

564 4058 589 4110 1
651 4062 735 4110 est
777 4057 1009 4123 inclusi;
1052 4057 1122 4124 cf.
1170 4062 1375 4125 quaest.
1430 4056 1688 4109 CLXVI
1718 4073 1852 4126 pay.
1899 4061 2025 4120 197,
2078 4061 2149 4110 15
2392 4061 2424 4112 6
2480 4058 2681 4128 scripta
2734 4056 2785 4110 Υ

491 4146 526 4199 8
554 4135 653 4198 'cer
680 4144 881 4215 hopcre
908 4145 974 4199 N
1063 4147 1122 4198 11
1168 4162 1282 4198 esse
1314 4143 1514 4198 dictum
1548 4142 1596 4198 S
1685 4146 1749 4198 12
1788 4162 1935 4198 suam
1962 4162 2064 4199 om.
2103 4145 2155 4199 V
2245 4147 2310 4200 18
2349 4153 2702 4217 cooperantur
2736 4146 2783 4198 Τ

487 4235 552 4288 ‘21
598 4251 850 4303 cogemur
886 4234 951 4286 N
1089 4235 1157 4288 22
1197 4233 1443 4287 dominus
1482 4233 1589 4288 SN
1596 4233 1649 4287 U
1785 4236 1854 4289 :23
1893 4234 2027 4288 dicit
2064 4235 2300 4289 SNL'bd
2443 4238 2509 4290 25
2558 4234 2776 4289 mandu-

489 4323 636 4374 cabit
672 4322 737 4374 N
874 4323 943 4376 28
992 4321 1163 4375 solum
1202 4329 1380 4376 autem
1428 4323 1478 4376 T
1655 4324 1916 4392 promisse
1952 4323 2017 4376 N
2030 4324 2092 4377 1²¹
2236 4326 2306 4379 29
2344 4324 2686 4389 dinarrantur
2719 4321 2785 4376 N

488 4415 765 4464 enarratur
809 4411 861 4463 V
