3076 4976
929 531 1455 585 Adnotationuin
1496 533 1559 584 in
1600 530 1716 585 Iob
1754 531 1927 585 liber
1964 531 2005 584 1.
2480 533 2603 596 541

311 731 522 813 ipsis
558 729 765 795 solis
806 727 991 792 data
1030 730 1155 791 est
1192 730 1439 791 terra:
1480 726 1910 791 inhabitanda.
1940 745 2081 790 nec
2122 727 2610 809 superuenit

311 838 494 902 illis
534 837 959 919 quisquam
1001 838 1464 898 extraneus:
1505 852 1620 897 nec
1654 837 1915 897 sanctus
1949 835 2138 898 homo
2171 835 2275 897 uel
2316 834 2604 917 angelus,

311 943 376 1007 id
426 946 550 1008 est:
600 943 662 1006 in
714 941 1054 1006 securitate
1091 939 1531 1022 possidebunt.
1575 959 1745 1004 cum
1782 940 2273 1021 putauerint
2310 959 2388 1002 se
2429 958 2606 1003 esse

309 1051 463 1114 iam
518 1050 594 1113 in
651 1067 879 1130 pace:
928 1047 1019 1110 ita
1067 1047 1243 1125 dicit,
1305 1047 1487 1129 quasi
1534 1046 1655 1110 hoc
1710 1050 1896 1128 putet
1943 1046 2066 1130 ipsi
2114 1047 2225 1110 Iob
2294 1045 2607 1110 euenisse.

257 1176 459 1221 snon
510 1154 776 1219 credit
824 1154 1198 1218 conuerti
1250 1174 1285 1216 a
1330 1152 1730 1217 tenebris:
1790 1172 1911 1217 non
1972 1152 2173 1217 credit
2220 1156 2292 1216 ut
2351 1172 2605 1217 conuer-

308 1265 483 1327 tatur
530 1282 566 1326 a
611 1261 915 1344 peccatis.
967 1264 1045 1324 et
1093 1240 1474 1324 decretus
1534 1260 1782 1324 estin
1832 1279 2095 1324 escam
2154 1261 2604 1323 uulturum:

309 1368 617 1433 aeriarum
683 1370 1101 1449 potestatum,
1170 1386 1329 1448 quae
1396 1366 1709 1430 mortibus
1778 1370 2182 1448 peccatorum
2239 1370 2607 1446 pascuntur.

308 1476 531 1540 sicut
579 1474 726 1538 dux
775 1475 849 1538 in
899 1474 1151 1557 prima
1199 1473 1371 1538 acie
1421 1473 1777 1537 decidet:
1830 1472 2026 1537 audax
2078 1477 2178 1537 est
2223 1477 2287 1536 et
2325 1491 2447 1536 non
2486 1473 2608 1536 fert

306 1581 773 1646 tribulationes.
852 1581 984 1663 qui
1057 1579 1428 1644 eleuauit
1500 1599 1778 1643 manus
1839 1583 2122 1644 contra
2189 1579 2436 1644 deum.
2496 1599 2604 1643 an:

214 1712 268 1751 ιο
307 1688 457 1770 quia
546 1688 867 1751 eleuauit?
954 1691 1031 1751 et
1106 1686 1479 1752 cucurrit
1564 1690 1846 1751 contra
1939 1707 2110 1751 eum
2205 1690 2603 1750 contume-

305 1796 548 1859 liose:
585 1794 947 1858 aduersaria
976 1794 1260 1858 faciendo
1294 1813 1482 1876 quam
1505 1792 1853 1876 praecepit.
1885 1793 1959 1857 in
1993 1812 2268 1857 crassa
2299 1792 2603 1858 ceruice

307 1901 528 1965 scuti
580 1901 734 1964 sui:
791 1920 1203 1983 praesumens
1253 1900 1328 1964 de
1387 1901 1780 1982 protectione
1839 1919 1976 1964 sua.
2034 1900 2222 1982 quia
2279 1899 2605 1981 operuit

304 2006 600 2071 faciem
651 2006 827 2070 eius
876 2006 951 2068 in
1002 2005 1237 2087 adipe
1298 2025 1472 2071 suo:
1532 2025 1645 2088 per
1691 2005 1960 2088 adipem,
2011 2005 2076 2068 id
2125 2009 2224 2069 est
2279 2024 2389 2087 per
2444 2005 2604 2068 exal·

305 2112 619 2177 tationem
696 2111 1029 2194 superbiae
1107 2132 1258 2176 suae
1336 2111 1667 2176 abscondit
1733 2132 1768 2175 a
1834 2131 1901 2175 se
1970 2111 2179 2176 deum.
2257 2114 2330 2175 et
2400 2112 2606 2175 fecit

212 2252 264 2289 ιε.
307 2220 760 2302 capistrum
810 2238 1052 2301 super
1100 2220 1430 2282 femora:
1480 2222 1555 2281 ut
1589 2218 1959 2282 libidinibus
2003 2219 2134 2282 suis
2176 2219 2600 2302 colligaretur,

305 2345 431 2409 quo
481 2325 738 2389 uinculo
808 2324 1145 2388 duceretur
1192 2323 1269 2387 ad
1317 2326 1604 2389 mortem.
1675 2343 1874 2405 quae
1932 2325 2137 2388 enim
2204 2324 2338 2389 illi
2386 2342 2599 2406 para-

302 2435 619 2509 uerunt,
698 2431 842 2497 alii
911 2432 1316 2496 auferent:
1394 2430 1607 2512 ipsum
1684 2431 1876 2495 etiam
1940 2450 2208 2516 regnum
2282 2434 2602 2495 terrenum

300 2540 411 2602 uel
468 2558 933 2620 quamcumque
1002 2557 1179 2619 spem
1236 2538 1671 2619 temporalem,
1730 2560 1920 2621 quam
1979 2559 2121 2603 cum
2170 2542 2305 2603 toto
2364 2537 2594 2603 mundo

298 2645 459 2708 iusti
509 2644 838 2725 accipient.
890 2649 969 2707 et
1014 2663 1160 2708 non
1212 2643 1624 2708 ditabitur
1671 2665 1810 2709 nec
1857 2644 2364 2728 permanebit
2423 2644 2593 2708 sub-

198 2785 254 2822 20
299 2751 617 2815 stantia
665 2751 875 2814 eius:
925 2751 1078 2834 inpii
1120 2751 1387 2816 scilicet.
1422 2769 1568 2815 non
1608 2752 1982 2817 inmittet
2021 2771 2263 2835 super
2300 2755 2592 2815 terram

296 2857 687 2921 umbram:
738 2857 802 2920 id
844 2860 1111 2921 estnon
1160 2859 1346 2922 uiret.
1398 2858 1537 2922 sed
1587 2859 1924 2940 stirpem
1974 2860 2149 2923 eius
2201 2858 2592 2923 arefaciet

296 2966 631 3027 uentus:
680 2964 966 3027 tentatio,
1014 2964 1431 3045 praecisio
1483 2965 1660 3029 eius
1708 2970 1888 3029 ante
1938 2967 2205 3031 horam
2254 2984 2594 3030 corrum-

293 3073 565 3152 petur:
603 3070 973 3151 priusquam
1006 3074 1236 3151 sperat.
1271 3070 1604 3135 decidat
1640 3076 2045 3154 tamquam
2083 3073 2245 3136 flos
2288 3071 2588 3134 oliuae:

295 3175 551 3240 decidat
581 3196 615 3238 a
643 3195 817 3256 pace,
861 3176 961 3240 uel
1003 3176 1150 3257 quia
1190 3175 1451 3241 meliora
1488 3178 1604 3242 hos
1645 3182 2018 3260 sequuntur,
2058 3177 2589 3259 quemadmodum

192 3316 250 3355 2⁵
292 3284 515 3347 florem
555 3283 1441 3346 f1·uctuS.testimonium
1492 3285 1698 3348 enim
1771 3285 1975 3366 inpii
2024 3304 2262 3349 mors:
2313 3284 2588 3367 signum.

477 3529 501 3578 1
546 3526 642 3578 Iob
687 3528 767 3588 15,
811 3527 874 3579 19
1095 3526 1191 3579 101)
1235 3527 1315 3589 15,
1360 3528 1423 3579 19
1608 3529 1640 3582 3
1679 3527 1775 3580 Iob
1820 3529 1900 3595 15,
1941 3529 2004 3580 21
2191 3529 2222 3581 5
2260 3527 2356 3580 101)
2401 3529 2482 3587 15,
2521 3528 2588 3580 22

291 3617 324 3669 6
365 3614 461 3667 101)
504 3616 587 3677 15,
628 3616 695 3667 23
806 3618 837 3668 8
878 3615 973 3668 101)
1017 3616 1101 3679 15,
1140 3616 1211 3668 24
1321 3616 1352 3668 9
1390 3615 1487 3668 101)
1533 3617 1614 3675 15,
1655 3618 1722 3669 25
1835 3618 1899 3669 10
1939 3616 2032 3669 101)
2077 3618 2158 3682 15,
2198 3616 2265 3669 26
2388 3617 2448 3668 11
2491 3616 2587 3667 Iob

293 3703 380 3763 15,
422 3704 490 3755 26
639 3704 704 3755 12
744 3703 838 3756 101)
883 3704 964 3763 15,
1005 3704 1072 3756 27
1224 3705 1289 3757 14
1328 3704 1424 3755 Iob
1469 3706 1550 3763 15,
1591 3707 1658 3758 27
1809 3708 1875 3758 16
1915 3704 2010 3758 101)
2054 3707 2135 3765 15,
2176 3707 2245 3757 28
2386 3705 2449 3756 19
2487 3704 2585 3758 lob

294 3793 379 3847 15.
421 3793 489 3844 29
573 3794 641 3845 20
679 3791 775 3845 Iob
819 3794 901 3855 15,
941 3794 1009 3845 29
1100 3794 1162 3846 21
1207 3792 1303 3845 101)
1348 3796 1428 3855 15,
1469 3794 1537 3847 30
1623 3796 1690 3846 22
1728 3794 1825 3847 101)
1872 3796 1951 3860 15,
1991 3796 2059 3848 32
2152 3794 2218 3847 23
2259 3794 2354 3846 101)
2398 3796 2478 3855 15,
2519 3794 2586 3847 33

289 3882 360 3933 25
400 3879 497 3933 101)
540 3881 622 3943 15,
664 3882 732 3933 34

368 4005 392 4057 l
433 4004 813 4074 inhabitanda]
852 4006 906 4057 in
945 4005 1043 4059 hac
1082 4010 1291 4058 tantum
1337 4005 1446 4058 GT
1443 4006 1579 4058 PCb
1724 4008 2072 4074 superueniet
2117 4005 2218 4059 TC
2357 4008 2388 4058 3
2429 4009 2587 4074 puta·

289 4094 433 4147 uerit
472 4092 517 4147 S
642 4094 745 4145 iam
786 4111 902 4147 esse
942 4094 988 4146 S
1110 4095 1142 4147 5
1182 4094 1365 4146 credet
1401 4093 1447 4148 S
1571 4112 1602 4146 a
1638 4110 1740 4148 om.
1782 4094 1827 4147 S
1939 4094 2187 4147 tenebras
2225 4094 2270 4148 S
2395 4094 2426 4146 6
2463 4094 2584 4147 uul-

287 4186 465 4235 torum
506 4181 552 4236 S
664 4184 694 4235 7
734 4199 1006 4236 aerearum
1047 4184 1077 4235 b
1195 4186 1228 4236 9
1268 4200 1374 4252 qua
1417 4183 1545 4236 de
1582 4183 1708 4251 quia
1753 4183 1947 4237 TPCS
2090 4183 2363 4236 dominum
2401 4182 2589 4236 SHier

291 4272 358 4323 10
398 4270 563 4322 currit
610 4270 793 4323 TPCb
910 4274 971 4324 16
1012 4270 1102 4324 ille
1142 4271 1283 4324 Hier
1427 4288 1744 4341 parauerum
1783 4272 1829 4326 S
1863 4273 2074 4340 parauit
2113 4272 2255 4324 Hier
2384 4273 2446 4325 17
2488 4288 2580 4323 au·

285 4358 472 4415 ferunt
523 4358 811 4412 GTPde
997 4366 1264 4412 terrenum
1314 4376 1535 4427 regnum
1593 4362 1638 4413 C
1744 4361 1812 4414 20
1868 4361 2063 4429 impius
2117 4360 2165 4414 G
2311 4362 2495 4413 mittet
2542 4360 2587 4414 S

287 4449 352 4501 21
396 4452 576 4517 styrpe
616 4446 662 4500 S
767 4449 835 4503 23
876 4447 1101 4501 decedat
1141 4448 1187 4502 S
1327 4450 1520 4501 florent
1564 4448 1724 4502 GTP
