3076 4976
465 503 598 566 352
1167 499 1219 554 S.
1279 499 1561 553 Aureli
1615 500 2055 570 Augustini

469 714 585 760 nec
632 693 940 777 propheta
986 694 1095 758 ille
1145 692 1485 771 CretensiS‚
1536 694 1723 759 cuius
1769 695 2154 759 mentionem
2212 694 2365 759 facit
2421 695 2772 778 apostoluS‚

471 820 585 865 nec
655 800 1040 866 Graecorum
1107 802 1449 883 scriptores
1516 801 1622 865 uel
1688 801 2054 884 philosophi
2127 803 2233 866 uel
2298 805 2546 884 poetae,
2613 821 2771 885 quos

468 907 637 972 idem
684 907 821 991 ipse
870 907 1203 990 apostolus
1251 927 1557 992 magnum
1615 926 1763 972 sane
1812 908 2053 991 aliquid
2101 912 2166 973 et
2209 910 2525 974 ueraciter
2567 928 2773 992 prom-

467 1018 610 1078 tum
698 1014 775 1078 ad
848 1013 1268 1079 Athenienses
1358 1015 1626 1098 loquens
1712 1015 1946 1080 dixisse
2031 1015 2394 1081 confirmat:
2471 1016 2547 1080 in
2623 1017 2771 1081 illo

473 1121 682 1185 enim
758 1120 1125 1185 uiuimus
1198 1124 1274 1186 et
1348 1140 1763 1186 monemur
1835 1125 1914 1185 et
1988 1140 2284 1188 sumus,
2376 1122 2527 1186 licet
2605 1121 2772 1186 enim
2837 1143 2864 1182 5

473 1227 730 1293 diuinae
779 1228 1148 1293 auctoritati
1195 1228 1363 1292 unde
1409 1228 1691 1293 uoluerit
1737 1228 1905 1309 quod
1951 1247 2176 1292 uerum
2230 1228 2546 1293 inuenerit
2597 1230 2777 1293 testi·

472 1335 756 1400 moninm
810 1354 1094 1410 sumere3
1155 1335 1268 1399 sed
1325 1353 1445 1399 non
1505 1334 1648 1399 ideo
1708 1335 1923 1398 omnia
1980 1354 2141 1418 quae
2196 1335 2286 1400 ibi
2344 1336 2582 1419 scripta
2627 1340 2777 1402 sunt

470 1441 841 1525 accipienda
890 1441 1237 1507 confirmat.
1314 1460 1427 1505 cur
1474 1444 1688 1505 autem
1735 1440 1856 1505 hoc
1904 1441 2031 1507 isto
2082 1445 2644 1508 commemoratum
2692 1444 2778 1507 sit

474 1549 640 1626 loce,
709 1567 828 1613 non
897 1548 1223 1612 euidenter
1287 1547 1577 1631 adparet3
1645 1547 1766 1611 nisi
1832 1548 2013 1627 forte,
2071 1552 2145 1612 ut
2198 1548 2353 1612 fines
2416 1548 2551 1613 illic
2613 1550 2777 1614 inter

473 1654 636 1718 duas
705 1656 928 1738 gentes
997 1654 1560 1733 constituerentur,
1616 1655 1785 1719 bello
1843 1659 2054 1719 actum
2115 1658 2233 1731 est,
2300 1656 2469 1738 quod
2532 1655 2772 1720 bellum
2813 1682 2866 1721 ιο

473 1761 765 1826 eiusdem
810 1761 937 1825 loci
985 1761 1275 1825 homines
1323 1763 1580 1843 propter
1627 1761 2128 1846 magnitudinem
2177 1762 2453 1838 „bellum
2492 1763 2765 1828 domini⁴⁶

477 1887 623 1931 esse
672 1868 980 1945 dixerunt,
1029 1870 1105 1932 ut
1150 1868 1533 1932 scriberetur
1578 1868 1641 1932 in
1692 1869 1904 1950 aliquo
1954 1888 2171 1933 eorum
2216 1869 2411 1934 libro:
2468 1870 2772 1935 bellum

480 1973 788 2039 domini
827 1974 1038 2038 Zoob
1086 1974 1663 2047 inflammauit,
1704 1975 1871 2057 quod
1921 1977 2028 2039 uel
2074 1976 2297 2040 arserit
2343 1976 2560 2040 eodem
2607 1976 2773 2042 bello

477 2082 603 2146 ista
661 2081 894 2145 ciuitas
952 2084 1063 2145 aut
1119 2081 1196 2145 ad
1252 2081 1664 2165 pugnandum
1724 2082 2110 2146 inflammata
2168 2082 2272 2160 sit,
2338 2082 2459 2147 hoc
2523 2085 2622 2146 est
2678 2102 2773 2146 ex·

476 2188 695 2259 citata,
744 2188 848 2252 uel
899 2188 952 2251 si
1002 2187 1154 2271 quid
1202 2187 1377 2251 aliud
1424 2187 1487 2251 in
1537 2188 1924 2253 obscuritate
1970 2189 2096 2252 loci
2143 2187 2337 2252 huius
2382 2188 2559 2253 latet.
2814 2215 2865 2255 15

570 2295 799 2359 XLIII.
880 2295 1030 2359 Hic
1106 2298 1232 2358 est
1303 2297 1595 2376 puteus
1671 2313 1897 2377 quem
1974 2294 2183 2358 dixit
2245 2293 2615 2360 dominus
2682 2293 2774 2358 ad

480 2402 852 2484 Moysen:
932 2419 1344 2486 congrega
1406 2402 1825 2484 populum,
1895 2404 1972 2466 et
2035 2401 2234 2466 dabo
2303 2401 2418 2465 eis
2493 2419 2771 2483 aquam

479 2510 782 2574 bibere.
859 2509 948 2573 ita
995 2510 1113 2574 hoc
1163 2512 1723 2573 commemoratum
1773 2513 1892 2588 est,
1952 2510 2135 2592 quasi
2191 2509 2423 2574 alicubi
2481 2508 2771 2591 superius

475 2617 595 2681 boc
656 2617 726 2680 ad
779 2617 1043 2698 Moysen
1104 2615 1340 2679 dixisse
1399 2614 1689 2680 dominus
1746 2618 2030 2700 legatum
2089 2616 2200 2681 sed
2257 2616 2406 2698 quia
2459 2634 2771 2698 nusquam

476 2721 805 2803 reperitur,
865 2721 967 2785 hic
1016 2720 1512 2804 intellegendum
1563 2724 1663 2786 est
1709 2725 1773 2785 et
1818 2722 1952 2787 illic
1999 2722 2239 2787 bibisse
2286 2722 2616 2805 populum,
2666 2721 2773 2804 qui
2810 2752 2864 2790 20

471 2827 551 2891 de
601 2828 891 2892 siccitate
940 2827 1459 2909 conquerebatur.

568 2933 828 2997 XLIIII.
878 2934 969 2997 Et
1015 2934 1407 3015 percussit
1455 2955 1615 2999 eum
1655 2935 1947 3000 Israhel
1996 2954 2173 3000 nece
2222 2935 2487 3019 gladii3
2540 2939 2612 3000 et
2660 2935 2773 2999 do·

475 3039 744 3103 minati
799 3042 978 3103 sunt
1025 3042 1271 3104 terrae
1321 3041 1485 3104 eins
1534 3040 1619 3103 ab
1667 3041 1914 3105 Arnon
1963 3059 2201 3122 usque
2248 3041 2472 3105 Iaboc
2532 3058 2771 3122 usque

477 3147 566 3210 ad
642 3147 862 3211 filios
928 3147 1266 3226 Ammon,
1346 3148 1695 3229 quoniam
1771 3148 1979 3212 Iazer
2051 3148 2354 3211 termini
2429 3147 2770 3212 filiorum

474 3255 778 3319 Ammon
868 3256 1062 3319 sunt.
1160 3258 1232 3318 et
1315 3255 1616 3337 accepit
1690 3255 1982 3319 Israhel
2068 3273 2317 3320 omnes
2405 3253 2769 3318 ciuitates
2806 3282 2861 3323 25

475 3360 691 3425 istas.
780 3364 852 3425 et
928 3361 1321 3426 habitauit
1384 3361 1678 3426 Israhel
1745 3362 1815 3425 in
1885 3362 2229 3426 omnibus
2306 3361 2768 3426 ciuitatibus

470 3467 1100 3532 Amorrhaeorum
1149 3469 1218 3531 in
1261 3469 1573 3534 Esebon.
1624 3469 1730 3533 hic
1779 3473 1947 3534 certe
1993 3470 2237 3533 Israhel
2285 3468 2573 3551 possedit
2617 3467 2772 3532 ciui-

471 3577 638 3637 tates
686 3574 1238 3653 Amorrhaeorum‚
1292 3594 1448 3657 quas
1496 3576 1665 3641 bello
1717 3577 2061 3658 superauit,
2110 3575 2255 3659 quia
2303 3594 2424 3640 non
2473 3594 2578 3639 eas
2626 3593 2767 3638 ana-

656 3766 678 3817 1
723 3764 789 3818 cs.
829 3765 935 3820 Tit.
979 3767 1024 3830 1,
1069 3766 1133 3818 12
1277 3767 1313 3819 4
1352 3766 1469 3822 Act.
1515 3767 1598 3830 17,
1637 3768 1706 3821 28
1856 3767 1919 3821 16
1958 3766 2118 3823 Num.
2157 3769 2244 3830 21,
2288 3769 2351 3821 16
2497 3767 2567 3820 22
2605 3765 2766 3824 Num.

467 3853 558 3916 ⁴21,
596 3852 682 3906 24.
721 3854 789 3907 25

544 3977 578 4029 4
617 3980 749 4045 aput
799 3975 850 4027 V
882 3975 950 4030 ad
987 3992 1030 4031 ε.
1072 3977 1107 4030 Ζ.
1145 3993 1214 4031 m.
1255 3980 1294 4030 2
1321 3977 1376 4031 P
1481 3979 1514 4031 8
1555 3981 1967 4032 commemorato
2012 3976 2061 4031 0
2167 3979 2232 4032 10
2271 3978 2667 4032 constituerunt
2701 3978 2766 4032 C¹

475 4064 540 4116 13
581 4064 711 4117 zoob
748 4081 791 4118 s.
830 4066 866 4119 1.
904 4083 973 4118 m.
1014 4069 1054 4120 2
1097 4066 1144 4120 C
1177 4067 1307 4120 zoab
1356 4067 1406 4120 T
1571 4065 1779 4136 eodem]
1823 4083 2005 4120 eorum
2050 4066 2097 4120 0
2231 4067 2298 4119 14
2335 4066 2672 4136 purgandum
2708 4068 2773 4122 N

473 4154 536 4205 17
579 4169 790 4223 moyses
828 4154 883 4207 P
1028 4157 1092 4209 19
1130 4155 1222 4225 ad]
1263 4173 1293 4209 a
1338 4154 1384 4209 0
1523 4156 1595 4210 20
1640 4157 1977 4225 repperiatur
2012 4155 2129 4209 ΡΝ
2267 4155 2334 4209 23
2373 4155 2537 4208 Iaboc
2572 4156 2771 4225 scripsi

467 4259 590 4296 cum
622 4242 679 4296 d:
716 4242 888 4297 obhoc
925 4244 1143 4298 CPNT
1154 4244 1201 4296 V
1224 4245 1356 4299 aboc
1381 4244 1428 4298 S
1569 4248 1623 4298 et
1644 4261 1812 4315 usque
1852 4245 1927 4298 bd
2033 4247 2103 4299 24
2141 4245 2375 4298 terminu
2407 4245 2452 4298 C
2555 4245 2624 4298 25
2653 4260 2767 4298 am·

473 4348 596 4384 inan
628 4331 809 4385 P¹SV
986 4335 1054 4386 27
1094 4349 1454 4386 amorreorum
1494 4333 1811 4388 CPSNVT
1961 4334 2537 4388 in—Aniorrhaeorurn
2576 4349 2680 4388 om.
2725 4333 2774 4388 0

469 4420 541 4474 ‘28
580 4420 722 4473 uello
767 4420 814 4473 C
955 4422 1045 4491 qui
1093 4421 1144 4474 Τ
