3076 4976
429 478 555 540 202
1143 477 1195 530 S.
1253 475 1530 530 Aureli
1584 476 2022 545 Augustini

428 690 594 736 nouo
644 674 1029 735 testamento
1082 671 1473 736 obseruanda
1519 672 1779 736 minime
1839 671 2228 735 dubitamus
2299 668 2459 732 illud
2517 670 2729 731 autem

426 796 622 840 unum
666 777 741 842 de
782 778 1045 843 sabbato
1086 798 1288 860 usque
1329 778 1482 843 adeo
1522 778 1793 862 figurata
1830 778 1954 843 diei
1993 777 2248 860 septimi
2286 774 2729 841 obseruatione

428 883 593 965 apud
642 884 1008 949 Israhelitas
1058 887 1344 949 uelatum
1391 886 1515 949 fuit-
1562 889 1626 949 et
1668 886 1732 949 in
1783 885 2086 969 mysterio
2141 886 2551 965 praeceptum
2604 882 2731 946 fuit

427 993 493 1053 et
567 989 839 1070 quodam
917 996 1309 1055 sacramento
1377 989 1796 1074 figurabatur,
1864 995 1935 1054 ut
1998 991 2186 1055 hodie
2251 1009 2286 1052 a
2355 987 2538 1053 nobis
2602 1006 2724 1052 non

427 1096 818 1173 obseruetur,
886 1096 997 1160 sed
1064 1097 1275 1161 solum
1344 1097 1509 1179 quod
1578 1096 1979 1180 significabat
2039 1098 2420 1161 intueamur.
2497 1095 2559 1157 in
2615 1094 2730 1157 illa
2794 1122 2819 1160 ⁵

427 1206 641 1266 antem
689 1203 907 1284 requie
955 1203 1064 1266 ubi
1114 1222 1303 1287 opera
1353 1203 1611 1268 seruilia
1663 1204 1964 1268 iubentur
2019 1223 2288 1279 cessare,
2344 1221 2575 1286 magna
2630 1206 2729 1265 est

426 1308 698 1372 altitudo
747 1309 984 1392 gratiae
1035 1309 1158 1374 dei.
1233 1314 1386 1374 tunc
1434 1310 1602 1374 enim
1650 1310 1810 1374 fiunt
1855 1330 2000 1375 cum
2047 1310 2263 1392 requie
2310 1329 2498 1392 opera
2541 1308 2724 1384 bona,

424 1434 570 1479 cum
621 1416 775 1479 fides
822 1436 934 1497 per
981 1416 1388 1481 dilectionem
1445 1420 1762 1498 operatur,
1820 1418 2013 1482 timor
2066 1420 2279 1482 autem
2335 1419 2724 1480 tormentum

422 1521 620 1584 habet
668 1524 732 1585 et
776 1521 841 1583 in
888 1525 1206 1586 tormento
1256 1541 1417 1604 quae
1463 1523 1761 1603 requies?
1820 1522 1984 1587 unde
2033 1523 2259 1588 timor
2303 1541 2442 1586 non
2490 1524 2608 1585 est
2652 1521 2722 1585 in

425 1628 785 1697 caritate:
837 1628 1116 1692 caritas
1157 1631 1368 1692 autem
1413 1628 1701 1692 diffusa
1748 1632 1865 1693 est
1910 1628 1980 1692 in
2032 1627 2385 1693 cordibus
2435 1628 2720 1693 nostris
2761 1652 2815 1692 ιο

420 1753 549 1816 per
605 1734 962 1815 spiritum
1022 1738 1363 1798 sanctum
1422 1735 1548 1816 qui
1608 1735 1831 1799 datus
1890 1738 2006 1799 est
2062 1735 2299 1799 nobis.
2373 1735 2515 1800 ideo
2566 1737 2722 1800 sab-

419 1841 675 1904 batum
708 1841 1010 1924 requies
1044 1844 1306 1904 sancta
1335 1840 1654 1920 domino,
1686 1841 1788 1906 dei
1819 1842 2068 1907 scilicet
2096 1841 2336 1925 gratiae
2365 1842 2719 1918 tribuenda,

419 1965 540 2010 non
589 1947 769 2011 nobis
818 1948 999 2011 uelut
1046 1966 1118 2011 ex
1164 1946 1369 2012 nobis.
1427 1948 1705 2030 alioquin
1754 1952 1971 2013 nostra
2018 1967 2210 2030 opera
2257 1948 2348 2012 sic
2395 1951 2596 2025 erunt,
2646 1960 2722 2020 ut,

422 2054 548 2117 sint
593 2054 869 2118 humana
907 2059 1018 2118 aut
1052 2057 1341 2137 peccata:
1392 2059 1504 2119 aut
1542 2074 1688 2119 cum
1726 2055 1974 2133 timore,
2014 2075 2135 2120 non
2176 2074 2321 2119 cum
2361 2056 2718 2127 dilectione,

420 2165 484 2223 et
529 2160 671 2225 ideo
721 2160 980 2224 seruilia
1027 2161 1162 2225 sine
1208 2161 1445 2243 requie.
1522 2161 1852 2244 plenitudo
1911 2164 2123 2225 autem
2182 2160 2431 2224 sabbati
2489 2162 2610 2225 erit
2654 2162 2713 2224 in
2756 2186 2810 2223 ιε»

418 2266 633 2347 requie
690 2267 1092 2349 sempiterna.
1168 2287 1289 2332 non
1356 2267 1523 2331 enim
1588 2269 1825 2332 frustra
1878 2267 2247 2331 institutum
2304 2270 2404 2331 est
2459 2270 2523 2331 et
2579 2268 2714 2331 sab-

420 2370 638 2435 batum
689 2370 1115 2435 sabbatorum.

508 2476 844 2542 CLXXIII.
894 2478 1199 2562 Superius
1241 2478 1488 2561 quando
1527 2480 1706 2561 prius
1745 2481 2002 2544 locutus
2043 2482 2143 2544 est
2180 2479 2337 2544 deus
2388 2479 2464 2544 de
2511 2479 2711 2544 taber-

418 2586 643 2649 naculo
701 2587 1016 2668 ungendo,
1077 2585 1231 2649 dixit
1288 2586 1505 2649 eadem
1567 2587 1863 2651 unctione
1921 2586 2301 2651 sanctificari
2347 2587 2458 2650 illa
2505 2587 2715 2652 omnia

421 2696 486 2754 et
515 2690 650 2755 fieri
680 2695 896 2755 sancta
925 2696 1309 2756 sanctorum.
1351 2693 1547 2757 altare
1585 2697 1798 2758 autem
1837 2695 2458 2758 holocaustomatum
2497 2693 2709 2758 eadem
2752 2723 2809 2761 κο

418 2797 714 2862 unctione
782 2797 1245 2862 sanctificatum
1314 2799 1555 2864 dixerat
1617 2799 1752 2865 fieri
1819 2804 2108 2865 sanctum
2177 2800 2400 2867 sancti.
2478 2806 2543 2864 et
2595 2800 2714 2865 hoc

415 2905 723 2968 interesse
770 2904 1125 2978 uidebatur,
1177 2906 1344 2987 quod
1392 2907 1552 2970 nihil
1599 2926 1817 2971 eorum
1867 2908 2133 2972 dixisset
2188 2912 2480 2972 sanctum
2539 2925 2712 2971 sanc-

416 3016 648 3086 torum,
716 3010 839 3075 nisi
906 3011 1074 3093 quod
1140 3016 1385 3076 tantum
1442 3013 1587 3077 uelo
1647 3014 2052 3096 separabatur
2106 3033 2144 3077 a
2198 3018 2438 3090 sanct0,
2495 3013 2560 3078 id
2618 3017 2716 3077 est

415 3118 528 3181 ubi
576 3120 708 3181 erat
753 3135 896 3181 arca
951 3118 1317 3182 testamenti
1376 3122 1441 3183 et
1496 3120 1693 3184 altare
1750 3120 2010 3186 incensi.
2092 3140 2258 3184 nunc
2306 3123 2519 3185 autem
2567 3139 2709 3185 cum

416 3224 632 3288 eadem
698 3226 1029 3305 repeteret,
1096 3224 1254 3289 dixit
1309 3225 1384 3289 de
1442 3226 1848 3291 tabernaculo
1905 3231 2095 3292 uncto
2157 3231 2221 3292 et
2276 3227 2375 3291 his
2432 3247 2590 3310 quae
2646 3229 2708 3291 in
2748 3246 2803 3287 25

414 3329 526 3394 illo
594 3334 825 3406 essent,
894 3331 1061 3412 quod
1128 3331 1345 3395 eadem
1413 3333 1712 3398 unctione
1779 3333 2320 3398 sanctificarentur
2375 3338 2439 3398 et
2489 3333 2712 3399 fierent

417 3440 660 3505 sancta:
731 3437 890 3501 illud
957 3440 1167 3501 antem
1239 3440 1433 3502 altare
1500 3439 2141 3515 holocaustomatum,
2209 3442 2285 3506 de
2343 3460 2466 3523 quo
2531 3441 2707 3524 prius

416 3541 654 3605 dixerat
701 3543 869 3623 quod
916 3542 1095 3607 fieret
1142 3548 1430 3608 sanctum
1481 3546 1705 3623 sancti,
1757 3546 1974 3610 eadem
2014 3548 2314 3611 unctione
2352 3567 2514 3612 nunc
2556 3547 2710 3610 dixit

414 3647 547 3710 fieri
588 3655 871 3712 sanctum
916 3655 1296 3715 sanctorum.
1336 3651 1503 3716 unde
1543 3652 1729 3716 datur
1763 3653 2051 3737 intellegi
2087 3654 2458 3718 tantundem
2497 3653 2705 3718 ualere

592 3891 623 3943 8
664 3889 731 3944 cf.
776 3892 894 3945 Gal.
936 3894 985 3953 5,
1024 3893 1057 3944 6
1185 3896 1216 3946 9
1255 3894 1278 3946 I
1321 3894 1437 3947 Ioh.
1478 3896 1526 3954 4,
1571 3895 1637 3948 18
1768 3895 1833 3948 10
1871 3896 2021 3949 Rom.
2062 3899 2112 3960 5,
2154 3899 2185 3949 5
2309 3898 2369 3950 11
2413 3897 2503 3951 Ex.
2544 3899 2630 3958 35,
2670 3898 2703 3950 2

416 3980 481 4032 16
524 3979 590 4032 cf.
631 3978 806 4035 Leuit.
847 3981 934 4044 26,
975 3981 1036 4034 31
1264 3982 1329 4035 18
1367 3983 1433 4037 cf.
1472 3982 1568 4037 Ex.
1608 3984 1694 4050 30,
1745 3985 1955 4038 26—38
2173 3987 2242 4038 24
2290 3986 2354 4040 cf.
2395 3985 2487 4039 Ex.
2526 3987 2613 4050 40,
2655 3987 2702 4040 7.

411 4066 443 4120 8
486 4068 555 4133 (9.
600 4069 685 4134 10)

481 4209 513 4261 3
552 4209 607 4260 in
646 4225 746 4263 om.
786 4209 967 4264 P¹SV
1074 4213 1105 4265 6
1143 4213 1383 4281 requiem
1423 4213 1482 4267 N
1627 4216 1848 4268 seruilia
1885 4214 2143 4269 iubentur
2180 4233 2282 4270 om.
2323 4217 2387 4269 N
2493 4217 2556 4270 13
2595 4235 2700 4271 non

410 4312 511 4352 om.
561 4297 613 4350 V
703 4300 768 4351 14
805 4301 901 4365 fin.
934 4317 1030 4353 con
1076 4300 1123 4353 0
1213 4303 1277 4354 16
1316 4303 1566 4356 institam
1615 4304 1660 4357 0
1767 4308 1823 4369 ot
1869 4304 1916 4357 V
2006 4305 2073 4358 20
2113 4310 2184 4368 (et
2221 4305 2311 4370 27)
2353 4305 2700 4359 olochausto·

407 4388 611 4439 matum
652 4386 698 4441 S
803 4387 871 4441 23
910 4406 940 4441 a
977 4406 1076 4445 om.
1115 4389 1182 4442 N
1284 4392 1352 4444 26
1392 4408 1455 4444 ea
1494 4391 1677 4447 P¹SV
1779 4392 1848 4446 28
1887 4395 2193 4448 unctionem
2240 4394 2286 4447 G
