3076 4976
645 524 1122 589 Quaestionum
1161 523 1271 577 lib.
1316 523 1389 577 VI
1428 524 1712 592 (Quaest.
1757 523 1830 576 de
1869 524 2019 577 Iesu
2058 524 2282 589 Naue).
2476 529 2605 591 445

312 721 671 803 poteritis
739 720 1028 783 seruire
1088 719 1401 793 dominc,
1456 720 1629 801 quia
1689 720 1868 784 deus
1929 725 2241 786 sanctus
2301 723 2458 789 est?
2525 743 2600 787 an

313 828 461 909 quia
508 828 682 892 illius
734 827 1053 890 sanctitati
1104 826 1381 907 perfecta
1430 820 1740 891 seruitute
1793 828 2064 909 quodam
2104 829 2289 893 modo
2331 833 2604 894 contem·

310 935 516 1016 perari
562 934 874 997 humanae
922 934 1252 1016 fragilitati
1302 933 1668 1015 inpassibile
1719 937 1857 997 est?
1908 954 2029 1017 quo
2079 935 2295 999 audito
2335 936 2445 1000 isti
2483 957 2604 1001 11011

313 1042 520 1105 solum
571 1041 707 1104 eius
760 1041 990 1124 eligere
1041 1041 1418 1103 seruitutem
1468 1041 1581 1103 sed
1630 1041 1822 1104 etiam
1871 1042 1945 1105 de
1995 1042 2306 1107 adiutorio
2355 1044 2492 1107 eius
2543 1048 2606 1108 et

244 1172 271 1210 5
310 1147 739 1211 misericordia
802 1165 1203 1228 praesumere
1262 1147 1642 1211 debuerunt:
1705 1167 1892 1228 quam
1951 1148 2056 1212 ille
2116 1148 2446 1226 intellexit,
2496 1151 2603 1230 qui

313 1254 468 1318 dicit
517 1255 576 1316 in
637 1253 915 1334 psalmo:
981 1272 1065 1315 ne
1114 1253 1352 1316 intres
1402 1253 1473 1316 in
1522 1253 1892 1318 iudicium
1951 1273 2111 1317 cum
2173 1275 2392 1320 seruo
2451 1260 2601 1327 tuo,

314 1360 661 1442 quoniam
732 1379 870 1424 non
936 1359 1511 1423 iustificabitur
1567 1360 1636 1422 in
1697 1366 2106 1441 conspectu
2177 1366 2303 1426 tuo
2364 1364 2602 1427 omnis

313 1468 601 1531 uiuens.
651 1466 760 1529 isti
810 1469 1021 1529 autern
1074 1466 1148 1528 de
1199 1486 1264 1528 se
1314 1467 1527 1547 potius
1567 1486 1964 1548 praesumere
2007 1468 2393 1551 delegerunt,
2435 1471 2603 1552 quod

312 1575 426 1637 deo
476 1576 737 1656 possent
785 1573 919 1636 sine
970 1573 1101 1636 ulla
1151 1573 1495 1636 offensione
1555 1574 1810 1651 seruire,
1862 1578 1934 1639 ut
1980 1574 2104 1638 iam
2163 1578 2313 1640 tunc
2372 1576 2602 1658 incipe-

216 1704 269 1743 ιο
312 1684 469 1757 rent,
541 1679 708 1762 quod
776 1679 851 1743 de
909 1680 1038 1742 illis
1107 1680 1414 1761 expressit
1479 1681 1836 1761 apostolus:
1905 1681 2350 1764 ignorantes
2409 1685 2601 1747 enim

312 1789 428 1853 dei
477 1787 866 1851 iustitiam
916 1791 988 1850 et
1037 1805 1247 1849 suam
1308 1787 1656 1851 uolentes
1715 1788 2188 1851 constituere
2246 1790 2601 1854 iustitiae

311 1896 428 1959 dei
488 1914 626 1958 11011
685 1897 865 1957 sunt
914 1893 1276 1967 subiecti;
1335 1893 1423 1957 ita
1473 1894 1562 1957 eis
1612 1895 1737 1958 iam
1785 1894 1897 1958 lex
1959 1895 2461 1973 subintrabat,
2522 1900 2603 1960 ut

312 2002 729 2066 abundaret
796 2000 1159 2064 delictum
1224 2003 1287 2064 et
1351 2004 1572 2082 postea
1640 2001 2289 2081 superabundaret
2354 2004 2602 2085 gratia

310 2129 423 2193 per
488 2108 810 2173 dominum
882 2107 1227 2182 Christum,
1287 2106 1392 2188 qui
1451 2107 1633 2170 finis
1685 2111 1782 2170 est
1829 2107 2023 2189 legis
2074 2108 2158 2172 ad
2218 2109 2597 2173 iustitiam

214 2242 269 2281 ιε,
312 2217 507 2279 0111ῃί
559 2214 920 2279 credenti.

398 2321 724 2386 XXVIIII.
762 2320 928 2401 Quid
958 2323 1075 2391 est,
1110 2320 1276 2402 quod
1307 2321 1396 2384 ait
1422 2320 1590 2384 idem
1619 2322 1800 2383 Iesus
1840 2321 2103 2401 loquens
2144 2321 2222 2383 ad
2261 2322 2596 2403 populum:

311 2431 383 2492 et
429 2446 619 2492 nunc
671 2426 1258 2491 circumauferte
1309 2426 1487 2490 deos
1538 2426 1827 2490 alienos
1879 2426 2003 2506 qui
2053 2426 2335 2490 suntin
2376 2426 2596 2491 uobis

310 2541 382 2598 et
432 2535 745 2617 dirigite
805 2535 1026 2598 corda
1083 2540 1341 2598 uestra
1399 2534 1484 2597 ad
1545 2533 1918 2598 dominum
1979 2533 2193 2596 deum
2263 2534 2598 2597 Israhel?

308 2663 427 2707 non
461 2642 624 2706 enim
657 2640 947 2705 credendi
983 2646 1132 2706 sunt
1169 2641 1374 2704 adhuc
1412 2640 1712 2704 habuisse
1753 2640 1916 2721 apud
1959 2659 2024 2703 se
2065 2640 2274 2722 aliqua
2314 2641 2599 2724 gentium

205 2775 268 2815 20
310 2750 668 2826 simulacra,
740 2767 885 2811 cum
952 2747 1243 2830 superius
1312 2767 1540 2811 eorum,
1587 2747 2052 2811 oboedientiam
2111 2748 2596 2828 praedicaneritz

307 2860 416 2919 aut
482 2874 653 2928 uero,
714 2854 767 2918 si
825 2854 1149 2926 haberent,
1216 2857 1366 2934 post
1419 2856 1628 2916 tantas
1694 2853 1856 2936 legis
1925 2853 2441 2919 comminationes
2490 2855 2600 2919 illa

307 2981 415 3026 eos
481 2979 779 3044 prospera
847 2964 1284 3042 sequerentur,
1355 2980 1499 3024 cum
1567 2961 1658 3024 sic
1725 2960 1785 3023 in
1855 2980 1963 3024 cos
2031 2960 2424 3024 uindicatum
2491 2962 2596 3038 sit,

306 3069 473 3150 quod
509 3086 670 3131 unus
713 3086 928 3130 eorum
971 3067 1044 3130 de
1086 3066 1486 3131 anathemate
1524 3068 1764 3130 furtum
1805 3069 2056 3132 fecerat.
2101 3068 2370 3149 denique
2408 3068 2596 3133 Iacob

305 3175 459 3238 dixit
517 3174 635 3238 hoc
686 3173 774 3235 eis
825 3172 933 3254 qui
992 3192 1135 3236 cum
1183 3172 1294 3235 illo
1357 3173 1631 3236 exierant
1679 3173 1752 3236 de
1802 3173 2286 3255 Mesopotamia,
2346 3174 2456 3236 ubi
2505 3174 2594 3238 sic

199 3310 261 3349 25
304 3282 475 3345 idola
508 3280 894 3355 colebantur,
926 3283 998 3342 ut
1030 3281 1092 3342 et
1129 3279 1366 3342 Rachel
1404 3282 1662 3361 paterna
1699 3279 2039 3355 furaretur;
2086 3280 2196 3343 sed
2234 3288 2381 3362 post
2417 3280 2594 3343 illam

301 3388 795 3454 admonitionem
851 3386 1038 3449 Iacob
1099 3385 1407 3450 dederunt
1464 3405 1623 3467 quae
1680 3386 2024 3450 habebant:
2083 3386 2248 3450 unde
2307 3387 2598 3467 adparuit

299 3498 419 3560 hoc
488 3495 578 3558 eis
645 3493 735 3557 ita
783 3492 1025 3556 dictum
1094 3511 1253 3569 esse,
1326 3492 1472 3574 quia
1538 3493 1781 3556 sciebat
1846 3513 1952 3557 cos
2021 3492 2248 3557 habere
2314 3493 2421 3556 ille
2489 3494 2594 3574 qui

301 3604 560 3667 dixerat.
609 3620 777 3665 nunc
827 3619 977 3664 uero
1025 3604 1171 3681 post
1218 3600 1377 3663 hanc
1426 3598 1918 3662 admonitionem
1968 3600 2111 3662 Iesu
2160 3599 2338 3662 Naue
2379 3599 2592 3662 nullus

297 3709 427 3772 tale
495 3707 735 3790 aliquid
810 3706 1097 3788 protulit.
1166 3725 1278 3769 nec
1347 3710 1558 3769 tamen
1632 3705 1984 3788 putandum
2053 3709 2150 3769 est
2223 3706 2340 3769 hoc
2408 3705 2590 3769 illum

476 3937 508 3989 6
546 3935 634 3988 Ps.
677 3935 798 3990 142.
838 3936 870 3986 2
1004 3935 1068 3988 10
1107 3934 1258 3985 Rom.
1305 3934 1385 3988 10.
1426 3933 1458 3984 3
1593 3933 1656 3984 12
1696 3933 1761 3985 cf.
1803 3932 1955 3984 Rom.
1996 3933 2044 3989 5.
2085 3931 2170 3984 20.
2211 3932 2277 3984 21
2420 3931 2484 3983 14
2526 3931 2590 3983 cf.

292 4025 448 4078 Rom.
495 4026 575 4089 10,
615 4025 648 4077 4
763 4023 825 4077 17
866 4023 971 4076 Ios.
1013 4025 1099 4086 24,
1141 4025 1208 4077 23
1324 4025 1391 4075 25
1432 4023 1497 4076 cf.
1542 4021 1673 4074 Gen.
1705 4021 1789 4084 31,
1823 4023 1887 4073 19
1998 4021 2064 4072 26
2105 4021 2168 4072 cf.
2202 4019 2333 4072 Gen.
2365 4021 2451 4082 35,
2483 4022 2531 4072 2.
2558 4021 2593 4071 4

371 4186 393 4237 1
439 4183 640 4237 seruire
678 4183 741 4236 in
768 4199 869 4250 my.
899 4199 965 4235 m.
997 4181 1103 4235 28
1209 4181 1449 4249 domino]
1485 4181 1586 4234 deo
1621 4181 1670 4232 V
1737 4177 2128 4264 {inpossibile
2159 4177 2267 4231 VT
2336 4181 2368 4231 (3
2407 4194 2514 4230 non
2552 4177 2596 4231 S

290 4271 495 4326 iudicio
526 4272 636 4324 PV
744 4271 775 4324 8
815 4271 930 4339 isti]
965 4270 1018 4323 hi
1048 4270 1111 4323 N
1221 4271 1285 4323 12
1327 4271 1441 4333 cuis
1470 4270 1524 4322 P
1636 4270 1702 4322 14
1743 4271 1852 4320 ihm
1892 4285 2011 4336 xpm
2045 4267 2091 4320 S
2200 4267 2264 4321 16
2306 4271 2388 4320 est
2418 4283 2520 4320 om.
2553 4266 2596 4321 S

288 4364 355 4416 21
400 4367 682 4432 postantas
720 4359 787 4412 N
925 4359 1333 4413 comminationi
1372 4358 1437 4410 8¹
1549 4359 1618 4410 ‘24
1657 4357 2048 4425 mesopotamia
2077 4355 2138 4407 N
2248 4357 2316 4409 28
2358 4355 2588 4423 dixerat]

288 4451 553 4505 dilexerat
592 4449 657 4503 N
