3076 4976
490 510 619 573 494
1194 508 1245 559 S.
1306 507 1577 560 Aureli
1635 508 2070 577 Augustini

491 703 742 766 domino
794 702 1109 765 dixerunt:
1161 722 1298 766 nos
1350 722 1434 767 ex
1482 702 2039 768 fornicatione
2075 723 2221 768 non
2262 723 2538 768 sumus
2576 703 2778 774 nati;

488 829 729 873 unum
804 815 1109 892 patrem
1182 809 1569 873 habemus
1647 810 1893 873 deum.
1965 814 2040 874 et
2105 811 2327 893 sugit
2392 811 2680 893 Iephte
2747 829 2782 872 a

489 916 700 979 facie
750 916 1091 979 fratrum
1155 934 1479 979 suorum
1549 918 1625 979 et
1690 915 2114 980 habitauit
2177 917 2251 980 in
2318 919 2534 981 terra
2598 916 2779 979 Tob.

489 1023 674 1105 fugit,
742 1023 1037 1104 quoniam
1087 1042 1152 1085 se
1220 1027 1495 1104 quantus
1566 1026 1737 1087 esset
1801 1023 2161 1092 abscondit:
2228 1024 2416 1107 fugit,
2484 1023 2781 1105 quoniam

495 1147 603 1191 eos
648 1128 1003 1191 saeuientes
1051 1128 1269 1198 latuit:
1321 1129 1384 1191 si
1436 1129 1641 1191 enim
1692 1129 2306 1213 cognouissent,
2356 1149 2774 1211 numquam

491 1235 896 1298 <lominum
947 1234 1258 1317 gloriae
1310 1235 1969 1301 crucifixissent:
2022 1237 2206 1320 fugit,
2260 1237 2556 1318 quoniam
2594 1236 2780 1299 mori-

489 1341 651 1406 entis
710 1341 1137 1405 infirmitatem
1200 1341 1516 1418 uiderunt,
1577 1343 1881 1406 uirtutem
1943 1347 2154 1407 autem
2211 1343 2600 1426 resurgentis
2657 1362 2780 1405 non

486 1447 802 1511 uiderunt.
861 1447 1175 1510 habitauit
1240 1451 1450 1510 autem
1516 1447 1581 1510 in
1648 1453 1815 1512 terra
1880 1448 2040 1512 bona
2097 1450 2217 1523 uel,
2286 1453 2358 1512 ut
2423 1448 2780 1530 expressius

487 1555 772 1618 dicamus
865 1554 1206 1634 „optima“.
1287 1554 1455 1636 quod
1530 1555 1694 1617 enim
1773 1574 1993 1637 graece
2071 1552 2312 1633 ἁγαηόν,
2392 1556 2511 1619 hoc
2588 1556 2780 1618 latine

491 1660 803 1742 optimum
884 1660 1145 1736 dicitur3
1214 1661 1276 1723 id
1344 1664 1558 1723 autem
1625 1661 2074 1743 interpretatur
2146 1662 2380 1736 „Tob‘.
2451 1661 2559 1724 ubi
2624 1660 2782 1723 mihi

488 1766 743 1829 uidetur
807 1767 1230 1849 intellegenda
1297 1767 1433 1830 eius
1502 1787 1537 1830 a
1602 1769 1870 1831 mortuis
1938 1769 2335 1832 resurrectio.
2409 1787 2551 1830 nam
2619 1786 2779 1848 quae

488 1875 653 1935 terra
699 1871 903 1954 magis
953 1871 1192 1952 optima
1243 1890 1426 1953 quam
1477 1875 1795 1934 terrenum
1847 1891 2074 1953 corpus
2134 1871 2502 1936 excellentia
2550 1871 2777 1935 inmor-

486 1979 757 2042 talitatis
808 1981 872 2041 et
916 1978 1405 2060 incorruptionis
1456 1977 1792 2041 indutum?

577 2084 758 2163 Quod
824 2090 1037 2148 autem
1104 2084 1338 2148 dicitur
1384 2084 1457 2147 de
1508 2085 1747 2166 Iephte,
1818 2087 1983 2165 quia,
2052 2090 2461 2168 posteaquam
2527 2085 2777 2167 fugiens

488 2214 522 2256 a
554 2192 711 2256 facie
742 2194 1005 2256 fratrum
1038 2211 1297 2256 suorum
1328 2191 1649 2254 habitauit
1678 2192 1738 2254 in
1771 2197 1928 2256 terra
1964 2192 2117 2262 Tob,
2159 2211 2189 2256 c
2211 2192 2731 2275 olligebantu
2749 2212 2778 2253 1·

488 2299 578 2364 ad
627 2317 795 2361 eum
865 2297 1025 2360 uiri
1072 2299 1440 2360 latrones
1507 2299 1586 2360 et
1643 2297 2282 2361 obambulabant
2338 2317 2509 2361 cum
2578 2298 2778 2380 ipso,

491 2424 874 2487 quamquam
932 2407 996 2467 et
1044 2408 1186 2467 ante
1238 2403 1591 2486 passionem
1656 2403 1974 2467 obiectum
2030 2403 2222 2467 fuerit
2278 2403 2551 2467 domino.
2613 2404 2779 2486 quod

491 2532 634 2576 cum
686 2512 1039 2594 publicanis
1090 2516 1153 2574 et
1198 2510 1642 2592 peccatoribus
1691 2510 2118 2583 manducaret,
2170 2511 2415 2592 quando
2455 2512 2779 2594 respondit

487 2639 605 2682 non
658 2638 797 2683 esse
846 2618 1273 2682 necessarium
1323 2617 1492 2681 sanis
1541 2618 1860 2680 medicum
1909 2617 2020 2681 sed
2070 2619 2368 2700 aegrotis2
2433 2621 2511 2682 et
2564 2619 2777 2683 inter

488 2726 816 2807 iniquos
876 2726 1318 2805 deputatus
1381 2726 1523 2798 est,
1584 2724 1833 2805 quando
1888 2724 2053 2787 inter
2108 2725 2380 2788 latrones
2440 2726 2774 2789 crucifixus

487 2836 586 2897 est
633 2838 695 2897 et
741 2852 938 2896 unum
997 2851 1065 2894 ex
1115 2830 1205 2893 eis
1256 2829 1330 2892 de
1388 2847 1571 2892 cruce
1620 2830 1679 2892 in
1731 2829 2092 2913 paradisum
2147 2831 2504 2894 transtulit:
2563 2836 2774 2895 tamen

484 2942 900 3020 posteaquam
949 2936 1287 3000 resurrexit
1335 2940 1399 2998 et
1438 2955 1577 2998 esse
1617 2936 1844 3017 coepit,
1887 2936 2232 3000 secundum
2272 2937 2338 3000 id
2378 2938 2546 3019 quod
2588 2958 2774 3021 supra

486 3045 893 3127 exposuimus
972 3043 1034 3106 in
1110 3047 1276 3107 terra
1340 3042 1472 3106 Tob
1541 3043 1794 3106 collecti
1870 3046 2019 3106 sunt
2081 3044 2158 3107 ad
2221 3044 2402 3107 illum
2484 3044 2773 3109 scelerati

487 3151 774 3215 homines
824 3154 1084 3232 propter
1126 3148 1566 3212 remissionem
1615 3153 2038 3231 pec-catorum,
2081 3150 2186 3231 qui
2227 3169 2372 3213 cum
2408 3150 2520 3215 illo
2561 3152 2773 3215 ambu-

482 3257 715 3331 labant,
785 3257 934 3337 quia
990 3255 1339 3318 secundum
1390 3256 1527 3319 eius
1595 3259 1928 3337 praecepta
1995 3257 2316 3320 uiuebant.
2382 3276 2589 3338 neque
2655 3257 2773 3320 hoc

483 3364 615 3426 fieri
664 3362 898 3426 desinit
942 3381 1146 3444 usque
1194 3382 1356 3426 nunc
1398 3366 1461 3426 et
1499 3363 1815 3445 deincep-3,
1858 3382 2187 3445 quousque
2235 3363 2314 3426 ad
2362 3382 2508 3427 eum
2557 3366 2769 3427 cousu-

486 3470 667 3553 giunt
714 3469 886 3545 mali,
936 3471 1009 3532 ut
1055 3469 1361 3533 iustificet
1416 3470 1645 3551 inpios,
1697 3469 1805 3550 qui
1855 3469 1930 3532 ad
1981 3488 2121 3532 eum
2184 3472 2660 3546 conuertuntur,
2713 3473 2771 3532 et

483 3576 729 3638 discant
775 3575 975 3657 iniqui
1024 3576 1161 3638 uias
1211 3576 1368 3639 eius,

668 3716 691 3767 1
734 3713 852 3767 Ioh.
891 3714 941 3769 8.
980 3715 1045 3767 41
1187 3716 1220 3767 2
1258 3713 1374 3767 Iud.
1419 3715 1500 3777 11,
1541 3716 1573 3765 3
1702 3718 1733 3769 5
1771 3714 1798 3766 Ι
1837 3713 1957 3768 Cor.
1997 3715 2046 3776 2,
2087 3714 2118 3766 8
2251 3716 2316 3768 12
2355 3713 2419 3769 cf.
2459 3713 2486 3767 1
2524 3713 2644 3772 Cor.
2690 3716 2767 3778 15,

481 3805 566 3860 53.
606 3806 673 3857 54
814 3805 880 3857 15
920 3803 985 3856 cf.
1023 3803 1144 3856 Iud.
1188 3804 1269 3863 11,
1310 3806 1341 3857 3
1472 3804 1538 3855 17
1581 3803 1644 3855 cf.
1685 3803 1880 3856 Matth.
1921 3804 1971 3866 9,
2015 3804 2095 3856 11.
2144 3804 2205 3856 12
2345 3804 2409 3856 19
2449 3802 2537 3859 Es,
2577 3804 2664 3868 53,
2707 3804 2770 3857 12

482 3894 545 3945 21
590 3893 656 3946 cf.
697 3893 823 3945 Luc.
864 3892 951 3953 23,
992 3891 1075 3945 33.
1116 3892 1185 3944 43
1295 3892 1361 3944 27
1404 3892 1469 3946 cf.
1509 3892 1597 3945 Ps.
1638 3891 1726 3958 50,
1768 3893 1833 3945 15

553 3982 585 4034 2
628 3987 697 4043 (et
734 3983 788 4048 4)
829 3981 994 4049 fugit]
1036 3981 1143 4034 fuit
1179 3980 1237 4033 N
1346 3981 1378 4032 6
1417 3981 1582 4048 fugiit
1620 3980 1684 4033 N
1796 3983 1830 4034 9
1872 3986 1941 4043 (et
1981 3981 2068 4039 1⁴2)
2110 3981 2289 4050 opima
2328 3976 2427 4045 bd}
2464 3982 2532 4048 cs.
2573 3981 2765 4035 Locut.

482 4069 546 4122 de
583 4070 804 4124 Denter.
845 4071 957 4123 III
978 4088 1037 4138 p.
1085 4074 1193 4122 601
1231 4076 1277 4123 et
1316 4070 1523 4122 Enarr.
1558 4071 1651 4123 Ps.
1683 4077 1719 4124 t.
1754 4074 1830 4123 37
1849 4088 1908 4138 p.
1939 4075 2092 4124 1756
2130 4072 2318 4141 Miyne
2356 4070 2558 4141 ἁγαθός
2598 4073 2764 4125 excel·

480 4159 782 4212 lentissime
812 4159 985 4212 bonus
1123 4162 1319 4227 agaton
1350 4158 1621 4212 PSA‘VT
1721 4161 1784 4212 10
1814 4161 2049 4229 opimum
2080 4160 2153 4213 bd
2244 4164 2308 4214 15
2333 4176 2431 4215 sec.
2462 4161 2579 4214 cod.
2611 4162 2762 4215 Alex.

484 4248 549 4300 16
589 4247 941 4300 ambulabant
978 4247 1092 4300 PV
1212 4250 1277 4301 18
1319 4246 1687 4316 peccatoribus
1727 4256 1781 4301 et
1819 4249 2121 4318 publicanis
2169 4251 2217 4302 Τ
2336 4252 2397 4302 19
2437 4249 2675 4303 medicus
2712 4247 2773 4302 N

480 4337 544 4389 21
589 4336 653 4389 de
694 4352 849 4389 cruce
888 4354 988 4390 om.
1030 4337 1078 4388 Τ
1182 4336 1250 4390 27
1293 4354 1328 4389 a
1369 4341 1988 4407 conuertuntur—pay.
2035 4341 2165 4395 497.
2205 4344 2273 4391 14
2313 4356 2418 4391 non
2459 4339 2533 4391 ibi
2563 4343 2624 4391 in
2653 4339 2761 4393 cod·

478 4425 532 4478 P
567 4425 950 4478 desiderantur
986 4427 1197 4485 omnim
1240 4444 1412 4478 mmm
1440 4427 1645 4493 folium
1676 4429 1905 4494 periisse
1942 4435 2140 4481 certum
2182 4435 2256 4481 est

2817 1689 2865 1726 10

2817 2221 2862 2260 15

2808 3290 2860 3331 25
