3076 4976
393 493 522 557 406
1100 489 1153 544 S.
1212 488 1484 541 Aureli
1541 487 1980 557 Augustini

392 685 687 767 gelistam
739 683 1044 749 Salathiel
1092 683 1439 758 inuenitur;
1509 683 1804 765 quamuis
1853 682 1987 747 fieri
2044 683 2343 764 potuerit,
2394 686 2467 747 ut
2521 684 2686 748 alius

392 792 583 855 fuerit
643 791 864 855 eodem
911 791 1160 854 nomine
1217 790 1457 855 habens
1515 789 1801 855 eiusdem
1860 789 2131 855 nominis
2187 795 2451 874 patrem,
2502 792 2684 856 cuius

395 903 455 961 et
503 897 611 961 ille
657 898 899 962 habuit.
950 917 1093 961 nam
1142 901 1204 961 et
1242 897 1386 962 inde
1427 916 1683 961 sursum
1721 915 1947 961 uersus
1987 897 2225 962 diuersi
2261 900 2439 971 sunt;
2490 899 2683 962 alium

394 1004 626 1086 quippe
691 1003 884 1068 habet
947 1004 1294 1068 Zorobabel
1360 1022 1553 1067 auum
1619 1002 1785 1085 apud
1851 1004 2108 1080 Lucam,
2177 1004 2285 1086 qui
2353 1006 2452 1067 est
2513 1004 2684 1082 Neri,

394 1111 589 1174 alium
638 1109 805 1191 apud
854 1110 1276 1187 Matthaeum‚
1316 1109 1423 1191 qui
1463 1112 1563 1173 est
1596 1109 1946 1174 lechonias.
1987 1113 2175 1192 atque
2214 1111 2358 1174 inde
2397 1111 2689 1192 superius
2755 1135 2783 1174 5

394 1236 702 1298 nusquam
762 1220 861 1280 est
916 1216 1344 1293 consonantia,
1404 1234 1737 1298 quousque
1792 1217 2087 1281 ueniatur
2131 1216 2210 1280 ad
2256 1216 2467 1281 Dauid
2522 1216 2688 1299 apud

392 1321 789 1387 Matthaeum
836 1342 950 1406 per
997 1322 1418 1398 Salomonem,
1468 1322 1637 1405 apud
1681 1323 1918 1386 Lucam
1956 1341 2069 1404 per
2103 1321 2399 1387 Natham.
2440 1322 2689 1387 difficil-

393 1429 618 1493 limum
668 1434 877 1494 autem
948 1429 1202 1493 uidetur
1258 1448 1377 1493 non
1425 1429 1627 1493 fuisse
1691 1430 1964 1511 aliquem
2021 1429 2530 1512 propinquiorem
2580 1430 2684 1511 qui

394 1535 652 1600 duceret
716 1555 972 1601 uxorem
1037 1536 1249 1601 fratris
1317 1536 1418 1599 sui
1483 1555 1671 1618 quam
1739 1556 1884 1600 eum
1951 1536 2059 1618 qui
2126 1556 2198 1600 ex
2243 1535 2453 1600 Dauid
2519 1542 2690 1600 esset

396 1643 905 1727 consanguineus
955 1647 1083 1708 tam
1142 1644 1488 1727 longinquo
1542 1643 1741 1727 gradu
1789 1662 1910 1707 non
1967 1643 2178 1726 aliqua
2223 1643 2385 1707 infra
2439 1644 2689 1726 propin·
2728 1668 2780 1707 ιο

398 1750 638 1830 quitate
687 1751 1085 1823 coniunctus,
1137 1769 1282 1814 cum
1330 1751 1417 1814 sit
1462 1750 1629 1834 apud
1666 1751 1902 1814 Lucam
1941 1750 2153 1814 Dauid
2189 1769 2387 1832 paene
2428 1749 2688 1831 quadra-

398 1854 678 1936 gesimus
737 1874 771 1918 a
827 1855 1081 1937 Ioseph,
1139 1855 1306 1937 apud
1366 1855 1760 1919 Matthaeum
1819 1858 2033 1919 autem
2089 1857 2284 1920 ferme
2340 1855 2688 1919 uicesimus

398 1961 730 2041 septimus,
789 1965 899 2025 aut
956 1961 1010 2025 si
1067 1962 1403 2045 propinqui
1458 1961 1536 2026 ad
1591 1980 1812 2026 uxores
1871 1962 2310 2026 defunctorum
2369 1962 2687 2026 ducendas

398 2067 587 2130 etiam
654 2068 750 2131 illi
815 2068 1294 2149 quaerebantur,
1363 2068 1471 2151 qui
1527 2088 1601 2133 ex
1647 2069 2019 2132 feminarum
2079 2068 2385 2153 sanguine
2440 2068 2689 2151 propin-

398 2174 694 2255 quabant,
760 2175 894 2239 fieri
958 2176 1188 2258 potuit,
1255 2180 1329 2240 ut
1395 2179 1568 2241 esset
1631 2175 1862 2256 aliquis
1929 2176 2014 2239 ita
2080 2174 2531 2257 propinquam,
2580 2174 2688 2256 qui
2733 2202 2779 2239 ιε,

396 2280 623 2363 Ioseph
656 2282 944 2365 genuerit
972 2282 1049 2346 de
1079 2302 1267 2348 uxore
1296 2282 1632 2366 propinqui
1665 2282 1786 2359 sui,
1821 2282 1929 2364 qui
1969 2282 2101 2346 sine
2137 2281 2353 2345 liberis
2395 2281 2688 2345 decessit.

398 2405 469 2450 ac
510 2387 602 2452 sic
642 2387 699 2451 ei
739 2392 909 2453 esset
954 2391 1115 2453 alter
1162 2409 1231 2453 ex
1281 2394 1501 2454 natura
1546 2391 1744 2471 pater,
1795 2389 1952 2453 alter
1999 2408 2070 2452 ex
2115 2389 2277 2471 lege.
2316 2387 2381 2450 in
2421 2406 2689 2469 quorum

398 2495 685 2577 patribus
736 2500 800 2560 et
847 2496 985 2560 auis
1035 2500 1097 2561 et
1144 2496 1370 2561 deinde
1428 2497 1774 2561 maioribus
1822 2495 1964 2561 ideo
2023 2496 2197 2560 nulla
2251 2495 2689 2578 propinquitas

398 2602 746 2684 adpareret,
797 2603 967 2684 quod
1014 2623 1135 2666 non
1185 2622 1255 2667 ex
1303 2604 1585 2668 maribus
1635 2603 1747 2667 sed
1786 2622 1857 2667 ex
1893 2602 2143 2667 feminis
2180 2602 2688 2685 propinquarent.

401 2728 621 2772 uerum
679 2714 891 2774 tamen
949 2711 1003 2773 si
1066 2710 1155 2773 ita
1212 2714 1403 2786 esset,
1460 2729 1576 2775 nec
1634 2708 1842 2774 Dauid
1899 2707 2236 2791 aliquando
2295 2727 2460 2772 unus
2516 2712 2693 2789 pater
2728 2735 2782 2772 20

402 2820 775 2879 occurreret.
836 2819 947 2880 aut
994 2817 1048 2880 si
1096 2817 1432 2898 quisquam
1487 2817 1775 2899 potuisse
1833 2815 2174 2891 contendit,
2232 2815 2340 2878 ubi
2400 2815 2689 2897 ponimus

401 2922 572 3004 quod
635 2923 1028 2987 consuetudo
1096 2923 1444 3004 scripturae
1509 2942 1631 2987 non
1699 2927 1799 2986 est
1860 2922 2128 2987 feminas
2192 2922 2255 2986 in
2323 2922 2692 3005 genealogia

402 3049 513 3110 pro
562 3029 843 3093 maribus
890 3048 1139 3112 ponere,
1192 3029 1361 3094 sicut
1409 3049 1513 3094 eas
1561 3029 1777 3094 nullus
1827 3029 2222 3114 euangelista
2267 3028 2689 3110 interposuit?

404 3135 513 3198 ubi
581 3135 747 3199 enim
825 3142 1397 3201 commemorantur
1459 3141 1715 3215 matres,
1782 3155 1905 3201 non
1972 3139 2294 3219 ponuntur
2356 3135 2482 3199 nisi
2548 3154 2689 3200 cum

584 3310 651 3361 24
692 3309 756 3362 cf.
796 3309 1035 3363 Retract.
1076 3310 1129 3363 II
1168 3312 1234 3364 55
1292 3310 1430 3365 Item
1480 3311 1625 3380 quod
1663 3313 1717 3365 in
1759 3310 1948 3380 quinto
1988 3311 2125 3364 libro
2165 3309 2292 3366 dixi.
2330 3309 2424 3363 ubi
2462 3326 2691 3363 comme-

404 3403 684 3452 morantur
730 3402 928 3453 matres
978 3400 1055 3453 ire
1103 3400 1157 3452 in
1198 3401 1643 3470 generationibus
1683 3400 2029 3468 euangeliciS,
2070 3416 2177 3452 non
2218 3416 2306 3454 eas
2344 3400 2554 3469 positas
2590 3397 2692 3450 nisi

407 3504 527 3541 cum
565 3487 831 3558 patribuS,
870 3505 1057 3541 uerum
1099 3493 1183 3542 est
1222 3489 1453 3558 quidem,
1494 3489 1591 3543 sed
1630 3489 1697 3542 ad
1737 3505 1845 3542 rem
1886 3489 1952 3542 de
1993 3505 2100 3558 qua
2137 3488 2403 3558 agebatur
2438 3505 2544 3541 non
2574 3503 2692 3556 per·

406 3579 566 3632 tinet.
621 3577 888 3646 agebatur
934 3583 1115 3632 autem
1162 3579 1229 3633 de
1276 3580 1342 3632 iis
1393 3580 1486 3648 qui
1535 3578 1808 3633 ducebant
1853 3580 2080 3632 fratrum
2128 3578 2217 3631 uel
2273 3578 2689 3649 propinquorum

408 3667 665 3736 coniuges
704 3684 884 3720 eorum
925 3668 1015 3736 qui
1056 3669 1172 3722 sine
1210 3669 1336 3721 filiis
1377 3667 1620 3721 defuncti
1659 3670 1842 3721 essent
1879 3670 2099 3737 propter
2128 3666 2260 3720 duos
2289 3671 2472 3736 patres
2500 3664 2693 3734 Ioseph

408 3772 632 3826 quorum
683 3756 911 3810 alterum
957 3757 1267 3810 Matthaeus
1327 3759 1729 3821 commemorat,
1770 3755 1999 3807 alterum
2038 3755 2228 3808 Lucas.
2270 3754 2336 3808 de
2384 3771 2492 3823 qua
2530 3769 2691 3823 quac-

408 3846 586 3899 stione
625 3845 918 3914 diligenter
956 3847 1008 3898 in
1047 3846 1148 3898 hoc
1188 3860 1348 3913 opere
1389 3844 1633 3907 disserui,
1665 3860 1785 3896 cum
1823 3846 2239 3896 retractaremus
2280 3859 2412 3912 opus
2451 3846 2690 3895 nostrum

410 3940 595 3989 contra
631 3934 893 3988 Faustum
932 3934 1326 3988 Manichaeum.

482 4062 505 4114 1
550 4059 766 4113 salatiel
805 4061 860 4113 P
894 4059 1147 4113 salatihel
1192 4057 1245 4111 U
1279 4057 1468 4111 alatiel
1505 4057 1571 4110 N
1710 4058 1742 4109 5
1780 4057 2017 4110 ieconias
2055 4055 2230 4110 Pn‘T
2368 4056 2401 4109 6
2445 4054 2599 4108 dauit
2635 4053 2698 4106 N

411 4153 441 4205 7
498 4148 735 4204 Natham
774 4149 997 4217 scripsi.-
1045 4148 1267 4201 Nathan
1309 4147 1439 4200 libri
1448 4167 1468 4214 ‚·
1513 4147 1611 4201 sed
1647 4147 1719 4213 cf.
1753 4163 1809 4214 p.
1855 4149 1947 4208 63,
1987 4150 2016 4199 1
2195 4145 2228 4199 8
2285 4147 2467 4198 autem
2513 4159 2613 4197 om.
2655 4141 2698 4194 S

410 4242 442 4293 9
480 4239 636 4292 fratri
674 4238 735 4292 N
858 4239 921 4291 12
961 4236 1029 4290 ad
1076 4237 1125 4290 T
1262 4236 1413 4305 iosep
1451 4236 1513 4290 N
1633 4236 1697 4288 15
1736 4235 1905 4305 aliqui
1943 4233 2219 4288 Pl'uwfl
2251 4289 2256 4292 ,
2364 4233 2696 4303 propinquus

410 4327 530 4381 de
564 4328 849 4396 propincus
888 4326 951 4378 N
1095 4327 1158 4380 17
1209 4326 1254 4378 si
1294 4323 1339 4379 S
1516 4328 1662 4378 esset
1699 4324 1859 4378 aliter
1894 4324 1960 4377 N
2097 4324 2158 4376 21
2214 4323 2326 4376 fieri
2365 4322 2607 4392 potuisse
2653 4318 2701 4372 T

411 4418 481 4468 ‘24
519 4417 737 4484 matres]
780 4419 834 4469 et
872 4417 933 4469 N
