3076 4976
587 471 712 534 112
1292 468 1343 520 S.
1402 467 1675 520 Aureli
1735 466 2172 534 Augustini

578 663 731 727 dum
770 663 824 726 ei
864 665 1243 744 parceretur,
1285 661 1454 724 sicut
1500 658 1709 723 omnia
1754 659 1920 722 mala
1967 658 2154 722 corda
2202 658 2528 722 hominum
2574 659 2860 741 patientia

579 769 677 833 dei
728 771 890 834 male
941 769 1171 832 utendo
1222 768 1586 831 durescunt.

666 876 1017 942 XXXVIII.
1085 876 1295 938 Tertio
1364 874 1598 937 dicitur
1662 873 1740 936 ad
1804 873 2101 954 Moysen:
2172 872 2511 935 extende
2570 892 2856 937 manum

577 996 609 1056 <
625 988 886 1055 tuam>
937 984 1011 1046 in
1063 982 1390 1057 caelum,
1442 984 1514 1044 ut
1560 979 1738 1043 fieret
1775 980 1966 1043 etiam
2004 979 2191 1062 plaga
2230 980 2649 1043 tenebrarum.
2697 1000 2858 1043 num-

576 1110 765 1172 quam
813 1093 1023 1153 autem
1074 1089 1313 1151 dictum
1363 1091 1461 1151 est
1510 1086 1587 1150 ad
1634 1087 1889 1150 fratrem
1940 1086 2076 1149 eius
2124 1087 2350 1162 Aaron,
2402 1091 2475 1150 ut
2521 1088 2858 1151 extenderet
2904 1106 2923 1142 ⁵

576 1215 830 1260 manum
869 1196 929 1259 in
972 1196 1236 1260 caelum.
1288 1194 1457 1275 quod
1495 1213 1644 1277 ergo
1687 1193 1927 1256 dictum
1969 1197 2067 1256 est
2097 1193 2173 1256 ad
2194 1193 2494 1276 Moysen:
2539 1194 2855 1257 extende

577 1323 883 1366 manum
947 1305 1165 1365 tuam
1231 1320 1474 1382 super
1535 1304 1833 1364 terram
1898 1301 2251 1382 Aegypti
2329 1304 2407 1363 et
2481 1300 2854 1364 ascendat

574 1412 901 1475 locusta
949 1427 1190 1490 super
1236 1413 1552 1484 terram,
1594 1407 1778 1470 credo
1827 1407 1895 1471 id
1943 1405 2369 1490 significatum
2420 1409 2608 1471 etiam
2660 1408 2852 1471 minus

574 1535 762 1598 posse
824 1515 931 1596 qui
991 1515 1135 1595 plus
1196 1518 1428 1596 potest,
1491 1533 1611 1577 non
1675 1518 1886 1578 autem
1945 1514 2240 1578 continuo
2292 1514 2395 1577 cui
2442 1515 2684 1578 minora
2729 1533 2852 1577 con·

575 1623 888 1686 ceduntur
932 1640 1119 1704 posse
1168 1620 1423 1685 maiora.
2882 1641 2918 1678 ιο

662 1728 1047 1791 XXXVIIII.
1097 1728 1270 1791 Deus
1323 1727 1401 1790 ad
1447 1727 1742 1809 Moysen:
1804 1727 2139 1808 loquere
2188 1746 2374 1811 ergo
2427 1733 2742 1792 secreto
2787 1728 2848 1790 in

574 1854 808 1899 aures
871 1835 1174 1916 populi,
1242 1837 1318 1897 et
1375 1838 1605 1914 petat
1666 1835 2234 1916 unusquisque
2285 1854 2321 1898 a
2366 1836 2727 1916 proximo
2787 1837 2850 1896 et

573 1942 871 2005 mulier
909 1961 943 2004 a
980 1941 1337 2021 proxima
1377 1960 1571 2003 uasa
1611 1944 1995 2022 argentea
2035 1943 2106 2005 et
2145 1960 2388 2004 aurea
2427 1945 2501 2005 et
2539 1945 2847 2004 uestem.

576 2068 697 2112 non
774 2047 917 2110 hinc
996 2047 1263 2129 quisque
1340 2046 1715 2109 sumendum
1809 2048 2164 2127 exemplum
2236 2051 2457 2130 putare
2536 2048 2716 2111 debet
2784 2046 2848 2110 ad

572 2154 1010 2236 expoliandum
1062 2155 1184 2217 ist-o
1233 2154 1419 2216 modo
1469 2154 1853 2234 proximum3
1913 2153 2031 2217 hoc
2082 2155 2248 2218 enim
2296 2155 2452 2217 deus
2503 2155 2709 2226 iussit,
2756 2153 2847 2235 qui
2878 2171 2914 2210 ιε

571 2263 833 2324 nouerat
900 2260 1051 2340 quid
1117 2277 1428 2340 quemque
1476 2259 1608 2339 pati
1659 2262 1996 2340 oporteret.
2047 2279 2159 2323 nee
2206 2260 2581 2324 Israhelitae
2627 2263 2845 2324 furtum

569 2369 872 2442 fecerunt,
940 2367 1050 2430 sed
1099 2365 1212 2428 deo
1261 2365 1506 2428 iubenti
1569 2366 1992 2429 ministerium
2054 2366 2510 2448 praebuerunt3
2577 2366 2845 2448 quemad-

567 2472 827 2538 modum
891 2494 1033 2536 cum
1095 2473 1382 2536 minister
1443 2472 1672 2536 iudicis
1737 2472 1970 2537 occidit
2017 2494 2160 2537 eum
2210 2494 2398 2555 quem
2443 2474 2632 2538 iudex
2677 2473 2846 2538 iussit

566 2579 789 2653 occidi,
854 2581 1156 2659 profecto,
1221 2580 1275 2643 si
1329 2580 1388 2642 id
1455 2583 1678 2659 sponte
1740 2581 1952 2653 faciat,
2016 2581 2330 2644 homicida
2394 2585 2512 2655 est,
2574 2582 2756 2644 etiam
2800 2579 2842 2641 si

567 2706 714 2750 eum
781 2685 1027 2749 occidat
1092 2705 1278 2767 quem
1345 2686 1467 2749 scit
1533 2685 1735 2749 occidi
1786 2707 1822 2749 a
1870 2687 2075 2750 iudice
2132 2687 2448 2750 debuisse.
2529 2692 2627 2751 est
2673 2688 2910 2751 etiams

566 2794 691 2856 ista
738 2792 1037 2855 nonnulla
1085 2794 1392 2873 quaestio,
1442 2793 1496 2855 si
1547 2811 1834 2856 seorsum
1883 2793 2251 2857 habitabant
2289 2794 2564 2858 Hebraei
2603 2796 2663 2858 in
2700 2798 2842 2857 terra

568 2899 856 2975 Gessem‚
924 2898 1034 2961 ubi
1101 2919 1213 2962 nec
1277 2900 1499 2982 plagae
1574 2899 1809 2963 fiebant
1884 2900 2114 2981 quibus
2190 2919 2455 2982 regnum
2523 2898 2842 2964 Pharaonis

567 3005 1015 3087 adfligebatur,
1099 3006 1412 3086 quomodo
1492 3007 1657 3087 petit
1737 3007 2004 3087 quisque
2082 3027 2117 3070 a
2181 3008 2462 3088 proximo
2546 3007 2647 3070 uel
2721 3024 2841 3086 pro·

566 3114 733 3177 xima
816 3131 1068 3188 aurum,
1155 3116 1483 3195 argentum
1574 3117 1637 3176 et
1723 3117 1984 3181 uestem,
2070 3114 2439 3195 praesertim
2528 3114 2672 3195 quia
2749 3110 2840 3174 ubi

566 3219 838 3300 primum
915 3218 1033 3281 hoc
1110 3219 1443 3282 mandatur
1516 3239 1626 3302 per
1697 3220 1980 3301 Moysen,
2057 3221 2147 3283 sic
2225 3222 2504 3302 positum
2582 3223 2705 3283 est:
2776 3222 2840 3279 et
2870 3234 2907 3273 2³

570 3326 863 3389 mulier
928 3344 961 3387 a
1027 3326 1301 3389 uicina
1368 3346 1508 3391 sua
1579 3331 1655 3390 et
1721 3328 2223 3391 concellaria
2291 3329 2391 3391 uel
2471 3325 2840 3391 concella-

568 3452 709 3496 nea
756 3471 839 3478 ——
891 3433 943 3495 si
1007 3434 1097 3496 ita
1158 3433 1490 3496 dicendum
1553 3438 1651 3497 est
1710 3471 1796 3479 —
1859 3434 1959 3497 uel
2025 3434 2637 3498 cohabitatrice
2696 3450 2839 3494 sua·

569 3539 732 3603 unde
796 3539 1289 3621 intellegendum
1356 3543 1455 3602 est
1520 3541 1709 3603 etiam
1786 3541 1847 3602 in
1923 3544 2088 3604 terra
2155 3540 2422 3605 Gessem
2495 3561 2614 3605 non
2687 3539 2838 3603 solos

748 3783 779 3836 3
819 3782 914 3837 Ex.
959 3783 1041 3845 10,
1083 3784 1144 3835 21
1261 3785 1292 3836 6
1333 3784 1424 3839 Ex.
1468 3786 1550 3847 lo,
1597 3784 1660 3837 12
1777 3787 1836 3837 11
1883 3785 1971 3838 Ex.
2018 3786 2100 3847 11,
2141 3787 2172 3838 2
2285 3787 2353 3837 25
2393 3786 2483 3838 Ex.
2527 3787 2576 3851 3,
2614 3787 2681 3838 :22

635 3941 670 3991 4
707 3942 855 3992 tuam
894 3939 1090 4006 scripsi
1125 3956 1241 3993 cum
1282 3940 1386 3994 bd:
1421 3956 1526 3995 om.
1565 3941 1719 3995 codd.
1822 3942 1856 3995 9
1896 3943 2222 4012 qui—posse
2260 3959 2364 3996 om.
2404 3942 2478 3996 P¹
2583 3945 2641 3997 Il
2683 3940 2832 4006 Deus]

566 4028 717 4081 Dixit
765 4027 897 4081 deus
950 4026 1068 4080 TS²
1285 4030 1348 4081 13
1396 4028 1483 4080 καὶ
1527 4031 1657 4099 γυνὴ
1699 4033 1841 4101 παρὰ
1879 4039 1974 4101 τῆς
2015 4029 2231 4101 πλησίον
2281 4032 2399 4087 cod.
2452 4033 2596 4086 Alex
2640 4037 2686 4085 et
2728 4030 2835 4096 Lay

564 4132 727 4169 aurea
765 4120 821 4168 et
859 4121 1118 4185 argentea
1154 4117 1565 4187 PSVdeEuy
1641 4120 1704 4171 14
1745 4121 2030 4189 quisquam
2069 4122 2197 4189 Eua
2306 4122 2606 4190 exemplum
2644 4135 2831 4173 sumen·

564 4205 688 4257 dum
728 4206 856 4273 Etcy
1037 4208 1104 4258 ‘22
1144 4224 1335 4275 geosen
1386 4208 1435 4259 V
1469 4224 1661 4275 gessen
1703 4208 1776 4260 bd
1939 4211 2006 4262 23
2047 4211 2272 4279 quisque
2312 4212 2454 4279 petit
2495 4212 2525 4263 b
2666 4225 2695 4261 s
2729 4223 2831 4277 pro·

562 4294 705 4344 xima
743 4293 1028 4346 PSVde
1182 4297 1248 4347 ‘26
1290 4311 1320 4347 a
1357 4312 1460 4348 om.
1506 4295 1551 4347 C
1692 4313 1790 4348 sua
1828 4314 1931 4349 om.
1971 4297 2166 4351 Locut.
2206 4298 2272 4352 de
2307 4299 2416 4353 Ex.
2457 4298 2597 4352 XII
2723 4309 2830 4348 con·

556 4380 761 4433 celatia
806 4381 852 4434 0
993 4383 1316 4435 concelanea
1361 4386 1407 4437 C
1513 4386 1581 4436 28
1619 4389 1815 4437 ‘terrani
1864 4385 1915 4438 T
2058 4405 2249 4454 gessen
2293 4387 2366 4440 bd
