3076 4976
639 564 1124 632 Quaestionum
1160 565 1272 619 lib.
1313 566 1417 619 VII
1456 565 1750 633 (Quaest.
1793 564 1867 619 de
1905 565 2299 633 Iudicibus).
2484 571 2607 633 501

310 759 583 825 ue1sitas
631 763 889 844 propter
934 762 1239 842 quattuor
1282 766 1495 845 partes
1545 761 1736 838 orbiS,
1782 781 1895 844 per
1932 780 2088 844 quas
2127 762 2317 845 longe
2351 763 2610 844 lateque

312 867 544 932 diffusa
591 869 709 932 est.
788 867 866 932 ad
920 867 1224 933 historiae
1281 887 1431 933 uero
1485 868 1942 951 proprietatem
2000 887 2120 932 non
2177 867 2444 932 arbitror
2491 867 2612 933 hoc

311 974 674 1040 decreuisse
730 975 1126 1052 IsrahelitaS,
1184 975 1307 1040 nisi
1366 976 1515 1058 quia
1569 975 2028 1059 intellegebant
2082 975 2143 1039 in
2202 994 2274 1039 ea
2328 994 2394 1039 re
2450 975 2611 1040 iudi-

311 1082 483 1146 cium
540 1081 640 1146 dei
695 1082 901 1166 magis
960 1081 1037 1146 ad
1094 1081 1578 1164 percutiendum
1634 1085 1880 1165 patrem
1935 1082 2136 1147 fuisse
2187 1081 2609 1165 depromtum,

242 1210 268 1248 5
306 1208 385 1252 ne
433 1189 559 1253 tale
609 1207 842 1253 uouere
892 1188 1275 1253 sacrificium
1325 1188 1623 1270 deinceps
1673 1189 1848 1253 ullus
1897 1189 2178 1254 auderet.
2235 1209 2380 1254 nam
2419 1208 2610 1272 quare

304 1298 523 1361 luctus
563 1298 628 1360 et
663 1295 1033 1360 lamentatio
1074 1295 1529 1372 decerneretur,
1573 1295 1627 1360 si
1664 1299 1891 1360 uotum
1927 1296 2090 1361 illud
2123 1296 2405 1361 laetitiae
2437 1296 2608 1359 fuit?

399 1400 466 1466 Si
515 1404 727 1466 autem
775 1405 840 1466 et
884 1401 1065 1480 illud,
1117 1402 1284 1484 quod
1329 1402 1607 1484 populus
1645 1402 1959 1485 Ephraem
2005 1405 2231 1486 postea
2267 1403 2344 1467 ab
2385 1402 2606 1467 eodem

305 1508 529 1591 Iephte
596 1507 954 1573 debellatus
1021 1512 1139 1584 est,
1207 1509 1286 1573 ad
1347 1509 1660 1573 iudicium
1726 1508 1850 1585 dei,
1918 1509 2087 1591 quod
2152 1510 2271 1575 erit
2331 1509 2395 1573 in
2460 1507 2603 1586 fine,

302 1615 702 1679 referendum
760 1618 886 1694 est,
944 1615 1115 1681 sicut
1167 1615 1306 1698 ipse
1366 1616 1661 1681 dominus
1719 1617 1910 1682 dicit:
1969 1636 2136 1694 eos,
2197 1616 2331 1698 qui
2388 1616 2603 1680 nolu-

215 1745 267 1783 ιο
310 1725 550 1786 erunt
631 1740 747 1786 me
829 1741 1167 1807 regnare
1252 1723 1446 1800 sibi,
1527 1723 1914 1788 adducite
1985 1726 2062 1788 et
2133 1722 2603 1788 interficite

304 1847 571 1893 coram
620 1848 767 1906 me,
825 1847 936 1893 nec
984 1828 1074 1892 ibi
1123 1827 1543 1913 quadraginta
1589 1829 1713 1894 duo
1761 1829 1960 1907 milia,
2010 1847 2169 1910 quae
2218 1828 2604 1906 ceciderunt,

302 1935 555 1999 uacanti
632 1954 893 2000 numero
979 1939 1471 2000 commemorata
1555 1939 1723 2000 sunt.
1819 1937 1990 1999 sicut
2062 1935 2230 1999 enim
2302 1934 2401 1998 illi
2478 1936 2604 1999 duo

301 2060 555 2106 menses
601 2045 861 2125 propter
906 2041 1233 2125 sexaginta
1270 2041 1406 2106 dies
1446 2042 1763 2107 senarium
1802 2060 2135 2106 numerum
2175 2060 2281 2105 sex
2319 2044 2601 2106 aetatum

303 2147 693 2231 significant,
759 2149 851 2213 ita
911 2151 974 2212 et
1037 2147 1125 2213 ibi
1191 2149 1391 2213 sexies
1469 2149 1866 2232 septenarius
1932 2148 2164 2212 ductus
2238 2148 2359 2212 hoc
2430 2147 2600 2212 idem

207 2278 261 2317 15
302 2254 554 2338 figurat,
606 2259 912 2336 quantum
963 2255 1040 2319 ad
1090 2275 1195 2320 sex
1243 2258 1485 2320 aetates
1536 2255 1776 2320 saeculi
1822 2254 2131 2338 pertinet;
2182 2254 2384 2318 sexies
2433 2254 2595 2318 enim

302 2361 549 2443 septeni
599 2361 1019 2445 quadraginta
1064 2361 1188 2425 duo
1239 2367 1408 2426 sunt.
1483 2380 1598 2425 nec
1647 2362 1881 2425 frustra
1931 2363 1995 2424 et
2038 2359 2176 2443 ipse
2222 2360 2445 2442 Iephte
2493 2379 2598 2423 sex

299 2466 476 2533 aunis
523 2469 835 2552 populum
881 2468 1215 2535 iudicauit.

388 2575 460 2639 L.
546 2576 775 2655 Quaeri
852 2579 1067 2659 potest
1143 2575 1457 2658 quomodo
1534 2574 1758 2638 dixerit
1834 2575 2099 2657 angelus
2175 2573 2256 2638 ad
2327 2575 2594 2637 matrem

297 2679 589 2756 Samson,
666 2701 813 2746 cum
888 2682 1291 2746 adnuntiaret
1356 2682 1412 2746 ei
1479 2681 1683 2745 filium
1759 2682 2070 2758 futurum,
2147 2679 2298 2763 quia
2359 2679 2595 2744 sterilis

195 2812 259 2850 20
299 2791 469 2852 erat:
516 2792 592 2852 et
630 2808 835 2853 nunc
867 2788 1217 2853 obserua
1249 2792 1327 2853 et
1364 2807 1511 2853 nou
1551 2789 1782 2853 bibas
1822 2788 2096 2852 uinum
2128 2791 2200 2851 et
2231 2786 2593 2863 siceram,

295 2913 445 2960 nou
522 2894 957 2959 manduces
1031 2913 1253 2959 omne
1317 2894 1805 2959 inmundum.
1890 2893 2043 2976 quid
2109 2895 2210 2958 est
2274 2892 2439 2957 enim
2502 2891 2595 2955 in·

293 3000 653 3065 mundum?
701 3001 824 3065 uisi
871 3002 1032 3065 forte
1081 3000 1419 3067 dissolutio
1469 3001 1862 3082 disciplinae,
1911 3019 2069 3083 quae
2117 3019 2258 3065 esse
2306 3002 2598 3082 coeperat

288 3107 353 3171 in
420 3107 685 3185 Israhel,
753 3107 946 3172 etiam
1011 3107 1089 3172 ad
1156 3126 1230 3171 ea
1292 3107 1731 3172 manducanda
1795 3126 1903 3173 eos
1967 3107 2368 3180 labefecerat,
2436 3124 2593 3188 quae

288 3212 706 3297 prohibuerat
752 3213 909 3279 deus
957 3214 1020 3277 in
1070 3213 1410 3299 generibus
1458 3214 1852 3278 animalium.
1920 3232 2032 3277 cur
2079 3213 2246 3277 enim
2294 3232 2415 3278 non
2465 3230 2592 3276 cre-

193 3345 249 3384 as
295 3319 481 3385 datur
546 3321 739 3385 etiam
806 3320 927 3386 hoc
994 3340 1101 3386 eos
1165 3321 1370 3386 multo
1435 3320 1786 3404 procliuius
1851 3321 2056 3385 facere
2114 3319 2424 3402 potuisse,
2482 3318 2590 3400 qui

290 3427 484 3491 etiam
534 3427 613 3491 ad
662 3428 910 3492 cultum
958 3426 1273 3493 idolorum
1321 3426 1994 3510 transgrediebantur?

375 3532 478 3596 LI.
548 3532 734 3612 Quod
785 3536 988 3596 mater
1035 3531 1302 3597 Samson
1351 3532 1488 3597 uiro
1550 3550 1662 3596 suo
1721 3532 2008 3596 indicans
2057 3530 2587 3614 quemadmodum

282 3639 382 3703 illi
449 3640 713 3723 angelus
782 3639 1257 3704 adnuntiauerit
1318 3639 1522 3703 filium
1589 3639 1876 3703 futurum
1942 3638 2130 3702 dixit:
2206 3641 2284 3702 et
2347 3637 2585 3700 inter-

464 3884 495 3937 7
535 3882 600 3937 cf.
640 3882 757 3938 Iud.
802 3884 884 3948 12,
924 3884 1067 3937 4-6
1176 3884 1209 3937 9
1246 3883 1375 3936 Luc.
1420 3883 1501 3947 19,
1543 3884 1610 3936 27
1727 3883 1792 3937 16
1831 3882 1901 3935 cf.
1942 3880 2062 3934 Iud.
2107 3881 2189 3945 12,
2220 3880 2249 3933 7
2360 3879 2430 3934 20
2466 3878 2581 3934 Iud.

285 3974 367 4037 13,
406 3975 441 4026 4
550 3973 620 4027 23
660 3972 725 4026 ef.
764 3972 931 4027 Dent.
972 3974 1059 4036 14,
1100 3971 1132 4025 3
1171 3988 1323 4042 seqq.
1436 3971 1505 4025 28
1544 3970 1662 4025 lud.
1707 3971 1790 4033 13,
1830 3971 1863 4023 6

350 4132 385 4186 3
422 4130 753 4186 intellebant
788 4130 855 4184 N
974 4133 1007 4185 6
1045 4131 1202 4185 illum
1240 4131 1306 4184 N
1426 4132 1457 4185 7
1495 4131 1723 4200 populos
1760 4128 1828 4182 N
1967 4128 2132 4182 efrem
2169 4127 2225 4180 P
2260 4126 2439 4179 effrem
2481 4125 2584 4181 ST

279 4222 497 4291 ephrem
539 4219 661 4273 NV
804 4222 865 4275 11
909 4238 1048 4291 quae
1087 4236 1190 4276 om.
1231 4221 1297 4276 8¹
1447 4221 1513 4274 12
1554 4220 1694 4273 enim
1732 4234 1837 4273 om.
1878 4218 1925 4272 S
2051 4219 2114 4271 15
2154 4216 2363 4271 sexiens
2400 4214 2584 4269 P¹SN

281 4311 345 4363 16
384 4310 587 4379 septini
622 4309 690 4363 N
721 4315 933 4379 septem
972 4309 1047 4364 bd
1159 4309 1225 4364 18
1266 4303 1352 4364 dii
1389 4309 1440 4363 T
1547 4310 1618 4363 19
1654 4324 1830 4362 samso
1857 4307 1967 4362 ΕΝ
1992 4307 2259 4375 Sampson
2288 4304 2326 4359 d
2471 4309 2578 4357 ste-

276 4398 401 4452 relis
438 4398 507 4453 N
627 4399 697 4453 20
737 4399 909 4471 sicera
947 4398 1008 4452 N
1135 4400 1199 4453 21
1246 4403 1301 4453 et
1340 4416 1450 4452 non
1486 4398 1552 4453 N
1674 4397 1743 4451 23
1781 4396 2097 4451 labifecerat
2131 4394 2199 4449 N
2299 4395 2368 4448 26
2407 4398 2582 4447 traus-

275 4504 365 4556 gre
374 4487 626 4541 diebatur
673 4486 743 4541 V¹
