3076 4976
653 491 1135 553 Quaestionum
1189 489 1300 543 lib.
1342 489 1396 542 11
1448 490 1735 554 (Quaest.
1787 491 1861 543 de
1913 489 2168 559 Exodo).
2431 493 2552 554 123

274 686 495 768 legitur
543 704 736 766 super
784 704 969 766 opera
1015 689 1144 762 tua,
1194 685 1258 748 id
1299 688 1398 749 est
1436 685 1601 767 quod
1643 687 1952 768 praeferre
1993 685 2220 748 debeas
2262 684 2556 765 operibus

273 794 438 856 tuis?
486 793 763 874 pertinet
809 792 971 856 enim
1020 792 1257 875 paseha
1304 796 1557 874 propter
1605 792 1983 857 occisionem
2035 793 2174 856 ouis
2234 791 2310 856 ad
2371 791 2559 854 fidem

277 899 497 964 Christi
555 905 623 964 et
681 901 1073 983 sanguinem,
1133 919 1255 980 quo
1316 899 1579 964 redemti
1639 919 1882 963 sumus,
1941 901 2096 963 haee
2145 905 2357 963 autem
2405 899 2559 961 fides

278 1007 558 1087 operibus
609 1007 1050 1088 praeponenda
1098 1010 1215 1083 est,
1268 1009 1340 1069 ut
1386 1008 1473 1070 sit
1519 1007 1794 1088 quodam
1843 1007 2029 1070 modo
2081 1027 2269 1089 super
2305 1026 2561 1069 manum

228 1114 569 1177 saduersus
632 1114 802 1188 illos,
861 1113 967 1193 qui
1025 1113 1084 1175 in
1146 1113 1441 1192 operibus
1490 1112 1652 1193 legis
1702 1113 2153 1194 gloriabantur.
2206 1114 2279 1176 de
2328 1132 2452 1194 qua
2498 1132 2561 1175 re

279 1221 596 1302 apostolus
656 1219 939 1300 loquitur
995 1222 1059 1281 et
1118 1219 1390 1282 multum
1451 1220 1603 1302 agit,
1674 1220 1781 1301 qui
1849 1220 2036 1282 fidem
2106 1220 2402 1302 operibus
2472 1219 2561 1282 sic

278 1327 413 1388 uult
473 1326 795 1407 anteponi,
863 1330 934 1389 ut
989 1345 1059 1388 ex
1118 1326 1231 1389 illa
1284 1325 1599 1407 pendeant
1657 1346 1842 1408 opera
1898 1327 2058 1391 bona
2113 1333 2301 1408 atque
2359 1326 2433 1388 ab
2493 1344 2567 1387 ea

278 1432 777 1513 praeueniantur‚
844 1451 963 1495 non
1034 1436 1104 1493 nt
1168 1431 1309 1512 ipsa
1374 1432 1554 1494 uelut
1619 1430 1860 1495 meritis
1925 1432 2232 1494 bonorum
2306 1451 2564 1515 operum

281 1538 531 1602 retribui
592 1538 906 1602 uideatur.
964 1539 1074 1602 illa
1132 1539 1298 1601 enim
1356 1539 1434 1602 ad
1491 1539 1756 1622 gratiam
1815 1539 2120 1620 pertinet3
2192 1540 2253 1601 si
2322 1543 2566 1603 antem

214 1646 547 1726 1ogratia‚
602 1645 744 1707 iam
796 1664 934 1708 non
986 1665 1064 1708 ex
1116 1645 1501 1727 operibus;
1554 1645 1890 1727 alioquin
1942 1646 2186 1729 gratia
2236 1646 2378 1709 iam
2429 1664 2566 1708 non

284 1755 391 1815 est
436 1752 707 1836 gratia.

366 1859 688 1922 XLVIIII.
752 1859 925 1924 Cum
984 1863 1232 1923 autem
1292 1858 1589 1921 dimisit
1647 1859 1929 1922 Pharao
1989 1860 2380 1941 populum,
2432 1878 2568 1922 non

287 1965 589 2029 deduxit
639 1985 765 2029 eos
817 1966 996 2029 deus
1046 1966 1240 2029 uiam
1290 1969 1536 2028 terrae
1585 1966 2056 2047 Phylistiim‚
2109 1967 2288 2048 quia
2337 1986 2571 2047 prope

288 2078 457 2137 erat.
524 2073 720 2135 dixit
778 2073 965 2135 enim
1016 2072 1226 2136 deus:
1278 2092 1358 2135 ne
1410 2072 1700 2154 quando
1750 2073 2136 2154 paeniteat
2182 2072 2571 2155 populum,

213 2206 255 2242 ιε»
289 2198 437 2242 cum
490 2180 781 2243 uiderit
826 2179 1224 2261 proelium,
1275 2183 1347 2242 et
1394 2184 1833 2243 reuertatur
1870 2179 1938 2242 in
1979 2162 2428 2261 Aegyptum.
2470 2178 2574 2240 hie

290 2287 637 2349 ostenditur
684 2286 893 2349 omnia
939 2287 1068 2350 fieri
1119 2286 1363 2361 debere,
1405 2306 1564 2368 quae
1606 2286 1866 2349 consilio
1906 2291 2073 2349 recte
2115 2285 2245 2349 fieri
2289 2289 2574 2367 possunt,

291 2393 362 2455 ad
406 2392 749 2457 deuitanda
797 2412 955 2475 quae
1003 2393 1269 2456 aduersa
1316 2396 1483 2468 sunt,
1535 2392 1723 2456 etiam
1777 2412 1920 2454 eum
1969 2393 2124 2455 deus
2181 2391 2576 2474 apertissime

292 2500 533 2564 adiutor
582 2506 703 2564 est.

373 2608 439 2672 L.
493 2606 778 2685 Quinta
825 2612 1071 2672 autem
1122 2606 1479 2690 progenie
1528 2607 2037 2670 ascenderunt
2082 2606 2235 2669 filii
2279 2606 2577 2669 Israhel

216 2714 370 2780 mide
426 2720 629 2778 terra
684 2715 1026 2797 Aegypti.
1088 2718 1298 2777 utrum
1355 2713 1715 2797 progeniem
1774 2715 1837 2776 in
1898 2715 2152 2776 eentum
2203 2713 2380 2775 annis
2434 2714 2578 2775 uult

295 2821 618 2903 conputari
680 2824 743 2884 et
800 2821 939 2885 ideo
998 2821 1218 2902 quinta
1282 2820 1596 2902 progenie,
1666 2819 1814 2900 quia
1880 2822 2024 2900 post
2090 2818 2581 2901 quadringentos

296 2927 549 3011 triginta
600 2932 843 2990 annos?
894 2947 965 2991 an
1016 2946 1126 3008 per
1172 2926 1495 2989 hominum
1556 2925 1992 3008 generationes
2051 2925 2169 2987 hoc
2227 2925 2438 3005 potius
2495 2924 2583 2985 in-

295 3034 719 3118 tellegendum
772 3038 870 3097 est
916 3034 991 3096 ab
1030 3033 1169 3115 ipso
1208 3034 1396 3097 Iacob
1437 3033 1545 3114 qui
1586 3032 1849 3095 intrauit
1885 3031 1945 3094 in
1985 3032 2345 3113 Aegyptum
2388 3049 2586 3110 nsque

301 3140 372 3202 ad
420 3140 687 3222 Moysen
741 3141 844 3221 qui
897 3160 1040 3204 oum
1090 3139 1324 3222 populo
1367 3158 1663 3221 egressus
1705 3142 1849 3201 est?
1889 3139 2075 3200 Iacob
2117 3138 2279 3200 enim
2323 3139 2586 3219 primus,

223 3278 268 3318 ξς,
302 3247 614 3310 secundus
644 3248 821 3322 Leni,
857 3248 1085 3311 tertius
1122 3247 1340 3321 Caath,
1374 3250 1634 3327 quartus
1675 3244 1994 3319 Animam,
2037 3244 2293 3326 quintus
2336 3245 2589 3325 Moyses

302 3353 637 3420 inuenitur.
698 3355 811 3417 has
868 3360 1080 3418 autem
1138 3353 1294 3417 dicit
1348 3353 1682 3435 progenies
1740 3352 1974 3414 latinus
2038 3352 2365 3431 interpres,
2434 3369 2588 3430 quas

304 3464 502 3536 γενεάς
545 3459 774 3524 Graeci
814 3466 1064 3538 uocant,
1107 3480 1264 3541 qnae
1303 3460 1365 3523 in
1416 3460 1748 3541 euangelio
1800 3458 2334 3541 generationes
2386 3456 2592 3539 appel-

480 3673 513 3723 6
555 3671 619 3724 cf.
664 3671 783 3725 Gal.
824 3673 880 3733 3;
924 3671 1086 3725 Hebr.
1130 3675 1188 3726 11
1306 3674 1337 3724 9
1376 3673 1527 3724 Rom.
1575 3672 1654 3733 11,
1697 3672 1728 3722 6
1845 3672 1908 3723 12
1949 3669 2039 3722 Ex.
2085 3670 2165 3730 113,
2213 3670 2272 3721 17
2398 3668 2460 3720 19
2501 3668 2593 3720 Ex.

312 3760 389 3823 13,
433 3762 496 3814 18
609 3762 675 3814 27
718 3762 784 3814 cf.
825 3761 1021 3814 Matth.
1067 3763 1111 3821 1,
1156 3762 1220 3814 17

383 3885 404 3935 1
450 3884 683 3952 perferre
732 3884 780 3935 V
905 3885 938 3936 3
978 3885 1120 3952 quod
1160 3885 1223 3937 N
1348 3887 1379 3936 Γ)
1420 3882 1756 3952 gloriabatur
1804 3880 1852 3932 T
1970 3884 2000 3932 (ἰ
2042 3882 2098 3931 et
2135 3880 2284 3932 nullu
2327 3880 2403 3932 ait
2443 3897 2597 3948 posse

315 3971 407 4024 deo
446 3975 658 4043 plaeere
699 3975 813 4026 sine
854 3973 956 4026 fide
998 3975 1089 4041 qui
1125 3990 1234 4042 sqq.
1277 3973 1308 4025 b
1492 3972 1570 4024 ait
1616 3971 1660 4023 C
1695 3971 1810 4039 agit
1855 3982 1911 4037 (g
1951 3986 2067 4036 erp.
2109 3987 2174 4022 m.
2215 3972 2264 4034 1)
2307 3969 2359 4020 P
2525 3970 2601 4021 sic

314 4062 450 4129 uult}
492 4063 603 4115 suis
640 4062 693 4115 V
764 4064 791 4113 7
832 4063 954 4115 uult
985 4079 1084 4116 om.
1118 4063 1148 4114 b
1260 4061 1544 4129 anteponit
1571 4059 1704 4112 SVb
1796 4060 1830 4111 8
1871 4057 2255 4127 perueniantur
2285 4057 2322 4108 cl
2410 4060 2442 4107 9
2481 4073 2601 4125 per-

315 4151 490 4204 tinent
528 4153 558 4205 b
672 4153 738 4205 12
778 4153 957 4205 emisit
994 4152 1024 4203 b
1139 4154 1203 4204 13
1242 4168 1336 4220 per
1373 4152 1518 4202 uiam
1558 4147 1711 4201 δ”-’Τὸ
1857 4152 2030 4198 terrae
2070 4145 2372 4214 Phylistiim
2413 4161 2515 4199 om.
2546 4146 2605 4197 N

316 4239 500 4293 filistin
546 4241 593 4294 C
626 4240 891 4310 philistim
926 4240 1075 4294 PST
1151 4242 1212 4292 15
1252 4242 1557 4291 reuertetur
1584 4237 1656 4288 Ρι
1772 4238 1832 4288 17
1875 4233 2134 4287 euitanda
2164 4234 2193 4285 b
2304 4234 2372 4285 22
2413 4238 2468 4285 et
2505 4235 2602 4286 tri-

320 4330 467 4395 ginta
508 4332 537 4382 b
684 4330 959 4382 hominum
1003 4333 1139 4396 (exp.
1180 4334 1257 4382 est
1296 4335 1343 4381 et
1379 4342 1643 4394 super-scr.
1673 4314 1820 4377 onis)
1871 4324 1920 4376 V
2026 4324 2091 4375 25
2131 4326 2217 4374 cat
2261 4322 2304 4374 C
2339 4322 2460 4373 cath
2503 4322 2609 4373 PT

322 4421 444 4473 chat
480 4418 545 4470 N
649 4435 851 4471 amram
893 4417 966 4471 Sb
1078 4421 1144 4470 263
1184 4422 1364 4470 autem
1403 4434 1505 4469 om.
1550 4415 1593 4467 S
1699 4417 1764 4467 27
1807 4430 2005 4482 genens
2050 4410 2361 4464 CPSNVT
