3076 4976
445 536 572 600 372
1149 529 1202 582 S.
1259 527 1535 582 Aureli
1591 527 2030 597 Augustini

439 746 561 792 non
612 725 857 790 addidit
910 729 1011 800 „et
1059 723 1613 800 similitudinem⁴‘,
1672 742 1815 787 cum
1874 724 2167 804 superius
2226 723 2469 788 dictum
2529 727 2732 788 esset:

442 833 846 899 faciamus
905 830 1302 895 hominem
1351 828 1442 893 ad
1489 829 1922 912 imaginem
1972 834 2049 892 et
2096 828 2736 894 similitudinem

441 943 823 1017 nostram,
855 936 1236 1019 quibusdam
1266 936 1480 1000 uisum
1516 939 1617 999 est
1657 935 2138 1000 similitudinem
2182 936 2425 1018 aliquid
2463 935 2735 1018 amplius

442 1066 582 1112 esse
645 1065 831 1128 quam
898 1044 1264 1127 imaginem,
1331 1042 1502 1125 quod
1568 1042 1807 1107 homini
1872 1042 2264 1108 reformando
2330 1062 2444 1125 per
2499 1042 2738 1109 Christi

441 1153 711 1238 gratiam
785 1155 1010 1235 postea
1085 1154 1462 1215 seruaretur.
1550 1149 1741 1213 miror
1814 1155 2026 1214 autem
2094 1149 2149 1214 si
2213 1168 2338 1214 non
2407 1153 2738 1234 propterea
2801 1173 2832 1213 5

440 1263 666 1342 postea
710 1258 1050 1341 imaginem
1102 1257 1301 1321 solam
1353 1256 1564 1320 uoluit
1611 1274 2123 1331 commemorare,
2164 1257 2313 1340 quia
2348 1257 2460 1320 ubi
2504 1258 2736 1340 imago,

443 1366 745 1431 continuo
797 1368 863 1429 et
909 1362 1264 1428 similitudo
1314 1366 1431 1427 est.
1483 1362 1647 1427 unde
1699 1366 1763 1427 et
1806 1362 1910 1427 hic
1945 1363 2203 1446 Moyses
2252 1363 2737 1427 similitudinem

444 1477 511 1538 et
584 1472 927 1555 imaginem
1002 1469 1135 1534 fieri
1209 1471 1388 1533 uetat
1463 1468 1812 1533 secundum
1888 1490 2025 1535 eam
2090 1470 2360 1535 fortasse
2431 1470 2737 1534 rationem

446 1598 632 1662 quam
688 1577 982 1642 diximus,
1060 1576 1124 1641 in
1174 1575 1476 1660 decalogo
1527 1579 1741 1640 autem
1788 1577 2166 1660 generaliter
2212 1576 2446 1641 dicitur
2498 1578 2739 1641 nullam

444 1685 579 1750 fieri
647 1685 875 1749 debere
945 1682 1429 1748 similitudinem
1496 1702 1611 1747 nec
1677 1683 1887 1766 imago
1965 1688 2513 1749 commemoratur.
2594 1703 2740 1747 cum
2783 1704 2836 1742 ιο

446 1791 611 1856 enim
669 1792 847 1855 nulla
902 1789 1254 1854 similitudo
1313 1790 1404 1865 fit,
1464 1789 1685 1871 procul
1742 1789 1935 1854 dubio
1994 1809 2109 1854 nec
2172 1791 2383 1875 imago
2438 1790 2532 1867 fit,
2590 1810 2740 1872 quo·

446 1898 616 1963 niam
665 1896 719 1961 si
766 1896 1001 1981 imago,
1044 1896 1264 1978 utique
1313 1901 1376 1959 et
1424 1895 1816 1973 similitudo;
1865 1915 1987 1961 non
2038 1900 2250 1960 autem
2300 1897 2354 1961 si
2400 1897 2475 1960 fit
2521 1896 2740 1960 simili·

447 2004 634 2081 tudo,
710 2004 1011 2069 continuo
1089 2003 1162 2067 fit
1233 2006 1296 2067 et
1369 2002 1602 2087 imago.
1689 2007 1928 2080 tamen,
2007 2003 2059 2067 si
2126 2003 2302 2067 nulla
2363 2004 2740 2079 similitudo,

447 2111 754 2194 sequitur,
804 2115 877 2174 ut
924 2110 1101 2174 nulla
1146 2110 1378 2193 imago,
1432 2109 1702 2192 denique
1741 2110 1850 2173 ubi
1888 2110 2219 2193 prohibuit
2255 2110 2741 2175 similitudinem

448 2224 512 2283 et
556 2217 921 2301 imaginem,
981 2216 1255 2282 hominis
1314 2216 1603 2299 intellegi
1660 2216 1888 2291 uoluit,
1937 2217 2045 2281 ubi
2095 2220 2160 2281 et
2206 2216 2559 2281 simihtudo
2608 2216 2741 2280 fieri
2783 2241 2836 2279 ιε»

448 2328 664 2406 potest
709 2343 830 2389 non
879 2323 1071 2388 huius
1120 2327 1232 2387 aut
1277 2322 1473 2399 illius,
1524 2323 1636 2387 sed
1685 2323 2030 2388 cuiuslibet·
2073 2324 2369 2402 hominia,
2411 2328 2474 2388 et
2509 2325 2740 2406 imago,

448 2430 514 2496 id
562 2435 662 2496 est
706 2430 897 2496 huius
956 2430 1205 2512 proprie
1264 2428 1367 2494 uel
1423 2429 1600 2495 illius
1658 2429 1966 2508 hominis;
2026 2448 2170 2495 cum
2224 2449 2376 2495 uero
2435 2429 2510 2494 de
2558 2448 2741 2513 peco-

445 2537 623 2602 ribus
674 2537 991 2601 diceretur
1036 2539 1226 2617 atque
1274 2537 1756 2601 inrationalibus
1796 2537 2242 2613 animantibus,
2282 2538 2482 2602 solam
2522 2536 2743 2600 simili·

449 2643 736 2707 tudinem
786 2642 961 2707 dixit.
1039 2642 1180 2725 quis
1230 2642 1396 2706 enim
1444 2643 1703 2726 reperiri
1749 2647 1983 2725 potest,
2032 2644 2141 2726 qui
2188 2644 2310 2708 sibi
2356 2663 2553 2707 unum
2601 2662 2742 2707 con·

453 2748 683 2813 stituat
721 2767 936 2813 canem
977 2749 1084 2813 uel
1123 2748 1274 2830 quid
1312 2748 1449 2813 eius
1483 2751 1676 2828 modi,
1709 2770 1895 2833 quem
1935 2751 2186 2815 intuens
2226 2751 2364 2815 eius
2401 2749 2744 2834 imaginem
2782 2773 2840 2813 20

453 2854 676 2938 pingat
722 2859 833 2919 aut
878 2854 1121 2939 fingat?
1167 2857 1336 2938 quod
1385 2857 1459 2920 de
1507 2857 1871 2921 hominibus
1921 2857 2417 2922 usitatissimum
2465 2863 2581 2921 est.

544 2961 621 3025 V.
704 2961 869 3042 Quid
928 2966 1028 3026 est
1088 2966 1300 3028 autem
1370 2965 1541 3046 quod
1597 2963 1718 3028 ait:
1788 2964 2416 3030 similitudinem
2488 2963 2742 3030 omnis

454 3068 750 3151 piscis,
811 3086 1363 3152 quaecumque
1423 3074 1611 3134 sunt
1665 3070 1739 3133 in
1791 3071 2021 3152 aquis
2072 3071 2430 3144 sub<ter>
2483 3070 2743 3135 terra?

452 3194 527 3240 an
578 3177 640 3239 et
688 3194 916 3257 aquam
961 3178 1218 3258 propter
1255 3176 1652 3241 tractabilem
1692 3178 2150 3260 corpulentiam
2188 3184 2417 3242 terram
2454 3177 2743 3260 intellegi

450 3283 663 3348 uoluit
729 3288 793 3346 et
859 3283 1208 3348 secundum
1275 3283 1394 3348 hoc
1461 3283 1524 3347 in
1594 3303 1688 3362 e0‚
1757 3284 1923 3366 quod
1981 3286 2286 3368 scriptum
2344 3287 2474 3350 est:
2540 3285 2744 3349 fecit
2779 3308 2839 3344 25

454 3388 649 3452 deus
727 3390 1037 3453 caelum
1108 3393 1186 3454 et
1249 3393 1580 3467 terram,
1647 3393 1712 3455 et
1776 3410 1970 3472 aquas
2045 3391 2347 3456 debemus
2413 3390 2742 3474 accipere?

454 3494 709 3560 assidue
768 3495 1001 3577 quippe
1058 3495 1373 3578 scriptura
1427 3495 1526 3559 his
1585 3494 1832 3560 duabus
1891 3497 2178 3580 partibus
2236 3498 2743 3561 commemoratis

452 3601 824 3666 uniuersum
863 3601 1173 3666 mundum
1212 3601 1356 3666 uult
1391 3601 1678 3686 intellegi
1719 3602 2066 3667 secundum
2104 3604 2297 3668 illud:
2349 3604 2743 3668 auxilium

453 3727 706 3772 meum
766 3729 801 3774 a
848 3709 1203 3787 domin0‚
1267 3709 1401 3790 qui
1457 3709 1662 3774 fecit
1720 3709 2030 3774 caelum
2081 3714 2158 3775 et
2201 3715 2494 3776 terram
2543 3719 2607 3774 et
2652 3710 2743 3773 in·

630 3956 662 4006 2
702 3953 835 4008 Gen.
880 3956 925 4014 1.
963 3954 1032 4008 26
1160 3955 1192 4007 9
1232 3954 1297 4009 cf.
1338 3954 1432 4008 Ex.
1470 3955 1557 4016 20,
1595 3958 1629 4009 4
1761 3956 1825 4010 18
1865 3956 1930 4010 cf.
1971 3957 2134 4011 Deut.
2173 3959 2224 4019 4,
2269 3958 2333 4010 17
2473 3957 2541 4010 22
2578 3956 2745 4009 Deut.

450 4046 501 4104 4.
544 4043 609 4096 18
719 4045 787 4096 25
827 4041 962 4097 Gen.
1007 4043 1053 4109 1,
1097 4045 1120 4095 1
1235 4044 1304 4097 28
1340 4043 1428 4098 Ps.
1469 4045 1588 4108 120,
1629 4046 1661 4098 2

523 4185 588 4238 13
627 4184 673 4238 si
712 4183 863 4238 nulla
900 4200 1001 4240 om.
1041 4183 1254 4239 PSVU
1262 4184 1312 4238 T
1416 4185 1717 4240 similitudo
1754 4203 1856 4241 om.
1897 4186 1947 4239 T
2017 4189 2082 4240 15
2121 4185 2368 4240 homines
2396 4185 2583 4240 PS¹N
2589 4185 2639 4238 V
2643 4184 2694 4239 U
2700 4184 2754 4237 T

450 4276 635 4343 potest
671 4273 786 4326 fleri
825 4271 874 4328 8
1045 4274 1108 4327 17
1157 4273 1223 4328 de
1270 4274 1576 4344 pecoribus]
1627 4275 1908 4329 decoribus
1945 4275 2006 4329 N
2171 4275 2235 4329 18
2273 4273 2744 4328 inrationabilibus

462 4359 665 4414 VPSU
766 4361 834 4414 23
875 4361 1195 4431 quicumque
1241 4362 1291 4416 T
1431 4365 1545 4417 sint
1584 4363 1640 4416 N
1747 4364 1933 4418 subter
1967 4365 2189 4434 scripsi:
2227 4364 2324 4418 sub
2365 4363 2496 4417 libri
2601 4366 2748 4416 terra

451 4447 524 4503 1³¹
540 4447 671 4502 V¹N
681 4447 774 4503 US
879 4450 948 4502 24
987 4467 1054 4503 an
1095 4452 1172 4519 et]
1212 4455 1377 4504 anent
1411 4450 1479 4505 N
