3076 4976
283 1665 340 1706 10

282 2198 338 2239 15

274 2734 332 2774 20

988 484 1513 540 Adnotationum
1554 486 1619 539 in
1658 485 1772 539 Iob
1812 486 1987 540 liber
2024 486 2067 541 Ι.
2541 491 2669 553 553

380 700 529 745 nam
574 680 887 762 inpiorum
937 681 1156 762 utique
1205 681 1578 746 felicitatem
1624 682 1834 746 uideo.
1883 682 2249 763 respicite
2300 682 2380 747 ad
2432 702 2542 747 me
2601 686 2674 747 et

381 786 893 851 admiramini:
934 792 1259 871 tamquam
1299 788 1510 852 inania
1557 788 1892 853 dicentem.
1942 789 2005 852 si
2054 789 2248 853 enim
2292 789 2670 864 recorder,

382 893 814 975 perturbor:
872 894 1283 979 indignitates
1341 897 1652 960 humanae
1710 895 1880 960 uitae
1939 896 2185 960 rediens
2241 895 2320 959 ad
2375 896 2673 960 affectum

378 1003 790 1084 praeteritum
833 1004 910 1067 ab
952 1004 1100 1081 isto,
1139 1004 1202 1068 in
1244 1023 1364 1086 quo
1415 1024 1580 1068 nunc
1629 1008 1747 1080 est,
1798 1004 2150 1068 confitetur.
2202 1009 2274 1067 et
2319 1005 2674 1066 tenentur

382 1127 642 1172 carnes
719 1128 922 1174 meae
999 1110 1426 1174 doloribus:
1505 1110 1837 1175 carnaliter
1912 1110 2115 1174 doleo.
2184 1128 2410 1190 quare
2474 1108 2670 1191 inpii

381 1214 700 1279 uiuunt?
759 1216 1007 1298 quaerit
1064 1216 1138 1281 ab
1201 1216 1293 1280 eis
1353 1235 1633 1292 causam,
1684 1218 1832 1298 quia
1879 1217 2170 1281 dicebant
2215 1216 2321 1280 hic
2369 1217 2432 1279 in
2479 1215 2671 1298 inpiis

382 1321 712 1388 uindican'.
783 1325 858 1386 et
920 1326 1367 1406 permanent
1426 1322 1630 1387 sicut
1689 1325 2086 1388 uetustate
2144 1342 2324 1388 oues
2383 1342 2667 1387 eorum:

381 1447 503 1509 quo
571 1428 758 1494 modo
816 1443 1089 1512 possunt
1144 1432 1468 1494 uetustate
1524 1433 1975 1511 perseuerare?
2023 1449 2143 1495 non
2202 1429 2367 1494 enim
2426 1448 2674 1510 semper

382 1538 584 1599 erunt.
644 1540 856 1599 erant
913 1539 1163 1600 autem
1219 1537 1292 1600 in
1350 1537 1697 1601 manibus
1756 1557 2008 1601 eorum
2062 1538 2283 1602 bona:
2343 1556 2462 1601 non
2519 1535 2673 1599 tulit

381 1641 473 1705 eis
530 1642 694 1706 bona
749 1642 908 1723 ipsa,
969 1661 1114 1706 cum
1170 1643 1326 1707 haec
1386 1643 1686 1710 dicerent.
1746 1644 1964 1708 immo
2024 1662 2234 1718 uero,
2293 1643 2671 1725 inpiorum

376 1747 685 1812 lucerna
733 1749 1252 1833 extinguetur:
1304 1750 1558 1814 claritas
1608 1751 1994 1833 temporaliS,
2045 1750 2296 1814 etiamsi
2342 1769 2463 1813 non
2505 1748 2672 1813 sicut

378 1854 489 1918 isti
554 1854 1030 1939 intellegebant.
1102 1856 1472 1921 deficiant
1533 1857 1689 1920 filii
1756 1857 1919 1920 eius
1985 1858 2171 1921 bona
2237 1856 2430 1920 eius:
2507 1856 2672 1919 bona

380 1980 537 2042 quae
614 1961 705 2026 eis
780 1963 1118 2045 persuasit,
1188 1964 1565 2045 temporalia
1631 1964 1895 2040 scilicet,
1964 1968 2075 2027 aut
2138 1963 2494 2056 antichristi
2562 1965 2673 2025 aut

378 2070 634 2135 diaboli.
710 2069 1021 2135 uideant
1095 2071 1294 2135 oculi
1365 2072 1529 2134 eius
1595 2089 1846 2134 necem
1913 2090 2152 2134 suam:
2223 2069 2541 2153 significat
2606 2073 2671 2134 et

377 2177 535 2240 hanc
589 2177 1076 2259 prosperitatem
1102 2177 1378 2260 ignorari
1408 2178 1484 2240 ab
1518 2177 1617 2242 his
1666 2177 1775 2259 qui
1821 2177 1938 2240 hac
1987 2177 2295 2261 gaudent3
2347 2177 2406 2240 in
2454 2176 2668 2241 futuro

377 2285 590 2347 autern
650 2284 728 2348 ad
787 2303 1047 2349 sensum
1115 2285 1306 2349 etiam
1373 2285 1690 2367 inpiorum
1755 2283 2157 2366 perducetur.
2225 2283 2397 2366 quia
2460 2284 2672 2348 nulla

377 2389 738 2455 uoluntas
788 2392 953 2456 eius
1001 2391 1074 2455 in
1123 2391 1332 2456 domo
1375 2411 1509 2456 sua
1545 2394 1720 2473 post
1758 2410 1952 2455 eum:
1996 2391 2145 2473 quia
2180 2390 2243 2453 in
2284 2390 2671 2454 conscientia

377 2515 494 2560 sua
557 2499 881 2563 dominum
946 2519 1067 2563 non
1136 2501 1463 2564 consecuti
1530 2501 1683 2563 sunt
1742 2500 1806 2564 in
1872 2498 2416 2563 tribulationibus
2482 2497 2670 2561 licet

374 2605 2666 2687 numerusmensiumeiusdimidiatussit:quamuispraesentem

376 2710 646 2775 coluerit
704 2710 914 2788 deum,
971 2715 1181 2776 tamen
1241 2712 1393 2795 quia
1446 2731 1566 2777 non
1628 2715 1692 2776 et
1744 2713 1960 2776 futura
2006 2712 2306 2793 sperauit,
2357 2710 2525 2793 quod
2572 2714 2671 2775 est

371 2817 599 2900 plenus
650 2819 966 2883 mensium
1017 2838 1340 2883 numerus.
1391 2819 1555 2902 ipse
1614 2819 1804 2883 enim
1861 2818 2280 2884 homicidia
2325 2817 2667 2882 iudicat?

374 2925 520 3007 quia
613 2925 767 3007 inpii
860 2945 1005 2989 cum
1098 2927 1528 3007 persuaserint
1620 2925 1990 3008 inpietatem
2071 2944 2183 3007 per
2264 2924 2668 2991 dilectionem

373 3014 721 3096 carnalium
784 3032 1186 3114 inpietatum‚
1251 3032 1466 3096 futuro
1540 3034 1792 3096 saeculo
1862 3033 2080 3115 utique
2148 3032 2465 3098 occidunt.
2545 3052 2668 3096 non

371 3141 584 3203 tamen
634 3139 787 3202 talia
835 3138 1184 3203 homicidia
1230 3138 1517 3203 iudicant
1562 3138 1872 3214 homines,
1922 3138 2035 3203 sed
2084 3139 2259 3203 solus
2317 3138 2494 3203 deus,
2551 3138 2672 3203 hic

555 3385 580 3437 1
622 3383 719 3438 Iob
760 3384 845 3448 21,
885 3386 917 3438 5
1038 3383 1071 3436 2
1109 3382 1207 3436 Iob
1248 3384 1333 3447 21,
1372 3385 1404 3436 6
1523 3384 1559 3435 4
1596 3382 1693 3436 Iob
1734 3383 1818 3445 21,
1858 3384 1890 3435 6
2018 3385 2049 3436 5
2089 3382 2184 3436 Iob
2224 3384 2310 3445 21,
2351 3384 2380 3435 7
2495 3384 2526 3436 7
2565 3381 2664 3435 Iob

370 3473 457 3537 21,
502 3474 561 3526 11
658 3474 690 3526 9
727 3471 825 3526 Iob
864 3474 950 3536 21,
992 3474 1057 3525 16
1153 3472 1218 3525 10
1256 3471 1353 3525 Iob
1392 3472 1479 3534 21,
1523 3472 1587 3524 17
1693 3472 1757 3525 12
1793 3470 1892 3524 Iob
1931 3473 2016 3533 21,
2062 3474 2125 3525 19
2230 3473 2296 3525 14
2333 3470 2430 3524 Iob
2471 3473 2556 3534 21,
2595 3472 2665 3525 20

374 3563 440 3617 16
478 3561 575 3615 Iob
615 3562 702 3624 21,
742 3563 807 3615 21
925 3562 990 3615 18
1027 3560 1124 3614 Iob
1164 3562 1250 3624 21,
1289 3561 1353 3615 21
1468 3562 1532 3614 21
1575 3560 1672 3613 lob
1711 3560 1796 3625 21,
1835 3561 1905 3613 22
2015 3562 2083 3614 24
2119 3559 2216 3613 Iob
2256 3562 2341 3623 21,
2381 3560 2448 3614 23

441 3687 474 3739 2
511 3684 757 3739 recordes
801 3685 853 3740 G
889 3685 1140 3738 recordor
1184 3684 1560 3739 TPCSbHier
1675 3686 1706 3737 3
1746 3685 2076 3754 indignitate
2121 3684 2169 3738 0
2200 3685 2254 3737 in
2296 3683 2592 3753 dignitates
2631 3682 2664 3736 b
2761 3724 2786 3747 ,

368 3777 405 3830 4
442 3775 788 3845 perterritum
827 3774 1016 3829 GPCb
1178 3774 1306 3844 isto]
1347 3792 1409 3826 eo
1449 3773 1482 3827 b
1647 3783 1710 3827 cu
1751 3774 2037 3827 confltetur
2072 3773 2105 3827 b
2285 3775 2316 3827 5
2357 3772 2568 3825 doleam
2612 3771 2664 3826 G

370 3868 402 3918 6
442 3863 662 3917 dicebat
702 3862 753 3917 G
932 3864 1127 3933 impios
1165 3863 1240 3917 bd
1393 3865 1422 3917 7
1463 3862 1666 3917 fetuste
1705 3863 1750 3917 S
1782 3867 2032 3916 uetustae
2070 3861 2212 3915 Hier
2385 3862 2416 3914 9
2453 3861 2660 3930 autem]

369 3952 512 4005 enim
555 3951 601 4006 S
704 3953 1028 4006 non—bona
1064 3969 1167 4007 om.
1212 3951 1259 4005 G
1338 3953 1403 4006 10
1440 3952 1662 4005 lucerna
1696 3953 1983 4021 impiorum
2020 3951 2206 4006 SHier
2291 3952 2350 4004 ll
2392 3948 2663 4017 extingui-

369 4044 459 4093 tur
497 4039 543 4095 S
680 4042 743 4094 12
781 4041 921 4095 filios
958 4040 1005 4096 S
1151 4042 1215 4094 13
1250 4041 1542 4111 persuasit]
1581 4057 1676 4110 per
1711 4045 1936 4094 sustene.
1972 4041 2045 4093 sit
2087 4040 2138 4094 G
2286 4040 2354 4093 14
2388 4037 2664 4107 significat

369 4129 498 4197 quia
536 4130 587 4182 G
741 4134 798 4183 et
831 4130 994 4198 hanc]
1034 4134 1090 4183 et
1126 4130 1183 4183 in
1222 4130 1324 4183 hac
1366 4130 1417 4184 G
1603 4131 1666 4183 15
1707 4131 2062 4199 prosperitate
2107 4128 2158 4182 G
2318 4128 2566 4197 ignorare
2611 4124 2662 4178 G

371 4218 436 4273 16
474 4217 858 4287 perduceretur
900 4219 951 4273 G
1099 4219 1163 4272 19
1203 4235 1484 4271 mensuum
1522 4217 1569 4271 S
1729 4216 1886 4271 deum
1928 4224 2057 4271 ante
2093 4220 2430 4287 praesentem
2469 4215 2664 4284 leyitur

365 4306 430 4359 in
474 4305 558 4358 Tb
703 4306 773 4359 20
811 4310 867 4359 et
904 4322 1005 4359 om.
1054 4304 1183 4358 TCb
1331 4307 1392 4359 21
1448 4305 1614 4374 enim]
1662 4306 1826 4359 etiam
1864 4305 2008 4358 Hier
2185 4302 2484 4357 homicidas
2520 4303 2664 4358 Hier

368 4394 437 4447 22
478 4410 594 4447 cum
634 4409 735 4448 om.
779 4393 828 4448 G
938 4394 1266 4463 persuaserit
1309 4394 1355 4447 G
1460 4395 1528 4447 23
1567 4393 1738 4447 futuri
1776 4394 1978 4447 saeculi
2023 4393 2074 4447 G
