3076 4976
514 513 643 577 574
1217 508 1270 561 S.
1328 508 1606 562 Aureli
1664 509 2099 578 Augustini

512 704 798 788 procedit
828 704 888 767 in
921 703 1181 770 factum.
1224 704 1357 786 qui
1409 704 1554 768 sub
1596 704 2005 786 stirpibus
2046 708 2313 770 terrae
2353 707 2800 770 manebant:

510 830 634 877 non
693 813 921 876 saltem
976 811 1037 875 i‘n
1098 812 1427 893 stirpibuS,
1487 811 1596 875 sed
1646 812 1836 876 etiam
1884 811 2145 876 inferius
2195 811 2503 893 stirpibus
2560 831 2802 876 manere

512 923 785 1002 possunt
857 918 1163 1001 intellegi,
1239 918 1347 999 qui
1424 919 1527 982 uel
1605 918 1936 983 carnaliter
2008 922 2342 1001 praecepta
2416 918 2804 983 custodiunt.

512 1026 740 1107 stirpes
805 1025 970 1088 enim
1037 1028 1188 1088 sunt
1252 1043 1371 1089 non
1431 1024 1560 1088 iam
1617 1025 1739 1106 ipsi
1804 1027 2070 1100 fructus,
2130 1025 2242 1089 sed
2308 1025 2475 1089 unde
2542 1029 2810 1108 surgunt

510 1137 722 1212 partes
770 1131 1130 1195 fructiferae
1177 1132 1284 1195 uel
1334 1131 1627 1195 arborum
1676 1131 1783 1195 uel
1828 1131 2193 1202 herbarum:
2245 1132 2299 1195 si
2345 1134 2555 1195 tamen
2594 1132 2807 1195 fructi·
2861 1154 2885 1192 ⁵

510 1239 715 1302 ferum
755 1257 954 1322 genus
995 1241 1113 1315 est,
1155 1237 1303 1319 quia
1342 1242 1406 1302 et
1443 1258 1565 1302 non
1604 1238 1913 1302 fructiferi
1943 1239 2190 1322 generis
2224 1238 2455 1320 stirpes
2494 1239 2808 1305 dicuntur.

511 1344 684 1408 filii
752 1345 1198 1409 stultorum
1268 1349 1345 1408 et
1409 1344 1932 1429 ignobilium:
2000 1344 2411 1419 Iudaeorum;
2480 1364 2627 1408 nam
2695 1346 2808 1410 hos

513 1451 670 1515 dixit
736 1451 1028 1534 superius
1094 1455 1385 1533 parentes
1456 1470 1673 1515 eorum
1738 1455 1996 1534 propter
2057 1450 2503 1528 imitationem,
2554 1452 2704 1534 quia
2752 1457 2813 1516 ct

511 1558 619 1623 isti
668 1558 786 1622 sub
827 1557 1079 1621 nomine
1119 1556 1220 1620 dei
1262 1557 1610 1633 ambulant,
1654 1575 1840 1638 quem
1880 1576 2001 1620 non
2043 1557 2279 1623 colunt.
2321 1558 2557 1622 stultos
2596 1561 2811 1622 autem

512 1669 576 1728 et
620 1663 936 1748 ignobiles
986 1663 1144 1727 dicit
1188 1663 1481 1739 Iudaeos,
1532 1662 1639 1745 qui
1691 1683 1722 1727 e
1772 1664 2082 1728 contrario
2131 1683 2254 1727 non
2294 1664 2499 1728 solum
2554 1682 2622 1728 se
2671 1683 2814 1729 con·
2848 1688 2895 1727 m

511 1770 788 1834 fidebant
842 1788 983 1835 esse
1042 1770 1237 1833 duces
1298 1789 1651 1846 caecorum,
1703 1770 1813 1834 sed
1862 1771 2054 1834 etiam
2098 1770 2269 1835 filios
2319 1789 2459 1835 esse
2504 1770 2814 1848 Abrahae,

512 1896 634 1959 quo
682 1879 859 1959 patre
909 1895 975 1940 se
1024 1894 1165 1940 esse
1212 1875 1538 1939 iactabant
1583 1876 1848 1941 nobileS.
1900 1877 2011 1940 sed
2060 1895 2203 1941 cum
2244 1877 2537 1940 audiunt:
2589 1879 2814 1942 caeci

513 1987 703 2047 sunt
801 1983 1049 2047 duces
1126 2001 1584 2060 caecorum,
1654 1983 1838 2046 stulti
1915 1984 2453 2063 demonstrantur3
2531 1989 2596 2049 et
2669 2004 2811 2049 cum

511 2090 804 2155 audiunt:
856 2091 922 2154 si
969 2090 1140 2154 filii
1181 2090 1551 2153 Abrabae
1601 2090 1831 2167 estiS,
1873 2091 2095 2154 facta
2130 2091 2497 2155 Abrahae
2536 2091 2810 2166 facite,

511 2197 943 2281 degenerando
994 2197 1509 2262 demonstrantur
1555 2197 1891 2280 ignobiles.
1942 2216 2220 2262 nomen
2281 2201 2358 2261 et
2404 2199 2659 2263 honor
2706 2219 2812 2262 ex·
2847 2218 2894 2258 ιε

509 2304 828 2368 tinctus
898 2323 933 2366 a
996 2307 1251 2368 terra:
1352 2307 1485 2368 erat
1561 2304 1744 2380 enim,
1815 2304 1926 2368 sed
1991 2304 2340 2369 extinctum
2417 2308 2536 2370 est.
2612 2323 2813 2369 nunc

512 2414 777 2474 autem
845 2410 1166 2473 cithara
1232 2426 1502 2472 eorum
1570 2427 1713 2493 ego
1783 2428 1990 2473 sum:
2067 2408 2315 2486 horum,
2384 2428 2655 2491 quorum
2720 2409 2811 2474 illi

519 2522 730 2600 patres
779 2522 945 2586 sunt,
995 2516 1102 2599 qui
1148 2536 1250 2580 me
1300 2515 1377 2580 ad
1425 2534 1639 2579 aurem
1686 2515 2021 2593 habebant,
2070 2534 2193 2580 non
2251 2517 2327 2582 ad
2387 2535 2509 2581 cor.
2570 2522 2646 2581 et
2703 2535 2811 2580 me

511 2625 812 2689 habent
876 2623 969 2687 ad
1034 2622 1431 2688 fabulam:
1499 2623 1745 2686 inanem
1812 2626 1876 2686 et
1939 2622 2234 2686 inutilem
2281 2624 2701 2687 narrationem
2751 2626 2812 2686 et

511 2731 920 2806 auditionem,
971 2729 1266 2811 quamuis
1316 2748 1416 2794 me
1467 2732 1530 2794 et
1576 2732 1827 2793 narrent
1886 2733 1951 2793 et
2013 2729 2292 2794 audiant.
2364 2730 2808 2794 abominati
2842 2753 2889 2791 20

512 2841 704 2901 sunt
748 2856 862 2899 me
913 2836 1443 2901 discedentes
1491 2837 1817 2918 procul:
1865 2836 2055 2920 longe
2103 2836 2251 2900 facti
2303 2856 2339 2899 a
2383 2836 2639 2901 iustitia
2675 2855 2807 2918 pec·

512 2943 706 3007 cando
757 2945 821 3006 et
864 2946 1199 3025 praecepta
1246 2943 1532 3007 iustitiae
1581 2943 1764 3006 malis
1807 2943 2089 3007 moribus
2132 2941 2497 3007 execrando.
2548 2963 2689 3007 nec
2736 2943 2805 3005 in

511 3048 805 3113 faciem
872 3068 1115 3113 meam
1181 3054 1732 3131 pepercerunt
1797 3069 2127 3131 spuere:
2208 3050 2554 3114 execranda
2617 3050 2806 3113 facies

510 3175 780 3239 namque
840 3155 1076 3221 Christi
1136 3161 1235 3220 est
1289 3156 1411 3233 hie,
1473 3156 1583 3238 qui
1641 3157 1777 3220 eius
1835 3159 2172 3239 praecepta
2229 3176 2373 3220 cum
2440 3158 2806 3237 contemptu

512 3261 858 3337 exhorrent,
907 3261 1038 3325 uel:
1088 3262 1253 3325 male
1301 3280 1402 3324 me
1463 3262 1855 3326 innotescere
1910 3262 2198 3325 fecerunt
2251 3281 2499 3326 morum
2550 3281 2805 3326 suorum
2839 3284 2886 3324 2⁵

508 3368 844 3449 prauitate.
914 3368 1288 3450 aperiens
1366 3367 1571 3431 enim
1645 3368 2106 3449 pharetram
2182 3387 2403 3432 suam
2473 3368 2807 3433 adflixit

512 3493 662 3538 me:
730 3478 974 3538 secreta
1036 3493 1266 3551 rerum,
1336 3474 1503 3538 unde
1561 3475 1941 3539 tentationes
1992 3475 2288 3541 existunt.
2357 3479 2435 3540 et
2498 3476 2803 3539 frenum

693 3716 715 3768 1
759 3714 854 3768 Iob
895 3716 980 3779 30,
1021 3719 1049 3769 7
1202 3718 1232 3769 7
1270 3717 1366 3771 Iob
1408 3717 1492 3780 30,
1534 3718 1566 3770 8
1717 3718 1780 3770 12
1818 3717 2014 3771 Matth.
2059 3719 2139 3781 15,
2185 3720 2249 3771 14
2389 3719 2456 3772 14
2493 3718 2610 3772 Ioh.
2652 3719 2701 3773 8.
2739 3718 2804 3771 39

515 3804 577 3857 15
616 3804 712 3857 Iob
752 3805 839 3863 30,
881 3804 911 3856 8
1025 3805 1090 3859 16
1127 3804 1225 3858 Iob
1265 3806 1349 3869 30,
1391 3807 1423 3859 9
1538 3806 1603 3859 18
1639 3806 1735 3859 Iob
1775 3808 1861 3869 30,
1901 3808 1932 3859 9
2042 3808 2113 3860 20
2150 3806 2246 3860 Iob
2288 3806 2373 3870 30,
2416 3807 2483 3859 10
2604 3808 2672 3861 22
2708 3806 2801 3859 Iob

513 3893 600 3956 30,
643 3894 707 3947 10
817 3894 884 3947 26
921 3893 1020 3947 Iob
1060 3894 1146 3958 30,
1188 3895 1249 3947 11
1366 3896 1433 3949 27
1472 3895 1570 3948 Iob
1612 3895 1696 3957 30,
1741 3896 1802 3949 11

587 4068 610 4121 1
637 4067 915 4138 sturpibus
935 4068 982 4123 S
1049 4069 1082 4122 2
1102 4069 1196 4122 inf.
1222 4070 1273 4122 in
1298 4068 1559 4139 stirpibus
1587 4069 1663 4123 Cb
1736 4071 1769 4124 9
1791 4070 1876 4123 dei
1899 4071 2115 4124 nornine
2146 4070 2275 4124 Pbd
2382 4070 2730 4124 ambulabant
2761 4069 2807 4121 G

514 4159 577 4212 13
619 4161 674 4211 et
712 4156 872 4212 duces
910 4157 943 4211 b
1115 4158 1513 4212 demostrantur
1553 4158 1598 4212 G
1743 4161 1807 4213 14
1846 4161 1889 4212 si
1929 4176 2031 4215 om.
2080 4160 2127 4213 0
2270 4161 2333 4213 19
2373 4159 2441 4213 ad
2478 4175 2581 4213 om.
2622 4159 2803 4214 SHier

510 4248 580 4300 20
617 4253 838 4301 narrant
881 4247 927 4301 (J
1101 4249 1164 4301 21
1211 4246 1587 4302 discendentes
1628 4248 1671 4303 S
1857 4249 1989 4302 facti
2029 4254 2155 4302 sunt
2193 4248 2225 4301 b
2407 4248 2635 4302 iustitiis
2671 4247 2801 4301 PCb

512 4337 579 4388 ‘23
617 4339 944 4405 pepecerunt
987 4336 1034 4390 C
1172 4354 1403 4405 namque
1444 4337 1610 4391 facies
1649 4337 1680 4390 b
1844 4340 1913 4391 24
1949 4338 2035 4391 his
2074 4354 2175 4391 om.
2224 4336 2379 4391 TPG
2519 4342 2803 4407 praecepta

514 4425 628 4478 eius
667 4424 740 4477 bd
846 4426 911 4478 27
952 4427 1028 4495 et]
1072 4425 1140 4479 ad
1178 4425 1224 4480 S
