3076 4976
434 486 563 549 404
1139 479 1189 533 S.
1248 478 1522 532 Aureli
1581 478 2016 548 Augustini

520 677 743 741 XLVI.
822 674 897 740 Si
964 677 1212 738 autem
1281 672 1814 737 habitauerint
1877 672 2151 736 fratres
2226 673 2296 737 in
2365 691 2586 736 unum
2655 677 2726 735 et

433 787 774 849 mortuus
831 781 1067 846 fuerit
1119 799 1311 845 unus
1362 799 1441 843 ex
1489 778 1622 855 eie,
1682 798 1933 843 semen
1992 782 2238 843 autem
2295 798 2432 842 non
2490 779 2727 844 fuerit

432 892 520 969 ei,
560 907 698 954 non
739 886 887 952 erit
924 905 1105 950 uxor
1141 884 1485 949 defuncti
1522 884 1716 949 foris
1756 902 1894 948 non
1935 884 2448 966 adpropianti;
2490 885 2728 949 frater

431 997 578 1063 uiri
627 996 792 1061 eius
841 993 1168 1057 int-rabit
1215 992 1301 1057 ad
1350 1012 1508 1056 eam
1557 994 1631 1055 et
1677 990 2005 1074 accipiet
2042 1010 2195 1056 eam
2236 991 2384 1055 sibi
2423 1010 2723 1056 uxorem

430 1108 503 1169 et
541 1100 1025 1169 cohabitabit
1063 1099 1150 1165 ei.
1192 1104 1264 1164 et
1294 1098 1442 1162 erit
1468 1097 1717 1161 infans
1749 1098 2203 1180 quicumque
2236 1101 2458 1163 natus
2487 1098 2723 1162 fuerit
2785 1121 2811 1159 5

428 1209 949 1275 constituetur
1023 1226 1102 1271 ex
1177 1204 1520 1270 defuncti
1597 1205 1891 1269 nomine
1966 1209 2038 1270 et
2116 1225 2254 1270 non
2340 1204 2724 1270 delebitur

426 1335 686 1381 nomen
755 1314 919 1378 eius
988 1332 1067 1377 ex
1132 1312 1447 1381 Israhel.
1515 1311 1775 1376 uidetur
1835 1311 1956 1377 hoc
2023 1311 2418 1395 praecepisse
2481 1313 2580 1376 lex
2645 1311 2719 1376 de

423 1422 634 1488 fratris
699 1440 890 1487 uxore
958 1419 1243 1484 ducenda
1309 1437 1428 1483 non
1480 1417 1561 1481 ob
1622 1418 1814 1495 aliud,
1881 1417 2004 1483 nisi
2050 1422 2125 1482 ut
2172 1438 2383 1483 semen
2452 1420 2722 1484 suscitet

422 1530 621 1608 fratri,
670 1529 779 1611 qui
826 1527 961 1592 sine
1007 1526 1225 1591 liberis
1277 1524 1616 1589 defunctus
1657 1528 1774 1589 est.
1817 1524 1986 1606 quod
2025 1528 2239 1589 aut-em
2279 1525 2395 1589 ait:
2445 1525 2718 1590 consti-

423 1640 684 1701 tuetur
748 1654 827 1698 ex
894 1631 1237 1698 defuncti
1302 1630 1597 1695 nomine
1665 1634 1738 1695 et
1802 1650 1939 1695 non
2008 1631 2392 1697 delebitur
2456 1651 2714 1697 nomen
2756 1657 2807 1696 ιο

422 1744 585 1809 eius
654 1761 733 1806 ex
796 1739 1109 1817 Israhel,
1175 1739 1242 1803 id
1310 1743 1408 1801 est
1472 1757 1700 1803 nomen
1768 1738 2069 1815 defuncti,
2120 1758 2191 1803 ex
2265 1739 2382 1804 hoc
2460 1738 2717 1804 uidetur

422 1851 686 1925 dictum,
734 1852 809 1912 ut
852 1847 963 1911 ille
1013 1846 1120 1928 qui
1160 1845 1443 1910 nascitur
1479 1844 1600 1910 hoc
1638 1845 1889 1910 nomine
1928 1845 2302 1928 appelletur,
2341 1865 2464 1927 quo
2506 1846 2714 1929 appel-

417 1958 667 2021 labatur
721 1955 1083 2033 defunctuS,
1131 1954 1233 2018 cui
1284 1953 1558 2035 quodam
1614 1953 1801 2018 modo
1857 1959 2261 2038 propagatur.
2319 1953 2485 2017 unde
2531 1953 2711 2017 nobis

418 2065 630 2129 uisum
681 2066 781 2128 est
824 2060 1029 2146 magis
1068 2061 1419 2124 secundum
1457 2060 1814 2142 adoptionis
1854 2079 2093 2125 morem
2133 2061 2383 2125 soluere
2422 2061 2485 2124 in
2526 2079 2711 2124 euan-

334 2248 337 2249 7
418 2172 586 2255 gelio
635 2172 1069 2252 quaestionem
1120 2167 1195 2231 de
1245 2165 1496 2230 duobus
1545 2165 1835 2249 patribus
1881 2167 2132 2251 Ioseph,
2191 2186 2459 2248 quorum
2517 2186 2710 2231 unum
2750 2190 2801 2229 ιε

416 2280 867 2343 commemorat
893 2275 1279 2352 Matthaeu8‚
1313 2293 1457 2339 eum
1486 2274 1735 2339 scilicet
1765 2273 1871 2356 qui
1902 2274 2124 2358 genuit
2151 2275 2401 2356 Ioseph,
2441 2274 2708 2338 alterum

413 2386 616 2449 Lucas
677 2403 823 2448 eum
871 2381 1054 2446 cuius
1112 2381 1282 2445 filius
1340 2384 1474 2445 erat
1527 2381 1781 2463 Ioseph,
1840 2381 2138 2462 quoniam
2193 2382 2433 2445 nullius
2493 2400 2708 2445 eorum

414 2491 641 2574 Ioseph
671 2509 896 2555 nomen
933 2488 1196 2572 accepit.
1229 2487 1353 2551 nisi
1382 2487 1542 2553 forte
1571 2487 1691 2553 hoc
1725 2487 1967 2553 dictum
2007 2491 2106 2554 est
2150 2487 2709 2564 „constituetur

414 2618 493 2663 ex
542 2597 881 2662 defuncti
940 2595 1304 2672 nomine“,
1353 2614 1473 2659 non
1520 2597 1595 2659 ut
1649 2596 1786 2660 eius
1843 2614 2070 2660 nomen
2128 2596 2417 2679 accipiat,
2475 2594 2587 2660 sed
2633 2598 2707 2659 ut

413 2724 484 2769 ex
532 2705 669 2768 eius
719 2703 991 2778 nomine,
1039 2702 1106 2766 id
1154 2705 1252 2766 est
1298 2704 1621 2782 tamquam
1671 2702 1841 2766 filius
1881 2722 2001 2768 non
2043 2702 2202 2780 eius,
2242 2703 2426 2767 cuius
2466 2702 2702 2768 semine
2740 2738 2793 2778 20

410 2815 507 2876 est
572 2810 849 2894 genitus,
910 2809 1021 2873 sed
1077 2808 1254 2873 illius
1322 2809 1623 2886 defuncti,
1692 2809 1797 2873 cui
1860 2828 2075 2874 semen
2145 2810 2524 2875 suscitatum
2584 2814 2702 2886 est,

411 2917 593 2981 heres
633 2916 1079 2981 constituatur.
1124 2915 1293 2997 quod
1331 2915 1496 2979 enim
1538 2915 1824 2979 additum
1866 2919 1991 2983 est:
2034 2917 2108 2980 et
2143 2934 2282 2980 non
2322 2915 2703 2980 delebitur

410 3042 668 3087 nomen
746 3023 910 3086 eius
985 3040 1064 3085 ex
1139 3021 1455 3101 Israhel,
1530 3026 1747 3104 potest
1820 3022 1909 3087 ita
1973 3022 2279 3107 intellegi,
2346 3041 2466 3087 non
2533 3021 2699 3104 quod

408 3146 636 3191 nomen
686 3125 823 3190 eius
869 3144 1031 3207 puer
1078 3129 1538 3207 consequenter
1576 3127 1863 3211 accipiat,
1905 3127 2018 3192 sed
2056 3127 2223 3209 quod
2259 3129 2367 3192 ille
2407 3148 2529 3193 non
2567 3129 2697 3193 sine

406 3233 777 3314 posteritate
843 3236 1136 3297 mortuus
1213 3252 1352 3297 esse
1418 3233 1770 3309 uidebitur3
1839 3237 1903 3298 et
1965 3234 2107 3300 ideo
2173 3239 2500 3318 permanet
2562 3236 2697 3300 eius
2733 3274 2788 3314 25

405 3359 650 3414 nomen,
716 3339 837 3404 hoc
904 3341 1003 3404 est
1057 3339 1383 3406 memoria.
1451 3360 1654 3423 neque
1711 3340 1900 3418 enim,
1958 3341 2150 3406 etiam
2199 3342 2255 3406 si
2300 3343 2436 3425 ipse
2493 3344 2696 3408 filium

405 3445 751 3530 genuisset,
802 3464 1028 3511 nomen
1086 3466 1277 3512 suum
1325 3448 1382 3512 ei
1430 3448 1637 3513 fuerat
1692 3449 2105 3532 inpositu1·uS‚
2151 3453 2228 3515 ut
2273 3471 2499 3515 nomen
2559 3451 2693 3515 eius

405 3571 527 3614 non
585 3550 900 3616 deleretur
954 3571 1025 3616 ex
1082 3552 1346 3631 Israhel,
1406 3552 1516 3617 sed
1575 3573 1646 3618 ex
1703 3554 1823 3618 hoc
1885 3555 2110 3637 utique
2170 3576 2293 3623 non
2361 3558 2692 3638 deleretur,

584 3743 609 3795 1
652 3743 815 3796 Deut.
855 3745 941 3806 25,
981 3746 1031 3797 5.
1071 3743 1103 3797 6
1218 3745 1284 3797 14
1324 3743 1387 3798 cf.
1430 3745 1511 3798 De
1544 3761 1806 3800 consensu
1838 3764 2032 3818 euang.
2064 3749 2178 3804 113
2293 3751 2359 3804 16
2397 3752 2465 3805 cf.
2494 3751 2689 3806 Matth.

408 3833 455 3896 l,
497 3832 562 3885 16
710 3831 776 3886 cf.
815 3832 942 3885 Luc.
982 3833 1032 3896 3,
1071 3832 1140 3886 23

470 3955 504 4008 3
543 3955 614 4023 ei]
653 3959 706 4008 ct
744 3955 811 4008 N
930 3972 1036 4008 non
1077 3956 1179 4009 crit
1218 3972 1320 4010 om.
1362 3957 1692 4013 PSNVUT
1814 3962 1970 4030 foris]
2011 3964 2154 4017 foras
2201 3965 2252 4018 T
2284 3953 2381 4020 fris
2428 3967 2482 4021 U
2600 3967 2689 4021 ad-

396 4044 669 4113 propiabit
709 4043 916 4098 S2TV²
1058 4047 1092 4097 4
1131 4045 1361 4100 intrauit
1399 4047 1594 4100 PwN
1724 4055 1755 4104 5
1795 4052 2135 4107 cohabitauit
2172 4055 2304 4109 PU¹
2478 4061 2534 4112 et
2570 4074 2687 4126 exp.

396 4150 465 4185 m.
494 4137 531 4185 2
573 4132 620 4184 Γ
730 4134 794 4185 16
832 4133 1109 4187 mattheus
1152 4136 1258 4200 (ita
1296 4142 1346 4190 et
1381 4139 1443 4191 in
1479 4155 1619 4206 seqq.
1648 4141 1991 4210 plerumque)
2022 4143 2416 4202 NV111atheus
2448 4149 2552 4213 (ita
2568 4149 2688 4218 ple-

395 4237 621 4289 rumque
657 4223 717 4275 in
755 4229 916 4290 seqq.)
951 4222 1113 4277 PSU
1322 4227 1828 4299 alterum-Ioseph
1867 4248 1967 4285 om.
2020 4232 2069 4284 V
2249 4237 2311 4289 17
2352 4238 2534 4291 nullus
2569 4239 2693 4293 P¹S

396 4308 463 4361 18
502 4325 696 4362 nomen
734 4310 929 4379 Ioseph
969 4311 1044 4365 bd
1151 4314 1223 4368 20
1260 4318 1388 4385 non]
1426 4333 1621 4372 nomen
1659 4319 1715 4372 P
1817 4321 1887 4374 26
1927 4321 2104 4391 ipsum
2143 4324 2194 4376 V
2297 4328 2364 4380 ‘28
2404 4327 2688 4382 ex-dele-

396 4400 516 4448 etur
552 4411 655 4450 om.
699 4398 754 4451 P
