3076 4976
541 508 672 570 552
1249 503 1302 557 S.
1361 504 1636 557 Aureli
1691 503 2129 572 Augustini

538 699 755 781 iniqua
813 699 1218 764 desiderauit.
1287 718 1426 763 non
1495 702 1714 762 erunt
1778 698 2152 779 reliquiae
2220 698 2305 762 (le
2371 698 2564 762 cibis
2634 698 2827 761 eius:

538 811 870 871 transeunt
937 806 1320 888 cupiditates
1389 805 1549 870 eius,
1620 824 1784 869 oum
1851 805 2245 888 putauerit
2311 824 2387 868 se
2454 805 2828 886 repletum

540 932 735 986 esse,
817 914 1317 978 coartabitur:
1394 931 1516 976 non
1594 915 1725 976 tam
1803 911 2065 976 satietas
2132 915 2232 975 est
2297 911 2371 975 de
2437 911 2830 993 plenitudine

539 1021 963 1100 cupiditatum
1004 1040 1194 1102 quam
1233 1039 1548 1101 pressura.
1600 1020 1663 1083 si
1704 1038 1844 1100 quo
1884 1018 2099 1083 modo
2148 1019 2445 1101 inpleat
2491 1022 2830 1082 uentrem

539 1145 783 1191 suum:
851 1127 1000 1191 talis
1065 1127 1412 1190 necessitas
1480 1125 1537 1190 ei
1594 1125 1830 1201 ueniet,
1886 1129 1960 1189 ut
2017 1125 2267 1189 dubitet
2319 1128 2537 1189 utrum
2593 1125 2834 1206 inpleat
2888 1143 2915 1182 ⁵

537 1237 822 1296 uentrem
880 1250 1091 1308 suum,
1151 1251 1296 1295 cum
1357 1231 1578 1312 utique
1626 1232 1752 1295 ista
1797 1218 1938 1296 ideo
1987 1235 2389 1313 quaerantur,
2437 1234 2510 1294 ut
2556 1232 2836 1313 pellatur

536 1338 905 1402 necessitas,
973 1337 1093 1401 hoc
1158 1341 1372 1401 autem
1439 1336 1618 1412 dixit,
1685 1336 1835 1418 quia
1896 1340 2075 1401 tanto
2133 1337 2278 1420 plus
2336 1336 2532 1419 cupit,
2594 1341 2831 1419 quanto

534 1447 682 1527 plus
714 1443 1025 1508 habuerit.
1067 1448 1141 1507 et
1180 1444 1482 1507 emittet
1523 1463 1748 1527 super
1788 1463 1952 1507 eum
1989 1444 2321 1507 furorem
2361 1443 2832 1508 iracundiae:

537 1552 684 1633 quia
742 1569 862 1615 non
919 1550 1085 1615 uidit
1138 1551 1342 1614 facere
1401 1569 1590 1633 opera
1644 1551 1827 1615 bona.
1895 1551 2250 1614 uulneret
2314 1569 2478 1614 eum
2544 1551 2837 1634 sagitta

540 1676 791 1721 aerea:
876 1661 1199 1739 perpetua.
1285 1661 1765 1739 pertranseat
1849 1676 2122 1738 corpus
2208 1657 2371 1721 eius
2455 1657 2831 1722 iaculum:
2869 1678 2919 1719 xo

542 1767 829 1847 penetret
895 1782 1041 1827 eum
1108 1765 1393 1840 tentatio,
1448 1768 1523 1828 ut
1578 1768 1643 1827 et
1698 1763 1774 1828 de
1831 1763 1932 1828 his
1990 1783 2150 1846 quae
2207 1767 2422 1846 sperat
2476 1768 2540 1828 et
2595 1764 2673 1828 de
2729 1763 2833 1828 his

537 1889 696 1951 quae
770 1870 1071 1952 relinquit
1135 1871 1524 1946 uulneretur‚
1591 1873 1918 1952 tamquam
1985 1890 2021 1934 a
2083 1874 2338 1953 pectore
2401 1888 2514 1952 per
2576 1873 2834 1952 tergum

535 1977 861 2042 traiectus
908 1977 1216 2059 fulgura
1262 1976 1333 2040 in
1383 1977 1902 2041 tabernaculis
1953 1978 2151 2041 eius:
2200 1980 2470 2041 terrores
2520 1976 2834 2058 repentini

538 2083 601 2146 in
685 2082 1181 2166 cogitationibus
1268 2083 1425 2147 eius,
1518 2083 1775 2147 laedat
1865 2084 2150 2147 aduena
2241 2083 2533 2148 domum
2628 2083 2832 2147 eius:

538 2188 851 2267 diabolus,
901 2190 1009 2272 qui
1057 2190 1454 2254 aduenticius
1503 2193 1602 2253 est
1649 2190 1729 2254 ad
1764 2190 2171 2267 tentandum3
2212 2190 2265 2254 si
2306 2190 2562 2272 quidem
2602 2189 2838 2253 habeat
2874 2210 2925 2250 ιε

537 2296 727 2360 homo
812 2296 1003 2361 etiam
1086 2296 1371 2378 proprias
1456 2296 1859 2361 tentationes.
1947 2301 2018 2361 et
2121 2297 2427 2380 detegat
2537 2297 2834 2361 caelum

537 2403 997 2484 iniquitates
1030 2403 1223 2466 eius:
1261 2403 1536 2465 caeleste
1570 2402 1900 2469 iudicium.
1934 2405 2012 2467 et
2041 2403 2434 2485 possessio
2466 2403 2833 2467 bonorum

537 2510 698 2575 eius
747 2511 832 2574 ab
883 2511 1273 2594 episcopo:
1323 2511 1478 2574 haec
1525 2510 1622 2574 illi
1670 2511 1978 2594 largietur
2025 2510 2201 2574 deus.

624 2617 795 2684 XXI.
846 2618 1055 2681 Verba
1101 2617 1234 2681 Iob.
1288 2620 1360 2681 et
1406 2635 1547 2681 non
1595 2618 1701 2680 sit
1748 2617 1931 2680 mihi
1981 2636 2016 2680 a
2064 2616 2285 2680 uobis
2334 2616 2518 2680 haec
2566 2634 2836 2682 conso·

535 2725 758 2788 latio:
846 2743 969 2805 qua
1049 2724 1290 2805 putatis
1373 2724 1558 2788 bonis
1642 2724 2103 2806 temporalibus
2180 2722 2604 2807 gaudendum,
2683 2742 2834 2788 cum
2872 2744 2926 2786 no

537 2830 897 2894 communia
942 2829 1073 2893 sint
1114 2830 1237 2910 piis
1289 2834 1352 2893 et
1396 2830 1608 2911 inpiiS‚
1650 2833 1732 2907 et,
1775 2830 1828 2893 si
1867 2830 2115 2912 quando
2157 2831 2300 2912 quis
2338 2829 2596 2911 iniquus
2635 2836 2837 2907 esset,

536 2937 683 3001 hinc
747 2937 809 3000 in
878 2956 1022 3000 eum
1079 2936 1404 3015 uindicari,
1466 2956 1611 3001 cum
1668 2938 1780 3001 Iob
1840 2937 2010 3001 dicat
2063 2957 2265 3020 usque
2324 2937 2401 3000 ad
2459 2938 2836 3019 sepulcrum

538 3062 899 3126 permanere
955 3042 1081 3106 ista
1134 3044 1298 3107 bona
1351 3043 1544 3124 inpiis
1601 3046 1666 3107 et
1721 3062 1843 3107 non
1898 3044 1962 3107 in
2023 3063 2130 3109 eos
2187 3063 2301 3125 per
2359 3063 2434 3107 ea
2497 3042 2833 3109 uindicari.

538 3149 715 3231 quid
792 3149 1032 3213 enim?
1106 3149 1467 3231 numquid
1543 3149 1861 3214 humana
1937 3154 2058 3214 est
2130 3151 2544 3235 castigatio
2622 3156 2834 3214 mea?

537 3275 571 3319 a
620 3256 734 3320 deo
784 3255 940 3320 mihi
987 3258 1087 3319 est
1133 3256 1489 3339 castigatio.
1540 3257 1754 3338 itaque
1802 3257 2038 3339 etipse
2077 3261 2293 3340 potest
2330 3257 2664 3332 consolari,
2704 3276 2832 3321 non
2873 3276 2926 3315 ι)

536 3382 676 3427 uos,
736 3366 865 3426 aut
922 3381 1145 3443 quare
1194 3381 1332 3426 non
1381 3362 1715 3427 irascar?
1764 3364 1959 3429 nolite
2009 3383 2155 3449 ergo
2205 3383 2305 3428 me
2353 3365 2444 3431 ita
2493 3364 2833 3445 consolari,

681 3572 706 3625 1
748 3570 844 3623 Iob
883 3572 967 3633 20,
1008 3572 1071 3625 21
1255 3571 1289 3622 2
1327 3570 1424 3624 Iob
1465 3572 1551 3631 20,
1591 3572 1659 3624 22
1838 3572 1872 3623 4
1909 3570 2005 3623 Iob
2046 3571 2132 3629 20,
2171 3571 2239 3624 23
2421 3571 2454 3623 8
2491 3570 2590 3625 Iob
2630 3572 2716 3629 20.
2761 3574 2835 3627 23

534 3662 565 3713 9
608 3660 700 3713 Iob
740 3662 825 3721 20,
864 3661 933 3713 24
1119 3661 1183 3713 10
1229 3658 1324 3712 Iob
1374 3660 1459 3719 20,
1507 3660 1576 3713 25
1761 3660 1825 3712 13
1876 3659 1971 3712 Iob
2011 3660 2095 3717 20.
2137 3661 2202 3712 25
2389 3661 2454 3713 14
2493 3659 2591 3713 Iob
2630 3662 2717 3724 20,
2759 3663 2833 3716 26

537 3752 602 3804 16
638 3749 736 3803 Iob
777 3749 861 3813 20,
901 3750 967 3802 27
1180 3750 1241 3801 17
1282 3747 1378 3801 Iob
1419 3748 1504 3810 20,
1545 3749 1613 3802 29
1816 3749 1880 3802 19
1917 3747 2016 3800 Iob
2057 3749 2142 3811 21,
2182 3749 2214 3801 2
2425 3751 2492 3802 24
2528 3749 2627 3803 Iob
2668 3751 2757 3813 21,
2797 3754 2834 3805 4

534 3840 602 3892 26
639 3838 736 3892 Iob
776 3840 861 3900 21,
899 3840 933 3891 4

606 3965 637 4018 2
675 3964 1009 4017 transierunt
1047 3962 1121 4015 bd
1327 3961 1596 4030 cupitates
1644 3962 1694 4014 T
1866 3964 1900 4015 3
1937 3966 2049 4016 tam
2093 3961 2144 4016 G
2323 3964 2357 4015 4
2393 3961 2627 4031 inpleuit
2668 3962 2838 4017 GTP

532 4056 567 4107 5
605 4052 823 4105 eueniet
865 4052 916 4104 G
1060 4050 1093 4104 8
1133 4055 1191 4103 et
1225 4067 1327 4104 om.
1364 4050 1509 4103 Hier
1678 4051 1863 4104 mittet
1900 4050 1946 4105 S
2110 4051 2391 4104 iracundia
2428 4050 2476 4105 S
2615 4053 2647 4104 9
2687 4052 2837 4106 uidit

534 4159 653 4194 eum
692 4142 747 4193 P
850 4141 993 4193 bona
1031 4157 1195 4209 opera
1237 4139 1283 4193 C
1388 4140 1642 4192 uulnerat
1683 4138 1791 4193 GP
1900 4142 1964 4193 12
2003 4140 2357 4193 uulnerentur
2398 4139 2449 4193 G
2558 4157 2591 4193 a
2627 4157 2731 4194 om.
2777 4139 2831 4194 G

537 4230 601 4285 13
638 4230 964 4283 habitaculis
1002 4228 1189 4282 SHe'er
1327 4230 1390 4282 14
1428 4229 1567 4282 letat
1604 4227 1650 4283 S
1785 4230 1848 4282 15
1886 4229 2046 4282 homo
2083 4228 2289 4282 habeat
2323 4228 2380 4281 P
2517 4227 2758 4283 habebat
2796 4230 2831 4282 b

536 4320 599 4372 16
638 4319 803 4371 etiam
842 4334 942 4371 om.
980 4318 1036 4371 P
1222 4316 1437 4371 detecat
1475 4316 1518 4370 S
1666 4317 1729 4370 18
1769 4316 1883 4370 eius
1921 4333 2021 4370 om.
2062 4316 2109 4370 S
2323 4317 2598 4387 episcopo]
2636 4317 2755 4385 ipso
2794 4316 2828 4368 b

531 4407 595 4459 21
640 4410 764 4459 sunt
806 4405 854 4459 G
924 4408 991 4459 23
1030 4407 1172 4460 bona
1207 4407 1316 4458 ista
1360 4405 1479 4459 de
1552 4408 1618 4459 24
1660 4407 1751 4473 qui
1788 4406 1833 4459 S
1922 4406 1989 4459 25
2029 4410 2114 4458 est
2150 4405 2283 4458 mihi
2323 4405 2361 4458 d
2432 4407 2500 4459 26
2538 4405 2618 4458 ita
2655 4420 2740 4458 me
2786 4403 2837 4457 0
