3076 4976
407 503 534 567 296
1113 499 1165 553 S.
1226 498 1501 552 Aureli
1558 496 1994 567 Augustini

407 694 651 758 iustum
719 713 858 759 esse
924 692 1343 765 mendacium,
1412 691 1599 755 facile
1666 692 2022 755 solueretur
2087 691 2374 767 fortasse,
2453 692 2509 756 si
2575 694 2711 757 sola

412 804 748 883 praecepta
795 801 1204 876 intueremur,
1253 818 1373 863 non
1436 799 1501 861 et
1557 796 1859 878 exempla.
1945 816 2086 859 nam
2145 796 2299 878 quid
2354 797 2479 861 isto
2537 817 2712 880 prae-

412 911 593 989 cepto
655 906 1044 971 absolutius:
1103 924 1251 970 non
1310 901 1867 970 mentiemini?
1942 903 2031 967 sic
2091 904 2255 967 enim
2316 904 2555 968 dictum
2612 908 2712 970 est

410 1013 766 1096 quomodo:
832 1032 977 1076 non
1038 1011 1297 1076 facies
1357 1010 1517 1074 tibi
1574 1010 1878 1073 idolum
1928 1046 2014 1056 —-
2063 1010 2233 1091 quod
2290 1011 2526 1075 factum
2584 1029 2706 1074 non

408 1123 624 1202 potest
688 1118 1023 1201 aliquando
1092 1119 1336 1182 iustum
1406 1136 1549 1181 esse
1613 1153 1703 1162 —
1756 1120 1820 1180 et
1885 1116 2200 1197 quomodo
2269 1118 2512 1182 dictum
2575 1121 2704 1181 est:
2771 1139 2797 1175 ε,

407 1247 555 1291 non
606 1225 1172 1291 moechaberis
1212 1262 1296 1271 —
1338 1225 1479 1307 quis
1520 1229 1734 1288 autem
1775 1224 1942 1287 dicat
1980 1224 2315 1307 aliqnando
2356 1223 2705 1289 moechiam

408 1334 646 1397 iustam
714 1351 852 1396 esse
921 1334 1154 1414 posse?
1220 1366 1305 1376 —-
1373 1334 1467 1395 et:
1535 1350 1683 1396 non
1741 1331 2154 1395 furaberis
2211 1367 2296 1377 —-
2357 1330 2705 1395 secundum

407 1440 833 1504 definitionem
872 1439 1046 1503 illam
1088 1438 1241 1503 furti
1280 1438 1523 1501 iustum
1565 1457 1703 1502 esse
1736 1437 1977 1501 furtum
2006 1457 2350 1520 numquam
2380 1440 2593 1519 potest
2619 1473 2706 1483 —

407 1550 504 1611 et:
564 1566 711 1610 non
770 1545 1121 1621 occideS,
1181 1544 1477 1627 quoniam
1540 1563 1686 1608 cum
1744 1544 1933 1609 homo
1990 1544 2160 1608 iuste
2220 1543 2548 1620 occiditur,
2606 1544 2707 1608 lex

406 1673 551 1717 eum
592 1652 842 1727 occidit,
883 1672 1003 1716 non
1046 1655 1139 1715 tu.
1189 1651 1492 1733 numquid
1535 1651 1624 1715 ita
1665 1650 1788 1714 dici
1824 1653 2071 1733 potest:
2124 1670 2267 1714 cum
2305 1651 2494 1714 homo
2536 1651 2703 1714 iuste
2745 1672 2799 1711 ιο

409 1759 732 1837 mentitur,
797 1759 895 1823 lex
959 1758 1311 1822 mentitur?
1398 1758 1507 1823 sed
1586 1759 1869 1840 exempla
1944 1758 2186 1822 faciunt
2259 1755 2705 1820 difficillimam

407 1866 861 1949 quaestionem.
913 1865 1212 1930 mentitae
1254 1869 1404 1930 sunt
1442 1865 1817 1929 obstetrices
1855 1865 2205 1948 Aegyptiae
2256 1867 2319 1928 et
2364 1864 2527 1927 bona
2572 1864 2706 1928 illis

409 1973 565 2037 deus
625 1973 951 2049 retribuit;
1011 1972 1273 2037 mentita
1324 1976 1422 2036 est
1466 1973 1639 2036 Raab
1686 1992 1799 2053 pro
1850 1971 2344 2054 exploratoribus
2391 1974 2593 2034 terrae
2641 1974 2706 2035 et

409 2080 551 2143 ideo
600 2080 866 2144 liberata
917 2083 1032 2143 est.
1111 2099 1186 2142 an
1237 2099 1307 2143 ex
1359 2100 1482 2162 quo
1533 2079 1773 2143 dictum
1826 2081 1924 2142 est
1970 2078 2031 2141 in
2081 2079 2256 2161 lege:
2315 2097 2460 2141 non
2510 2096 2705 2140 men-

406 2186 762 2262 tiemini,
824 2206 893 2250 ex
950 2186 1060 2250 illo
1120 2185 1615 2270 intellegendum
1676 2189 1773 2250 est
1827 2204 1940 2249 nec
1997 2185 2058 2248 in
2115 2184 2230 2248 tali
2278 2203 2469 2248 causa
2516 2184 2704 2247 licere
2746 2204 2799 2244 ιε»

406 2292 826 2369 mendacium,
884 2293 947 2355 in
1010 2292 1179 2373 quali
1239 2312 1430 2356 causa
1486 2293 1724 2376 legitur
1776 2292 1950 2355 Raab
2010 2310 2149 2355 esse
2207 2292 2516 2356 mentita?
2593 2289 2705 2355 sed

407 2399 615 2482 magis
666 2398 961 2462 credibile
1012 2401 1128 2473 est,
1172 2398 1320 2479 quia
1370 2397 1676 2461 iniustum
1730 2401 1861 2461 erat
1907 2397 2328 2471 mendacium,
2377 2398 2517 2462 ideo
2565 2416 2703 2480 pro-

407 2506 705 2580 hibitum,
757 2525 875 2568 non
927 2505 1071 2585 quia
1118 2504 1528 2585 prohibitum,
1579 2504 1719 2568 ideo
1759 2505 1999 2568 factum
2036 2504 2365 2568 iniustum.
2414 2505 2704 2569 fortassis

408 2632 580 2694 ergo,
633 2612 802 2675 sicut
850 2611 924 2674 de
976 2611 1421 2675 obstetricibus
1472 2610 1764 2687 diximus,
1825 2630 1943 2674 non
2002 2611 2122 2675 hoc
2171 2612 2229 2674 in
2282 2611 2371 2674 eis
2421 2630 2702 2675 remune-

405 2724 647 2790 ratum,
726 2717 894 2798 quod
969 2717 1271 2780 mentitae
1349 2722 1525 2788 sunt,
1604 2717 1715 2781 sed
1790 2717 1959 2798 quod
2033 2718 2303 2781 infantes
2378 2718 2701 2782 Hebraeos
2742 2740 2798 2778 ἰο

401 2825 850 2890 liberauerunt.
920 2828 993 2888 ut
1056 2829 1313 2906 propter
1378 2823 1534 2887 hanc
1602 2823 2094 2888 misericordiam
2152 2824 2312 2888 illud
2370 2829 2701 2908 peccatum

405 2931 652 2995 ueniale
685 2931 769 2994 sit
798 2932 1058 3006 sactum,
1092 2950 1211 2994 non
1252 2934 1462 2994 tamen
1505 2930 1901 2995 existimetur
1940 2951 2058 2995 non
2099 2931 2297 2995 fuisse
2336 2937 2698 3015 peccatum:

405 3038 496 3102 sic
568 3036 758 3101 etiam
826 3038 901 3102 de
965 3037 1138 3102 Raab
1207 3037 1705 3121 intellegendum
1776 3043 1875 3101 est
1936 3042 2395 3101 remuneratam
2463 3038 2523 3101 in
2589 3039 2702 3101 illa

399 3144 836 3208 liberationem
908 3146 1399 3227 exploratorum,
1469 3150 1540 3207 ut
1604 3149 1858 3226 propter
1931 3145 2188 3209 eandem
2264 3144 2700 3209 liberationem

403 3251 590 3314 uenia
639 3251 725 3315 sit
771 3251 916 3315 data
962 3251 1308 3315 mendaciO.
1389 3251 1496 3314 ubi
1548 3256 1759 3314 autem
1808 3251 1993 3315 uenia
2043 3252 2244 3327 datur,
2294 3251 2699 3315 manifest-um
2738 3275 2791 3314 25

405 3358 504 3420 est
559 3375 698 3419 esse
757 3360 1104 3438 peccatum.
1193 3356 1301 3419 sed
1360 3356 1518 3419 illud
1578 3356 1929 3419 cauendum
1990 3360 2107 3432 est,
2163 3375 2239 3419 ne
2296 3356 2385 3420 ita
2433 3356 2699 3438 quisque

405 3463 722 3526 existimet
771 3463 961 3526 etiam
1013 3463 1236 3526 ceteris
1287 3462 1585 3544 peccatis,
1646 3463 1698 3525 si
1748 3467 2001 3545 propter
2045 3463 2451 3527 liberationes
2498 3462 2699 3526 homi-

404 3588 556 3631 num
613 3567 784 3646 fiant,
844 3569 932 3632 ita
989 3570 1239 3633 ueniam
1296 3587 1486 3649 posse
1547 3569 1823 3634 concedi.
1906 3569 2109 3633 multa.
2166 3569 2333 3633 enim
2386 3571 2553 3633 mala
2610 3570 2697 3631 in·

580 3833 612 3882 4
654 3830 743 3882 Ex.
786 3831 870 3885 20.
911 3832 959 3882 4.
1006 3830 1086 3883 13.
1131 3831 1210 3882 14.
1255 3830 1319 3882 15
1435 3830 1497 3882 12
1538 3829 1604 3882 cf.
1644 3829 1736 3883 Ex.
1780 3831 1826 3890 1,
1873 3830 1950 3883 19.
1992 3830 2060 3884 20
2190 3832 2252 3884 13
2294 3830 2359 3883 cf.
2400 3831 2503 3883 loe.
2543 3831 2592 3886 2.
2632 3833 2696 3892 4;
2795 3823 2813 3835 ⁹

402 3919 453 3980 6,
494 3919 560 3970 ‘25
604 3920 714 3982 (24)

476 4060 497 4110 1
564 4058 720 4111 facile
761 4064 940 4110 autem
990 4058 1038 4110 T
1181 4059 1212 4111 2
1272 4065 1325 4111 et
1365 4076 1464 4112 om.
1504 4059 1719 4112 PSVT
1891 4077 2015 4113 num
2056 4059 2102 4114 S
2252 4062 2283 4113 3
2343 4059 2614 4113 absolutio
2656 4058 2703 4113 S

401 4148 445 4199 si
487 4147 529 4200 S
618 4149 653 4199 6
692 4147 1057 4199 moecliaueris
1105 4146 1151 4200 C'
1230 4148 1258 4199 7
1299 4148 1592 4201 secundum
1633 4149 1773 4201 enim
1815 4148 1934 4202 Shcl
2019 4150 2050 4202 8
2088 4165 2377 4218 numquam
2420 4149 2622 4201 furtum
2655 4146 2701 4201 S

402 4236 468 4288 10
497 4235 756 4303 numquid
784 4236 924 4288 iuste
961 4236 1010 4288 T
1117 4237 1181 4289 13
1211 4235 1376 4289 rahab
1417 4237 1469 4287 V
1609 4237 2010 4305 explorantibus
2041 4237 2086 4291 S
2195 4239 2258 4290 15
2292 4255 2349 4290 ex
2381 4238 2474 4290 illo
2502 4253 2603 4290 om.
2635 4237 2703 4288 N

404 4325 468 4376 16
508 4322 673 4375 rahab
724 4322 775 4376 V
879 4325 946 4376 ‘24
985 4324 1308 4378 liberatione
1347 4325 1505 4378 PSV
1647 4327 2043 4395 liberationem]
2084 4327 2502 4396 explorationem
2544 4325 2697 4379 PSV

403 4412 470 4464 27
513 4411 814 4465 exsistimet
858 4413 902 4466 C
1045 4413 1110 4466 de
1151 4415 1343 4466 ceteris
1395 4413 1498 4467 VT
1604 4417 1671 4468 ‘28
1711 4415 1913 4468 faciant
1950 4414 2015 4467 N
2153 4416 2311 4469 uenia
2354 4414 2396 4468 S
