3076 4976
660 482 1137 547 Quaestionum
1182 482 1287 534 lib.
1330 482 1431 534 VII
1471 483 1758 550 &Quaest
1802 482 1874 535 de
1912 482 2298 542 Iudicibus).
2489 487 2612 548 491

320 678 598 743 hominis
648 677 1051 741 altitudinem
1103 678 1467 758 prophetiae
1518 678 1696 740 uelut
1747 678 1929 741 hamo
1993 677 2231 759 piscem
2292 677 2614 741 dominum

324 785 652 850 Christum
702 785 776 847 de
825 784 1135 865 profundo
1186 784 1634 865 scripturarum
1693 784 1977 848 leuaret?
2038 785 2184 848 huic
2233 804 2343 849 nos
2392 785 2617 849 rationi

324 900 388 957 et
455 892 943 956 considerationi
1008 910 1128 954 non
1195 891 1589 955 obsistimus.
1662 891 1772 953 sed
1839 891 1962 953 alia
2029 891 2316 973 quaestio
2381 896 2477 955 est
2542 892 2615 955 de

325 1000 533 1063 animo
592 997 912 1068 uouentis,
972 997 1095 1060 alia
1152 996 1227 1059 de
1284 997 1682 1077 prouidentia
1742 997 1839 1059 dei
1899 998 2344 1079 qualicumque
2409 998 2615 1061 animo

257 1130 283 1166 5
326 1105 463 1168 eius
514 1103 751 1185 optime
800 1105 1059 1168 utentis,
1110 1105 1517 1186 quamohrem
1570 1104 1621 1166 si
1664 1103 1925 1186 spiritns
1967 1104 2222 1178 domini,
2264 1104 2371 1185 qni
2411 1104 2615 1168 factus

323 1213 424 1275 est
496 1229 686 1293 super
758 1210 997 1292 Iephte,
1066 1214 1139 1273 ut
1203 1210 1318 1272 hoc
1388 1213 1652 1274 uoueret
1719 1210 1971 1274 omnino
2038 1211 2378 1292 praecepit,
2445 1211 2615 1291 quod

322 1317 577 1398 quidem
635 1317 947 1399 scriptura
1005 1337 1124 1381 non
1185 1316 1450 1398 aperuit,
1519 1321 1753 1392 tamen,
1812 1317 1865 1380 si
1925 1317 2042 1380 hoc
2098 1318 2206 1380 ille
2270 1318 2612 1398 praecepit,

322 1424 506 1487 cuius
592 1443 711 1487 non
786 1424 935 1487 licet
1011 1424 1187 1486 iussa
1254 1429 1670 1496 contemnere,
1759 1444 1876 1487 non
1958 1424 2164 1488 solum
2251 1423 2612 1504 insipientia

322 1529 634 1610 culpanda
683 1550 799 1592 non
852 1521 1217 1593 est‘nernm
1270 1531 1456 1592 etiam
1509 1530 1821 1593 laudanda
1885 1529 2274 1593 oboedientia
2328 1535 2443 1594 est.
2495 1530 2610 1594 hoc

232 1665 283 1701 ιο
322 1637 510 1708 enim,
561 1637 751 1699 etiam
802 1636 855 1699 si
906 1655 971 1699 se
1019 1637 1206 1700 homo
1257 1636 1390 1717 ipse
1447 1637 1787 1704 interimat,
1837 1637 2003 1718 quod
2063 1638 2282 1717 utique
2340 1637 2613 1700 humana

319 1744 653 1805 uoluntate
687 1749 874 1823 atque
903 1742 1166 1805 consilio
1199 1743 1400 1806 facere
1435 1744 1608 1806 nefas
1640 1749 1758 1818 est,
1791 1744 2071 1825 profecto
2113 1743 2610 1826 intellegendum

320 1853 419 1911 est
468 1849 875 1912 oboedienter
921 1848 1052 1912 fieri
1104 1849 1318 1931 potins
1360 1868 1548 1930 quam
1590 1850 1879 1924 sceleste,
1921 1849 1973 1912 si
2017 1849 2324 1912 diuinitus
2364 1849 2611 1913 iussum

321 1959 449 2018 est:
508 1954 583 2017 de
632 1974 753 2036 qua
814 1954 1179 2035 quaestione
1240 1955 1395 2017 satis
1455 1955 1516 2017 in
1577 1954 1777 2036 primo
1834 1954 1996 2018 libro
2057 1955 2132 2017 de
2191 1955 2451 2018 ciuitate
2512 1955 2611 2018 dei

320 2060 817 2142 disputauirnus.
887 2062 940 2123 si
1007 2066 1219 2124 antem
1286 2060 1505 2141 Iephte
1585 2060 1930 2123 humanum
2007 2065 2264 2124 secutus
2340 2080 2608 2125 errorem

226 2197 278 2235 ιι,
320 2169 667 2230 humanum
718 2167 1093 2230 sacrificium
1144 2167 1507 2230 uouendum
1567 2167 1841 2248 putauit,
1893 2167 2028 2230 eins
2079 2167 2333 2249 quidem
2393 2187 2611 2249 pecca-

316 2280 452 2336 tum
497 2274 571 2336 de
612 2273 798 2336 unica
828 2273 956 2336 filia
996 2274 1128 2336 inre
1172 2274 1457 2353 punitum
1503 2276 1601 2335 est
1649 2311 1733 2317 —-—
1785 2272 1950 2355 quod
1995 2274 2184 2336 etiam
2223 2273 2357 2355 ipse
2398 2274 2607 2337 uerbis

317 2381 451 2443 suis
503 2380 658 2444 satis
698 2379 952 2442 uidetur
992 2380 1345 2445 ostendere.
1386 2379 1496 2441 nbi
1537 2379 1653 2441 ait:
1707 2378 1854 2441 heu
1904 2399 2036 2453 me,
2086 2379 2274 2442 filia
2324 2390 2607 2456 (mea),

309 2486 714 2568 inpedisti
775 2507 916 2560 me;
976 2487 1049 2550 in
1112 2486 1715 2550 offendiculum
1777 2488 1997 2550 facta
2056 2506 2134 2551 es
2194 2487 2267 2550 in
2328 2486 2595 2551 oculis

308 2595 527 2669 meis',
577 2594 863 2657 discissis
903 2594 1094 2656 etiam
1136 2594 1533 2657 uestimentis
1578 2595 1710 2656 suis
1759 2632 1844 2637 —
1895 2613 2114 2657 uerum
2158 2599 2367 2657 tamen
2409 2594 2598 2656 etiam

212 2734 273 2772 20
309 2700 411 2764 hic
463 2701 598 2763 eins
648 2720 815 2764 error
862 2700 1050 2763 habet
1098 2701 1372 2782 aliquam
1421 2700 1676 2763 laudem
1727 2701 1889 2775 fidei,
1941 2721 2063 2782 qua
2114 2701 2298 2764 deum
2364 2701 2597 2778 timuit,

308 2810 384 2869 ut
433 2807 600 2889 quod
649 2813 916 2870 uouerat
962 2807 1267 2882 redderet,
1321 2828 1431 2870 nec
1482 2807 1678 2870 diuini
1731 2807 1789 2870 in
1842 2828 1907 2871 se
1957 2808 2176 2871 iudicii
2224 2808 2600 2871 sententiam

311 2912 674 2985 declinauit,
710 2914 845 2977 siue
877 2932 1134 2994 sperans
1168 2913 1352 2976 deum
1388 2914 1878 2995 prohibiturum,
1913 2915 2080 2977 sicut
2114 2915 2262 2978 fecit
2292 2915 2599 2991 Abrahae,

308 3018 447 3082 siue
496 3020 632 3083 eius
683 3020 1080 3083 uoluntatem
1130 3019 1320 3083 etiam
1370 3040 1488 3084 non
1541 3021 1930 3102 prohibentis
1971 3021 2358 3085 intellectam
2397 3020 2600 3085 facere

307 3125 523 3208 potius
574 3145 760 3208 quam
812 3130 1210 3189 contemnere
1261 3130 1571 3190 statuens

208 3266 270 3305 25
401 3230 799 3315 Quamquam
848 3238 909 3296 et
955 3234 1057 3296 hic
1108 3234 1329 3297 merito
1380 3235 1594 3314 quaeri
1641 3241 1856 3316 potest
1905 3238 2118 3298 utrum
2167 3236 2376 3298 nerins
2418 3234 2600 3296 intel·

307 3338 544 3421 legitur
591 3338 708 3402 hoo
758 3338 945 3402 deum
994 3339 1161 3402 nolle
1212 3340 1343 3403 fieri
1395 3344 1457 3403 et
1494 3341 1556 3402 in
1599 3360 1670 3403 eo
1713 3340 1926 3422 potius
1968 3340 2104 3404 deo,
2148 3341 2199 3403 si
2241 3360 2358 3403 non
2401 3340 2595 3411 fieret,

308 3444 732 3521 oboediretur,
791 3447 1084 3526 quoniam
1143 3446 1259 3509 hoc
1311 3466 1376 3508 se
1426 3447 1594 3511 nolle
1652 3453 1712 3510 et
1771 3448 1831 3510 in
1880 3448 2169 3510 Abrahae
2228 3447 2355 3510 filio
2415 3453 2476 3510 et
2535 3448 2595 3509 in

304 3550 599 3633 legitima
644 3550 1066 3632 prohibitione
1116 3556 1598 3616 monstrauerat.
1650 3572 1868 3615 nerum
1918 3555 2125 3615 tamen
2179 3555 2231 3615 si
2271 3556 2596 3634 propterea

304 3657 526 3737 Iephte
576 3675 695 3720 non
744 3657 997 3733 faceret,
1047 3658 1170 3721 sibi
1226 3659 1441 3739 potius
1490 3660 1552 3721 in
1603 3660 1786 3723 unica
1844 3661 2201 3742 pepercisse
2259 3679 2445 3740 quam
2498 3660 2596 3722 dei

192 3802 260 3841 30
303 3763 704 3827 uoluntatem
755 3768 1013 3827 secutus
1056 3784 1195 3828 esse
1237 3765 1578 3833 uideretur.
1617 3767 1823 3847 magis
1865 3787 2011 3849 ergo
2053 3767 2360 3829 intellexit
2399 3766 2458 3829 in
2500 3785 2591 3843 ec,

303 3869 473 3951 qnod
538 3870 635 3933 illi
692 3869 821 3935 filia
887 3872 1181 3941 occurrit,
1249 3873 1519 3936 ultorem
1588 3872 1776 3935 deum
1842 3873 2172 3954 iustaeqne
2241 3891 2475 3953 poenae
2525 3892 2592 3934 se

489 4089 552 4141 13
592 4087 657 4140 de
698 4089 844 4143 cinit.
887 4089 972 4142 dei
1011 4090 1037 4142 I
1076 4091 1137 4142 521
1254 4092 1320 4144 27
1363 4091 1425 4144 cf.
1467 4091 1599 4145 Gen.
1641 4092 1725 4149 22,
1772 4093 1834 4143 12

380 4230 402 4281 1
448 4246 568 4281 amo
608 4228 864 4283 PS¹NV1
1018 4232 1080 4284 13
1120 4231 1205 4283 dei
1244 4249 1344 4284 om.
1388 4233 1449 4280 ⁸¹
1611 4233 1670 4284 17
1713 4249 1846 4293 mea,
1886 4233 2032 4299 quod
2070 4232 2277 4286 codices
2314 4234 2587 4290 omittunt.

294 4317 534 4381 addirli,·
571 4319 639 4384 cf.
687 4323 822 4383 4255,
862 4325 927 4373 17
1018 4323 1079 4372 1&
1123 4323 1173 4372 in
1207 4338 1294 4388 pr.
1326 4338 1426 4374 om.
1470 4322 1519 4374 V
1555 4340 1668 4387 erp.
1721 4322 1762 4371 'l'
1848 4323 1911 4373 19
1950 4322 2063 4373 suis
2101 4339 2187 4374 om
2245 4323 2296 4375 P
2385 4324 2447 4375 21
2496 4340 2589 4375 uo-

290 4407 443 4458 uerit
483 4405 527 4459 S
634 4409 701 4460 ⁶23
740 4408 1091 4478 prohibendis
1141 4409 1190 4459 Γ
1294 4411 1363 4462 30
1403 4410 1654 4462 uideatur
1698 4410 1758 4460 V‘
1871 4412 1932 4462 31
1977 4410 2081 4479 illi]
2121 4412 2170 4464 ci
2201 4411 2318 4464 de
2462 4412 2508 4464 si
2548 4412 2595 4463 V
