3076 4976
258 1705 309 1744 10

260 2239 311 2277 16

246 3311 307 3350 85

638 522 1118 588 Quaestionum
1158 519 1269 575 lib.
1311 520 1414 573 vn
1456 520 1749 586 (Quaest.
1791 519 1866 573 de
1903 517 2294 585 Iudicibus).
2513 521 2636 584 461

351 738 499 803 ergo
545 718 671 782 ista
729 736 919 782 causa
973 716 1037 780 in
1095 735 1308 781 eorum
1363 715 1735 790 tentatione,
1785 718 1859 779 ut
1913 714 2148 778 bellare
2197 713 2530 789 discerent,
2579 713 2646 777 id

351 829 469 902 est,
516 828 591 888 ut
635 826 812 887 tanta
858 823 1096 903 pietate
1147 827 1211 885 et
1257 820 1658 885 oboedientia
1704 819 1867 904 legis
1908 818 2008 883 dei
2056 819 2366 883 bellarent
2413 823 2645 901 quanta

349 935 560 1014 patres
609 949 827 994 eorum
877 929 983 1011 qui
1033 928 1284 993 domino
1335 927 1449 991 deo
1500 927 1694 991 etiarn
1742 926 2030 990 bellando
2079 927 2472 1008 placuerunt,
2522 946 2642 991 non

352 1039 501 1120 quia
565 1036 840 1120 optabile
908 1034 1147 1117 aliquid
1214 1038 1313 1098 est
1375 1033 1639 1109 bellum,
1698 1034 1810 1098 sed
1859 1034 2008 1116 quia
2054 1034 2256 1116 pietas
2303 1033 2645 1098 laudabilis

350 1149 415 1209 et
458 1144 522 1208 in
570 1143 761 1208 bello.
811 1142 979 1223 quod
1028 1145 1241 1205 autem
1300 1140 1617 1222 sequitur:
1676 1158 1951 1204 uerum
2011 1141 2144 1222 qui
2204 1143 2387 1204 ante
2442 1140 2643 1205 illos

348 1269 499 1314 non
565 1250 939 1315 scierunt
1004 1249 1220 1322 illas,
1288 1246 1438 1329 quid
1497 1246 1623 1310 nisi
1675 1250 1896 1331 gentes
1946 1246 2088 1310 uult
2132 1246 2441 1329 intellegi,
2490 1264 2647 1329 quas

349 1358 711 1422 nescierunt
756 1354 1049 1420 bellando
1101 1354 1208 1437 qui
1255 1353 1513 1417 fuerunt
1562 1356 1703 1416 ante
1749 1353 1935 1429 istos,
1974 1373 2241 1434 quorum
2287 1353 2646 1431 tentationi,

348 1466 468 1529 hoc
518 1467 618 1529 est
670 1462 1031 1547 probationi
1089 1460 1344 1525 relictae
1404 1463 1597 1524 sunt?
1657 1459 1880 1524 deinde
1939 1479 2436 1526 commemorans
2486 1477 2645 1543 quae

350 1572 496 1645 sint,
547 1571 922 1652 quinque,
971 1568 1196 1650 inquit,
1266 1567 1682 1650 satrapias
1750 1567 2421 1651 alienigenarum,
2488 1585 2645 1649 quas

348 1677 410 1740 in
458 1675 640 1741 libris
688 1676 1052 1760 Regnorum
1103 1673 1508 1737 manifestius
1559 1673 1869 1754 exprimit.
1920 1674 2232 1755 satrapiae
2288 1677 2499 1737 autem
2557 1672 2648 1736 di-

350 1786 581 1847 cuntur
636 1782 818 1864 quasi
882 1799 1077 1863 parua
1133 1799 1347 1864 regna,
1397 1779 1632 1861 quibus
1701 1782 1984 1860 satrapes
2053 1783 2407 1862 praeerant:
2478 1778 2646 1861 quod

350 1908 573 1954 nornen
639 1888 702 1951 in
769 1887 898 1951 illis
965 1887 1251 1970 partibus
1320 1886 1655 1950 cuiusdam
1714 1885 1968 1950 honoris
2029 1890 2127 1950 est
2183 1886 2319 1949 siue
2375 1886 2518 1949 fuit.
2571 1888 2648 1949 et

352 2015 673 2071 omnem,
722 1994 947 2075 inquit,
1001 1993 1558 2059 Chananaeum
1608 1996 1686 2056 et
1726 1992 2143 2057 Sidonium
2183 1997 2260 2056 et
2297 1993 2645 2056 Euaeum

351 2101 952 2166 inhabitantem
1000 2100 1393 2164 Libanum
1442 2119 1475 2163 a
1525 2102 1792 2163 monte
1839 2099 2187 2163 Hermon
2245 2117 2499 2181 usque
2556 2097 2646 2161 ad

349 2207 864 2272 Laboemath.
928 2209 1006 2270 et
1063 2206 1369 2271 factum
1429 2211 1574 2283 est,
1635 2210 1716 2269 ut
1777 2208 2246 2269 tentaretur
2304 2205 2378 2268 in
2435 2204 2645 2287 ipsis

351 2314 692 2379 Israhel.
743 2316 1070 2395 tamquam
1121 2312 1390 2377 diceret:
1440 2313 1562 2377 hoc
1610 2317 1824 2375 autem
1870 2311 2113 2375 factum
2162 2314 2279 2385 est,
2328 2315 2402 2374 ut
2446 2312 2645 2374 tenta-

348 2426 525 2485 retur
560 2420 622 2484 in
659 2420 820 2503 ipsis
853 2420 1115 2496 Israhel,
1158 2420 1365 2483 scire
1414 2420 1481 2483 si
1523 2418 1858 2483 audient
1895 2417 2267 2482 mandata
2308 2416 2642 2488 domini;

348 2548 469 2593 non
519 2532 589 2591 ut
637 2527 831 2591 sciret
880 2528 1034 2592 deus
1085 2528 1365 2591 omnium
1416 2527 1705 2611 cognitor
1752 2527 1942 2591 etiam
1991 2527 2373 2600 futurorum,
2424 2524 2534 2590 sed
2573 2527 2648 2588 ut

349 2634 585 2699 scirent
629 2633 753 2715 ipsi
803 2636 867 2697 et
923 2653 1038 2698 sua
1095 2633 1483 2698 conscientia
1536 2633 1642 2697 1161
1701 2633 2121 2717 gloriarentur
2166 2632 2270 2696 1161
2319 2630 2647 2695 conuince-

348 2742 566 2804 rentur
629 2742 841 2804 utrum
909 2740 1197 2804 audirent
1261 2740 1559 2804 mandata
1625 2739 1884 2817 domini,
1955 2759 2152 2822 quae
2233 2738 2647 2803 mandauit

348 2846 726 2928 patribus
796 2865 1064 2911 eorum
1133 2846 1209 2909 in
1277 2866 1505 2911 1116611
1576 2847 1857 2929 Moysi.
1909 2846 2206 2928 quoniam
2255 2864 2403 2928 ergo
2452 2844 2646 2908 mani-

347 2952 564 3016 festati
632 2953 755 3017 sibi
821 2956 972 3017 sunt
1027 2971 1148 3016 non
1208 2972 1275 3016 se
1335 2953 1670 3018 oboedisse
1720 2952 1834 3017 deo
1883 2953 1943 3017 in
1994 2953 2094 3016 his
2145 2952 2439 3036 gentibus
2489 2970 2648 3034 quae

349 3059 428 3123 ad
468 3078 685 3123 eorum
723 3060 1156 3136 tentationem,
1196 3059 1259 3122 id
1301 3063 1400 3124 est
1437 3059 1951 3124 exercitationem
1991 3062 2179 3141 atque
2217 3057 2649 3140 probationem

347 3167 599 3230 fuerant
663 3166 1019 3243 derelictae,
1089 3169 1420 3248 propterea
1486 3166 1644 3230 dixit
1712 3166 1866 3230 deus
1932 3166 2038 3229 uel
2101 3165 2233 3240 illa,
2299 3164 2361 3228 in
2415 3165 2647 3246 quibus

349 3276 564 3355 aperte
630 3272 869 3336 missus
934 3274 1198 3356 angelus
1256 3276 1320 3335 et
1374 3273 1634 3336 locutus
1694 3272 2051 3353 expressius
2110 3274 2229 3348 est,
2287 3272 2394 3335 uel
2458 3271 2647 3352 paulo

349 3383 515 3455 ante,
582 3379 693 3442 ubi
759 3379 876 3442 ait:
950 3383 1285 3461 propter
1349 3379 1557 3461 quod
1631 3382 1861 3442 tanta
1936 3377 2386 3459 dereliquit
2454 3395 2645 3460 gens

350 3485 544 3549 haec
592 3488 1182 3550 testamentum
1229 3506 1504 3562 meum,
1567 3484 1775 3568 quod
1832 3484 2207 3549 mandaui
2270 3483 2646 3566 patribus

350 3610 645 3668 eorum,
705 3596 782 3656 et
838 3612 985 3657 non
1046 3591 1584 3657 oboedierunt
1641 3591 1825 3656 uoci
1883 3611 2117 3668 meae,
2183 3594 2259 3655 et
2307 3609 2449 3674 ego
2499 3608 2646 3653 non

350 3698 740 3781 adponam
789 3698 1113 3762 auferre
1162 3699 1422 3762 uirum
1474 3718 1509 3762 a
1555 3699 1768 3763 facie
1817 3699 2199 3781 ipsorum.

531 3890 564 3942 9
603 3889 669 3943 cf.
708 3891 734 3941 1
770 3890 905 3959 Reg.
946 3892 996 3948 6,
1035 3890 1069 3942 4
1108 3906 1223 3958 sqq.
1338 3891 1404 3942 16
1441 3888 1560 3943 Iud.
1600 3889 1650 3954 3,
1688 3891 1723 3942 4
1836 3889 1902 3943 18
1941 3889 2007 3943 cf.
2049 3888 2164 3942 Sus,
2205 3889 2272 3942 35

427 3997 451 4049 1
493 3997 853 4066 temptatione
889 3995 1046 4049 PST
1113 3996 1146 4048 5
1185 3997 1262 4064 et]
1305 3999 1387 4049 est
1433 3996 1515 4049 Tb
1627 3997 1739 4065 qui]
1782 3997 1909 4065 quia
1946 3995 2000 4048 P
2070 3996 2103 4049 6
2140 3994 2446 4047 nescierunt
2475 3991 2520 4045 S
2532 3991 2651 4045 Vbd

346 4089 381 4138 7
403 4083 621 4138 fuerant
656 4084 765 4137 VT
831 4086 864 4139 9
893 4088 1137 4154 satrapas
1168 4083 1292 4138 SV¹
1369 4086 1435 4139 10
1465 4087 1715 4154 satrapae
1737 4084 1783 4138 S
1851 4085 1912 4137 ll
1947 4087 2192 4152 satrapes
2231 4082 2280 4135 Τ
2305 4084 2554 4150 satrapae
2577 4080 2651 4134 bd

348 4174 421 4227 12
458 4173 676 4226 honeris
704 4172 772 4226 N
862 4174 928 4226 14
958 4190 989 4226 a
1016 4176 1200 4226 monte
1237 4173 1461 4241 scripsi:
1500 4169 1628 4227 ante
1665 4177 1902 4226 montem
1943 4172 2073 4225 libri
2183 4173 2249 4226 15
2287 4170 2562 4223 laboemat
2591 4169 2657 4222 N

346 4262 675 4316 caboemath
730 4261 853 4315 Vbd
887 4261 1164 4315 labemath
1209 4261 1260 4314 T
1382 4262 1450 4315 22
1490 4262 1596 4315 sibi
1635 4277 1736 4315 om.
1777 4260 1824 4314 S
1982 4261 2048 4313 iis
2088 4259 2162 4314 bd
2295 4260 2364 4312 25
2404 4274 2649 4326 expresse

344 4352 566 4405 locutus
605 4350 637 4403 b
855 4365 1134 4420 expressus
1172 4348 1366 4403 PSVd
1415 4365 1697 4418 expraesus
1746 4347 1812 4400 N
1986 4348 2055 4402 26
2105 4346 2434 4416 derelinquit
2470 4346 2650 4400 PSV¹

347 4438 647 4507 dereliquit
683 4442 839 4492 tanta
885 4438 933 4491 T
1038 4439 1106 4492 27
1145 4438 1427 4491 mandauit
1462 4438 1525 4490 N
