3076 4976
642 498 1125 565 Quaestionum
1165 498 1279 551 lib.
1321 497 1370 549 11
1414 498 1794 566 (Expositio
1836 497 2309 557 tabernaculi).
2488 501 2609 563 221

318 696 749 760 cubitorum
816 693 1384 775 longitudinem
1445 697 1516 755 et
1576 693 2082 756 altitudinem.
2145 713 2287 756 eece
2349 693 2458 756 ubi
2515 694 2618 757 ad-

316 808 492 884 paret
559 803 814 865 eandem
885 800 1117 863 dictam
1185 800 1475 879 superius
1546 799 1964 865 altitudinem.
2035 821 2191 881 quae
2254 802 2614 863 aulaeorum

319 914 710 973 extentorum
761 908 961 970 fuerat
1009 906 1364 989 longitudo.
1417 906 1685 987 denique
1735 907 1940 970 addit:
2003 914 2075 970 et
2132 907 2614 970 latitudinem

319 1017 654 1097 quinque
705 1014 1155 1077 cubitorum.
1206 1017 1302 1075 tot
1341 1013 1505 1076 enim
1548 1014 1781 1076 cubitis
1821 1014 2177 1077 latitudinis
2219 1014 2621 1096 erigebantur

254 1138 280 1175 ὁ
316 1123 586 1187 tentoria
645 1121 966 1185 exterioris
1026 1120 1164 1183 atrii
1225 1121 1392 1182 sieut
1457 1120 1771 1183 interioris
1840 1121 2070 1184 enbitis
2141 1126 2458 1202 quattuor.
2529 1123 2618 1184 sic

319 1235 531 1294 autem
571 1231 634 1292 et
674 1229 963 1309 superius
1006 1227 1276 1289 dixerat:
1326 1226 1735 1309 longitudo
1787 1234 2034 1290 autem
2096 1228 2272 1291 atrii
2321 1232 2620 1291 centum

316 1357 444 1419 per
475 1341 774 1399 centum
810 1338 881 1397 et
919 1333 1253 1397 latitudo
1298 1334 1855 1417 quinquaginta
1896 1355 2024 1415 per
2063 1334 2620 1417 quinquaginta

320 1448 392 1507 et
460 1442 795 1506 altitudo
866 1442 1196 1522 quinque
1269 1440 1693 1503 cubitorum
1756 1460 1835 1503 ex
1896 1441 2120 1522 bysso
2178 1445 2399 1504 torta.
2462 1442 2619 1505 hauc

319 1551 723 1614 altitudinem
788 1549 999 1612 dicens
1071 1567 1257 1627 quam
1325 1556 1541 1628 postea
1609 1548 2007 1611 latitudinem
2080 1549 2253 1612 dixit.
2324 1549 2619 1630 (moniam

231 1675 278 1709 ¹0
321 1677 480 1738 quae
539 1657 879 1720 iacentium
930 1653 1197 1717 latitudo
1249 1659 1364 1719 est.
1416 1654 1634 1716 eadem
1685 1662 2035 1717 erectorum
2088 1655 2379 1718 altitudo.
2433 1656 2618 1719 sicut.

320 1764 490 1846 quod
545 1765 733 1844 paulo
796 1766 938 1825 ante
1000 1760 1512 1824 commemoraui.
1574 1780 1733 1841 quae
1792 1782 1932 1823 eum
1994 1768 2291 1825 texuntur
2349 1762 2617 1825 altitudo

321 1874 439 1945 est.
491 1870 708 1933 eadem
761 1889 904 1932 cum
955 1868 1304 1931 tenduntur
1353 1867 1683 1949 longitudo
1735 1872 1851 1932 est.

415 1980 514 2042 14.
563 1977 747 2039 Nunc
796 1976 920 2037 iam
972 1973 1140 2053 quod
1188 1972 1557 2036 distuleram
1611 1973 1963 2039 uideamus.
2015 1976 2329 2055 qusuuodo
2382 1996 2450 2038 ex
2501 1977 2620 2041 bac

317 2086 518 2148 forma
583 2082 858 2146 uniuersi
925 2080 1333 2155 tabernaculi,
1403 2100 1588 2161 quam
1668 2081 1836 2143 sicut
1915 2082 2091 2162 potui
2168 2088 2309 2145 ante
2388 2084 2606 2146 oculos

234 2207 279 2245 ¹5
320 2190 666 2256 conlocaui.
736 2187 1078 2251 difficultas
1138 2186 1249 2250 illa
1317 2188 1603 2249 soluatur
1661 2187 1734 2249 de
1794 2188 2140 2268 capillaciis
2199 2189 2382 2253 uelis.
2454 2209 2611 2269 quae

319 2300 584 2362 fortasse
661 2296 798 2359 ideo
872 2299 1003 2357 erat
1077 2294 1447 2367 abstrusior.
1529 2294 1676 2375 quia
1752 2314 1860 2375 per
1937 2294 2453 2376 anticipationem
2539 2297 2601 2359 ib

321 2404 558 2486 aliquid
632 2403 870 2466 dictum
947 2406 1063 2476 est.
1142 2400 1308 2481 quod
1383 2401 1716 2482 proficeret
1788 2401 1980 2482 operi.
2059 2401 2131 2463 de
2201 2421 2323 2481 quo
2391 2408 2615 2483 postea

318 2513 526 2574 fuerat
596 2511 946 2582 locuturus.
1025 2528 1164 2571 eum
1235 2507 1461 2571 atrium
1530 2509 1936 2571 tabernaculo
2005 2508 2601 2589 circumponendum

322 2617 718 2681 describeret.
769 2634 931 2678 nunc
979 2615 1192 2695 itaque
1242 2615 1434 2677 uerba
1480 2617 1617 2696 ipsa
1665 2614 2018 2678 uideamus.
2071 2621 2141 2677 et
2199 2615 2615 2698 subponesi

232 2744 283 2781 20
320 2725 546 2807 inquit,
599 2722 790 2804 quod
842 2721 1236 2804 superabit
1299 2722 1367 2784 iu
1419 2722 1614 2784 uelis
1664 2722 2171 2786 tabernaculi:
2225 2721 2619 2785 dimidium

323 2831 475 2894 ueli
526 2830 719 2911 quod
770 2829 1168 2910 superabit
1218 2828 1613 2909 subteges,
1667 2829 1861 2908 quod
1910 2830 2240 2892 abundat
2292 2832 2357 2892 iu
2420 2831 2619 2893 uelis

323 2936 793 3001 tabernaculi
863 2936 1224 3017 subteges
1292 2943 1466 3016 post
1533 2937 2137 3000 tabernaculum.
2208 2938 2323 3000 hoc
2387 2942 2618 3006 totum.

322 3044 489 3125 qnod
545 3044 784 3106 dictum
846 3049 962 3106 est.
1023 3062 1220 3104 uuum
1281 3061 1548 3104 sensum
1608 3042 1795 3105 habet
1854 3043 1999 3122 quia
2069 3043 2436 3118 „dimidium
2497 3045 2618 3107 ueli

323 3150 488 3232 quod
564 3151 978 3230 superauerit.
1055 3150 1174 3212 hoc
1251 3152 1348 3212 est
1426 3149 1490 3211 id
1566 3149 1734 3230 quod
1812 3149 2229 3214 abundauerit
2305 3151 2379 3214 de
2456 3152 2620 3214 uelis

233 3277 283 3314 ιτ»
321 3257 729 3320 tabernaculi.
800 3255 1264 3339 subtegendum
1334 3259 1433 3319 est
1495 3260 1644 3336 post
1700 3256 2238 3322 tabernaculum·
2306 3258 2620 3338 quomodo

323 3382 468 3447 ergo
525 3367 800 3444 superet,
856 3363 920 3425 id
979 3368 1074 3425 est
1133 3363 1409 3425 abundet
1459 3368 1522 3425 et
1569 3366 1765 3425 restet
1814 3363 2147 3426 dimidium
2196 3364 2343 3428 ueli.
2396 3385 2464 3427 ex
2512 3364 2623 3426 illa

325 3472 480 3534 serie
536 3489 910 3534 conexorum
970 3471 1257 3532 uelorum
1308 3473 1561 3551 oportet
1609 3470 1943 3551 inquirere.
1996 3471 2291 3551 quoniam
2345 3471 2621 3553 quinque

322 3577 384 3639 in
451 3597 517 3641 se
584 3583 646 3640 et
715 3596 819 3639 sex
887 3577 944 3639 in
1019 3595 1084 3639 se
1153 3576 1394 3639 conecti
1464 3577 1688 3651 uoluit,
1760 3576 1928 3640 sicut
1996 3577 2285 3659 superius
2353 3578 2619 3658 loquens

499 3833 531 3885 6
570 3831 659 3884 Ex.
700 3835 786 3896 ⁶27,
831 3837 892 3886 13
1010 3837 1073 3886 19
1113 3835 1206 3888 Ex.
1248 3837 1333 3898 26,
1379 3837 1441 3888 12
1556 3838 1623 3888 28
1664 3839 1729 3889 cs.
1774 3837 1863 3889 Ex.
1906 3838 1991 3893 ⁴2⁴3.
2033 3845 2081 3889 ὅ.
2123 3840 2173 3892 9.
2219 3839 2281 3890 lo

398 3973 420 4024 1
466 3972 809 4026 altitudinem
850 3976 1072 4043 scripsi:
1111 3976 1457 4028 latitudinem
1500 3977 1632 4030 libri
1704 3979 1736 4029 ⁶2
1777 3985 1879 4046 que
1917 3977 1963 4030 C
2032 3979 2063 4030 3
2104 3978 2313 4031 addidit
2352 3979 2401 4029 Γ
2469 3982 2502 4030 ὃ
2535 3996 2620 4030 ex-

326 4062 557 4130 terioris]
597 4065 912 4116 extenturus
951 4064 1089 4116 PlV
1191 4066 1224 4118 8
1266 4067 1348 4133 ex}
1386 4068 1428 4118 ἅ·
1471 4065 1514 4118 S
1620 4070 1650 4117 9
1687 4066 2033 4119 latitudinem
2064 4067 2350 4119 [¹51⁷de
2494 4069 2620 4120 alti-

325 4149 566 4202 tudinem
607 4151 893 4204 1²81)de
1042 4153 1105 4205 10
1157 4157 1213 4205 et
1258 4161 1522 4205 rectorum
1564 4154 1668 4206 SV
1808 4154 2043 4207 latitudo
2089 4158 2134 4208 ζ’
2281 4158 2336 4208 11
2386 4156 2527 4224 quod
2578 4157 2626 4207 V

328 4238 392 4291 12
430 4243 513 4291 est
549 4257 649 4295 om.
691 4240 840 4293 PSV
956 4244 1018 4294 15
1057 4242 1178 4294 illas
1216 4245 1259 4294 (-v
1361 4244 1424 4295 16
1464 4244 1918 4312 antecipationem
1956 4249 1999 4297 ('
2102 4247 2162 4297 17
2205 4231 2492 4314 profecerit
2519 4245 2626 4298 SV

326 4327 392 4380 20
431 4333 501 4395 (et
538 4331 629 4396 21)
669 4330 949 4398 superabit
985 4331 1184 4398 scripsi
1220 4348 1336 4384 cum
1378 4331 1476 4384 bd.-
1528 4334 1803 4400 superauit
1845 4333 1999 4387 codd.
2149 4335 2215 4386 22
2256 4332 2617 4387 tabernaculis

324 4417 520 4471 P¹Sr¹
629 4421 696 4472 :34
738 4420 812 4488 id]
853 4420 921 4473 ad
967 4423 1010 4473 C
1119 4421 1186 4473 28
1227 4421 1469 4490 loquitur
1515 4421 1789 4474 CPSTV¹
