3076 4976
501 467 629 530 (524
1204 462 1257 515 S.
1317 462 1588 515 Aureli
1648 460 2091 529 Augustini

500 658 943 739 accipiter?
1003 657 1170 721 sicut
1214 657 1276 720 in
1329 657 1640 738 sapientia
1688 656 1811 734 dei,
1863 675 2021 737 quae
2072 659 2172 719 est
2220 655 2537 732 ChristuS,
2588 674 2784 721 nouus

497 765 685 829 homo
736 764 1043 848 paulatim
1091 764 1454 845 innonatur,
1495 762 2045 827 conuersationem
2097 763 2433 827 habiturus
2481 763 2544 826 in
2598 763 2787 826 caele·

498 872 725 936 stibus.
806 871 1185 954 expansis
1260 871 1544 953 pennis
1620 870 2079 944 inmobilis,
2152 869 2618 951 respiciens
2704 869 2789 932 ad

498 982 909 1042 austrum?
977 978 1303 1059 explicatis
1373 978 1448 1041 ab
1517 977 1687 1041 omni
1745 977 2172 1060 inpedimento
2230 977 2539 1041 saeculari
2594 977 2784 1040 uirtu—

494 1085 669 1149 tibus
717 1085 1006 1168 geminae
1056 1085 1413 1149 dilectionis
1462 1104 1836 1168 permanens
1883 1085 2304 1149 inconcussus
2352 1082 2416 1147 in
2465 1082 2620 1157 fide3
2670 1103 2788 1148 non
2844 1101 2867 1140 a

494 1195 705 1255 tamen
772 1192 835 1255 in
901 1193 1019 1256 hoc
1084 1192 1223 1274 ipso
1293 1192 1367 1256 de
1426 1212 1493 1255 se
1551 1193 1691 1273 ipso
1748 1210 2181 1274 praesumens,
2242 1190 2353 1254 sed
2414 1209 2673 1272 sperans
2729 1191 2789 1254 in

496 1297 684 1361 deum
744 1303 808 1362 et
862 1298 925 1361 in
983 1299 1166 1362 illum
1224 1317 1530 1363 reuocans
1578 1298 2014 1374 intentionem,
2065 1317 2100 1361 a
2148 1317 2271 1379 quo
2319 1296 2459 1379 ipse
2506 1298 2790 1362 caritatis

494 1404 676 1469 ardor
737 1405 1102 1487 inspiratur,
1168 1408 1240 1468 ut
1302 1405 1737 1469 fortitudInem
1807 1423 1986 1468 suam
2055 1404 2133 1468 ad
2193 1404 2406 1486 ipsum
2473 1404 2791 1468 custodiat

494 1511 743 1575 dicens:
791 1531 1050 1575 nonne
1101 1512 1241 1575 deo
1293 1511 1675 1576 subiecta
1722 1512 1880 1574 erit
1928 1511 2190 1574 anima
2226 1515 2439 1575 mea?
2481 1510 2571 1574 ab
2610 1513 2786 1594 ipso

494 1617 692 1680 enim
755 1619 1119 1682 salutare
1179 1637 1465 1692 meum;
1526 1616 1822 1680 etenim
1879 1617 2056 1699 ipse
2115 1620 2241 1680 est
2298 1616 2493 1680 deus
2561 1635 2868 1680 mensu>

493 1726 571 1787 et
627 1723 1022 1787 salutaris
1082 1743 1337 1800 meuS,
1397 1727 1835 1804 susceptor
1890 1743 2141 1799 meus;
2200 1742 2345 1787 non
2405 1723 2788 1787 monebor

494 1831 863 1912 amplius.
923 1849 1009 1895 ac
1064 1834 1197 1894 tuo
1255 1834 1693 1913 praecepto
1754 1830 2163 1894 exaltatur
2222 1829 2549 1911 aquila?
2619 1829 2787 1893 sicut

492 1936 628 2001 eius
685 1939 1044 2019 praeceptO,
1114 1937 1217 2018 qui
1287 1937 1407 2000 ait:
1477 1956 1649 2000 cum
1717 1936 2132 2000 exaltatus
2195 1937 2456 2014 fuero,
2526 1936 2784 2000 omnia

489 2043 800 2106 traham
860 2043 950 2107 ad
1006 2062 1140 2110 me.
1190 2063 1300 2125 pro
1351 2043 1532 2108 nobis
1584 2043 1749 2106 enim
1798 2043 2145 2106 moriturus
2194 2045 2259 2106 et
2307 2061 2532 2123 corpus
2581 2061 2782 2105 resur-

488 2151 764 2214 rectione
801 2152 1132 2214 leuaturus
1169 2151 1231 2214 in
1284 2151 1553 2225 caelum,
1604 2149 1740 2213 ubi
1787 2150 2077 2224 fuerit,
2125 2149 2352 2232 inquit,
2404 2148 2779 2222 cadauer,
2817 2169 2865 2208 ιε»

487 2258 693 2322 illuc
783 2257 1506 2342 congregabuntur
1580 2261 1658 2320 et
1732 2256 2077 2338 aquilae.
2156 2255 2417 2319 satia-uit
2491 2255 2657 2319 enim
2719 2254 2779 2316 in

486 2365 670 2429 bonis
712 2364 1093 2428 caelestibus
1135 2364 1520 2428 desiderium
1561 2364 1720 2439 eius,
1763 2363 1946 2426 cuius
1985 2363 2288 2426 iuuentus
2328 2361 2497 2425 sicut
2535 2361 2779 2443 aquilae

485 2471 913 2537 renouabitur.
971 2474 1187 2553 potest
1242 2473 1307 2536 et
1353 2470 1647 2535 exaltatio
1698 2469 1945 2551 aquilae
1995 2468 2074 2533 ad
2118 2468 2184 2532 id
2229 2468 2563 2551 pertinere,
2616 2467 2779 2550 quod

487 2578 576 2642 ait
640 2580 1003 2661 apostolus:
1072 2579 1247 2642 siue
1314 2579 1516 2642 enim
1583 2579 1847 2641 mente
1907 2576 2433 2652 excessimus,
2498 2576 2658 2652 deo,
2707 2580 2780 2639 ut

485 2705 730 2762 uersus,
790 2685 898 2767 qui
955 2686 1244 2767 sequitur
1299 2685 1374 2749 de
1432 2685 1709 2760 uulture,
1769 2683 1846 2747 ad
1892 2684 1958 2747 id
2004 2683 2322 2766 pertineat
2371 2682 2540 2764 quod
2588 2683 2774 2746 etiam
2810 2704 2861 2744 20

483 2792 568 2856 ibi
621 2792 938 2873 sequitur3
999 2792 1175 2855 siue
1221 2794 1776 2874 temperantes
1827 2808 2138 2866 sumuS,
2188 2789 2442 2853 uobis.
2493 2788 2779 2870 sequitur

485 2898 689 2962 enim:
775 2902 913 2962 aut
1003 2899 1291 2962 uultur
1383 2918 1628 2980 super
1721 2898 1994 2961 nidum
2079 2916 2307 2961 suum
2390 2897 2465 2959 in
2550 2898 2777 2978 petra

485 3005 773 3069 sedens
841 3004 1336 3069 morabitur?
1404 3005 1553 3086 quia
1610 3024 1680 3068 ex
1748 3004 1977 3068 affectu
2046 3004 2286 3068 dictum
2342 3003 2603 3066 uidetur
2655 3021 2773 3066 non

484 3112 786 3176 sublimia
842 3111 1308 3193 contemplandi
1364 3113 1598 3176 mentis
1656 3130 1938 3185 excessa,
1999 3111 2112 3175 sed
2165 3109 2571 3173 inferioribus
2635 3126 2821 3187 con-=

482 3217 731 3282 sulendi
785 3238 898 3299 per
952 3219 1453 3300 temperantiam,
1514 3237 1639 3300 qua
1684 3217 1979 3295 humanis
2028 3217 2217 3280 rebus
2267 3216 2655 3299 congruitur,
2702 3217 2775 3276 ut
2808 3236 2859 3275 ει

480 3324 634 3405 inpii
684 3324 793 3406 qui
840 3344 950 3408 pro
998 3326 1268 3389 mortuis
1317 3325 1630 3389 habentur
1675 3323 2008 3388 iustificati
2045 3343 2154 3407 per
2190 3323 2478 3398 uerbum,
2519 3322 2637 3386 hoc
2678 3324 2775 3384 est

480 3431 661 3513 quasi
719 3450 823 3496 ore
881 3431 1164 3495 deuorati
1223 3434 1674 3494 conuertentur
1737 3431 1799 3494 in
1867 3450 2093 3512 corpus
2162 3429 2486 3494 ecclesiae.
2554 3428 2774 3491 uultur

481 3538 647 3601 enim
694 3537 770 3600 de
825 3538 1095 3601 mortuis
1153 3539 1466 3619 pascitur;
1527 3541 1592 3602 et
1646 3538 1820 3601 ideo:
1880 3555 2121 3618 super
2175 3534 2447 3599 nidum
2508 3552 2769 3607 suum,

478 3644 586 3707 nbi
649 3647 977 3725 tamquam
1041 3646 1209 3708 fetus
1275 3646 1459 3726 ponit
1514 3663 1702 3726 opera
1757 3643 1907 3707 huic
1963 3643 2135 3706 uitae
2193 3640 2568 3705 necessaria.
2626 3638 2768 3702 ideo

655 3836 688 3888 2
729 3834 795 3891 cf.
834 3834 974 3888 Phil.
1015 3836 1067 3896 3,
1105 3836 1175 3889 20
1248 3836 1281 3889 3
1320 3835 1417 3888 lob
1457 3834 1543 3900 39,
1584 3836 1651 3889 26
1742 3834 1775 3886 8
1815 3832 1880 3888 cf.
1914 3833 2009 3887 Ps.
2049 3833 2134 3896 58,
2178 3833 2243 3886 10
2333 3833 2366 3884 9
2404 3830 2492 3883 Ps.
2532 3831 2617 3893 61,
2657 3829 2706 3884 2.
2735 3830 2768 3882 3

478 3925 544 3978 12
581 3924 677 3978 Iob
717 3926 804 3988 39,
845 3925 910 3978 27
1026 3926 1090 3978 13
1129 3924 1243 3977 Ioh.
1288 3926 1371 3985 12,
1415 3923 1481 3978 32
1598 3925 1660 3977 15
1698 3923 1894 3975 Matth.
1934 3924 2019 3986 24,
2058 3921 2128 3975 28
2238 3921 2303 3974 17
2344 3919 2410 3973 οἱ.
2447 3920 2536 3972 Ps.
2577 3917 2694 3975 102.
2735 3920 2766 3972 5

479 4015 543 4067 19
581 4013 635 4067 11
674 4013 794 4068 Cor.
833 4015 883 4077 5,
926 4014 1006 4066 13.
1050 4016 1116 4068 14
1227 4013 1294 4066 22
1331 4013 1428 4066 101)
1468 4015 1555 4075 39,
1595 4013 1661 4065 27

552 4119 575 4171 1
619 4118 885 4188 ancipiter
927 4117 975 4171 0
1078 4119 1110 4171 2
1147 4118 1377 4170 innonat
1413 4118 1443 4170 b
1555 4118 1587 4171 3
1627 4120 1683 4169 et
1718 4115 2009 4185 respiciens
2054 4112 2157 4167 TC
2261 4113 2326 4166 12
2365 4112 2692 4166 exaltabitur
2724 4111 2772 4165 C

475 4209 541 4260 16
581 4207 693 4261 illic
731 4207 762 4260 b
841 4209 902 4260 17
942 4207 1085 4261 sicut
1124 4207 1335 4276 aquilae
1372 4206 1627 4259 iuuentus
1668 4204 1705 4257 d
1810 4204 2066 4257 iuuentus
2104 4219 2205 4255 om.
2244 4201 2276 4254 b
2361 4201 2431 4255 20
2469 4201 2563 4269 qui
2600 4200 2764 4254 etiam

471 4296 549 4350 ibi
589 4296 663 4351 bd
769 4298 833 4350 21
879 4296 1042 4349 simus
1079 4296 1133 4349 P
1238 4295 1503 4364 sequitur]
1543 4296 1684 4347 sicut
1721 4293 1751 4346 b
1845 4293 1913 4345 22
1953 4293 2068 4361 aut]
2120 4295 2173 4344 et
2210 4290 2354 4344 Hier
2443 4291 2512 4344 23
2548 4287 2764 4358 sedens]

472 4384 605 4440 fides
645 4387 675 4440 b
786 4387 853 4440 25
894 4383 1227 4455 congruitur]
1268 4388 1533 4452 coguntur
1576 4381 1621 4436 G
1727 4382 1796 4435 26
1832 4380 2113 4434 iustificari
2151 4379 2181 4432 b
