3076 4976
634 486 1112 552 Quaestionum
1152 487 1263 542 lib.
1305 488 1349 540 V
1390 486 1679 553 (Quaest.
1721 488 1796 543 dc
1836 491 2396 555 Deuteronomio).
2526 494 2656 556 3⁶73

372 684 783 750 numerabilia
811 684 948 748 eius
977 684 1171 749 modi.
1213 703 1287 748 an
1327 684 1469 749 ideo
1510 684 1754 749 dictum
1796 690 1896 750 est
1941 687 2357 764 „sub<ter>
2387 689 2668 764 terra“,

373 791 540 874 quod
587 795 774 855 terra.
823 790 948 854 nisi
999 791 1285 872 superior
1330 792 1513 874 aquis
1554 795 1744 868 esset,
1783 792 2054 857 habitari
2092 794 2318 876 utique
2356 794 2432 858 ab
2471 794 2674 858 homi-

371 898 557 962 nibus
608 901 671 961 et
720 897 1014 961 animalia
1061 901 1305 962 terrena
1353 898 1582 962 habere
1630 918 1750 963 non
1797 899 2066 981 posset?

462 1004 572 1069 VI.
640 1005 732 1068 Et
792 1023 881 1068 ne
941 1004 1413 1087 suspiciens
1462 1005 1537 1068 in
1588 1006 1902 1069 caelum
1952 1008 2030 1070 et
2077 1006 2366 1071 uidens
2417 1007 2667 1071 solem

310 1132 335 1171 ⁵
392 1115 510 1183 <et
573 1112 882 1184 lunam>
976 1114 1053 1175 et
1131 1110 1426 1176 stellas
1494 1114 1573 1175 et
1639 1131 1938 1177 omnem
2016 1115 2382 1177 ornatum
2460 1114 2669 1177 caeli

377 1237 650 1283 errans
701 1218 988 1283 adores
1038 1238 1123 1282 ea
1180 1222 1256 1282 et
1314 1219 1635 1283 seruias
1689 1219 1908 1295 illis,
1969 1238 2168 1302 quae
2227 1202 2670 1283 distribuit

377 1325 749 1390 dominus
800 1324 992 1389 deus
1041 1328 1233 1389 tuus
1276 1344 1359 1389 ea
1402 1326 1771 1390 omnibus
1812 1326 2203 1410 gentibus
2243 1345 2444 1409 quae
2484 1328 2672 1390 sunt

376 1431 520 1495 sub
579 1432 827 1495 caelo.
908 1450 1028 1495 non
1079 1431 1167 1495 ita
1216 1432 1456 1495 dictum
1515 1435 1634 1507 est,
1692 1435 2013 1514 tamquam
2073 1431 2228 1495 deus
2285 1430 2674 1514 praeceperit

377 1557 447 1602 ea
506 1538 630 1602 coli
687 1557 720 1600 a
778 1537 1096 1621 gentibus,
1156 1559 1189 1602 a
1247 1538 1382 1602 solo
1443 1542 1660 1602 autem
1717 1540 1953 1622 populo
2012 1557 2127 1602 suo
2176 1557 2298 1601 non
2348 1538 2501 1613 coli3
2561 1537 2672 1602 sed

286 1665 337 1703 ιο
377 1647 487 1707 aut
531 1644 621 1708 ita
669 1643 910 1707 dictum
962 1649 1079 1721 est,
1121 1644 1292 1727 quod
1338 1644 1493 1709 deus
1543 1645 1910 1727 praescierit
1957 1644 2164 1728 gentis
2213 1645 2525 1709 culturam
2575 1663 2672 1708 ex·

377 1751 688 1815 hibituras
737 1751 836 1816 his
887 1752 1268 1816 caelestibus
1317 1755 1380 1815 et
1426 1756 1636 1816 tamen
1677 1752 1798 1816 hoc
1836 1752 2195 1834 praesciens
2235 1752 2542 1815 creauerit
2580 1769 2673 1826 ea,

379 1877 523 1922 eum
570 1877 721 1922 uero
770 1858 1079 1941 populum
1131 1878 1319 1923 suum
1370 1860 1659 1923 futurum
1711 1878 1850 1923 esse
1897 1857 2329 1942 praesciuerit,
2388 1857 2494 1939 qui
2549 1857 2674 1921 ista

380 1983 499 2029 uon
561 1966 831 2039 cole1·et;
902 1968 1013 2029 aut
1075 1965 1592 2041 „distribuit“
1656 1965 1897 2030 dictum
1957 1969 2073 2042 est,
2131 1967 2206 2028 ut
2269 1964 2676 2047 intellegatur

380 2091 558 2149 usus,
619 2072 726 2153 qui
787 2072 1266 2136 commendatur
1320 2073 1383 2135 in
1444 2072 1713 2137 Genesi:
1780 2076 1868 2137 ut
1923 2072 2090 2136 sint
2143 2071 2217 2135 in
2277 2070 2538 2154 signis
2597 2074 2674 2134 et

288 2198 341 2237 ιε»
380 2178 454 2242 in
505 2178 1012 2260 temporibus
1063 2179 1259 2243 etin
1311 2179 1601 2243 diebus
1660 2182 1737 2242 et
1792 2178 1866 2242 in
1926 2178 2187 2251 annis,
2246 2195 2434 2259 quem
2483 2196 2670 2240 usum

378 2285 441 2348 in
491 2285 581 2349 eis
633 2304 1033 2349 communem
1079 2284 1272 2349 habet
1317 2285 1594 2369 populus
1643 2285 1745 2350 dei
1793 2303 1938 2348 cum
1997 2284 2291 2349 omnibus
2351 2282 2672 2367 gentibuS,

381 2411 499 2456 non
550 2394 765 2456 autem
815 2393 1060 2456 cultum
1111 2412 1298 2474 quem
1348 2392 1586 2456 habent
1632 2392 1792 2456 aliae
1840 2394 2081 2475 gentes
2429 2378 2432 2381 “

469 2499 610 2563 VII.
677 2499 787 2564 Ne
856 2499 1482 2565 obliuiscamini
1545 2503 2126 2563 testamentum
2185 2496 2487 2563 domini
2545 2496 2670 2560 dei

381 2606 666 2682 uestri,
715 2605 924 2688 quod
964 2606 1383 2689 disposuit
1422 2606 1514 2669 ad
1552 2624 1716 2682 u08,
1758 2609 1834 2669 et
1870 2605 2211 2670 faciatis
2261 2603 2672 2669 nobismet

293 2733 347 2772 20
387 2712 597 2794 ipsis
648 2712 1130 2794 sculptilem
1181 2711 1822 2776 similitudinem
1871 2712 2215 2776 omnium
2257 2728 2672 2794 quaecum-

382 2839 527 2901 que
596 2818 1053 2884 constituit
1117 2819 1276 2883 tibi
1343 2818 1713 2884 dominus
1782 2818 1975 2883 deus
2041 2823 2254 2884 tuus.
2341 2817 2444 2880 hic
2502 2820 2669 2881 certe

382 2927 760 3009 generaliter
833 2926 1098 3007 loquens
1174 2925 1657 2990 similitudinem
1733 2925 1976 3008 posuit,
2042 2924 2382 3009 imaginem
2448 2923 2672 2999 tacuit,

382 3034 699 3116 quoniam,
769 3034 821 3097 si
890 3033 1065 3097 nulla
1128 3033 1202 3096 fit
1267 3032 1642 3109 similitudo,
1711 3031 1992 3113 profecto
2058 3050 2172 3096 nec
2236 3031 2470 3114 imag0,
2527 3030 2674 3111 quia

379 3140 489 3204 ubi
538 3140 771 3224 imago,
822 3140 1116 3204 continuo
1166 3138 1541 3212 similitudo,
1601 3137 1894 3220 quamuis
1954 3156 2073 3201 non
2131 3137 2243 3201 ubi
2300 3135 2656 3201 similitudo

290 3265 342 3305 2⁵
383 3247 678 3310 continuo
728 3246 955 3330 imagO.

470 3351 644 3417 VIII.
730 3352 1170 3432 Quaerendum
1248 3351 1565 3435 quomodo
1642 3351 1884 3415 dictum
1960 3348 2079 3414 sit:
2162 3350 2672 3432 interrogate

383 3458 557 3522 dies
635 3458 953 3540 priores
1031 3459 1167 3541 qui
1242 3458 1578 3522 fuerunt
1650 3457 1968 3539 priores
2036 3459 2113 3519 te
2181 3475 2264 3520 ex
2331 3455 2454 3519 die
2522 3472 2674 3535 qua

384 3564 705 3629 creauit
763 3564 959 3629 deus
1025 3565 1425 3629 hominem
1492 3583 1737 3647 super
1791 3566 2087 3627 terram
2143 3565 2222 3626 et
2277 3582 2313 3627 a
2369 3580 2671 3626 summo

384 3670 592 3735 caeli
640 3691 897 3754 usque
946 3672 1039 3736 ad
1086 3691 1474 3736 summum
1524 3670 1769 3748 caeli3
1820 3667 2199 3735 subauditur
2237 3669 2402 3733 enim
2450 3667 2673 3744 „inter-

561 3859 598 3910 4
630 3860 793 3913 Deut.
832 3858 884 3918 4,
928 3857 991 3910 19
1114 3858 1180 3910 14
1219 3856 1350 3912 Gen.
1395 3859 1441 3923 1,
1485 3859 1550 3913 14
1677 3858 1741 3910 17
1781 3856 1846 3911 cf.
1887 3857 2049 3915 Hebr.
2094 3860 2175 3921 11,
2215 3860 2283 3911 25
2407 3858 2470 3912 18
2509 3859 2670 3912 Dent.

379 3948 431 4010 4,
472 3948 539 4001 23
649 3948 717 4002 26
755 3947 919 4000 Deut.
959 3947 1011 4008 4,
1049 3945 1117 3999 32

456 4053 479 4106 1
521 4051 832 4106 huiusmodi
880 4052 929 4105 Τ
1052 4052 1240 4106 subter
1275 4052 1501 4122 scripsi:
1537 4053 1636 4106 sub
1678 4051 1810 4106 libri
1934 4056 2084 4107 terra
2119 4053 2279 4108 PSU
2383 4055 2415 4107 2
2451 4052 2668 4106 habita-

380 4142 486 4195 turi
515 4142 669 4195 P¹U¹
753 4144 789 4195 ὃ
825 4139 881 4195 et
910 4142 1092 4196 lunam
1122 4141 1324 4195 addidi
1351 4159 1472 4196 eum
1501 4141 1602 4196 bd.-
1629 4158 1733 4196 om.
1763 4141 1920 4196 codd.
2005 4159 2160 4196 omne
2188 4142 2306 4197 PU
2371 4145 2403 4197 6
2436 4159 2586 4195 erran
2615 4140 2675 4195 N

378 4231 582 4284 seruies
618 4230 800 4285 NVU
940 4230 1066 4299 quia
1102 4229 1169 4283 N
1272 4231 1301 4283 7
1343 4247 1406 4284 ea
1443 4247 1561 4299 erp.
1610 4231 1660 4284 T
1780 4230 1813 4285 8
1853 4234 1939 4284 est
1974 4227 2076 4284 om.
2116 4230 2182 4284 N
2320 4230 2453 4284 deus
2489 4246 2592 4285 om.
2633 4225 2679 4284 S

386 4319 445 4372 11
489 4336 577 4372 eas
616 4318 722 4373 SN
725 4319 778 4374 U
785 4319 835 4373 T
942 4319 1006 4372 12
1046 4335 1111 4373 eu
1153 4318 1216 4371 N
1352 4319 1634 4388 prescierit
1661 4318 1726 4372 N
1832 4320 1895 4372 13
1934 4315 2288 4389 intellegatur
2325 4321 2474 4390 usus]
2512 4317 2673 4372 intel-

379 4408 656 4476 legaturus
695 4408 760 4462 N
902 4410 966 4461 19
1004 4424 1101 4462 sec.
1143 4408 1259 4462 cod.
1298 4408 1456 4462 Alex.
1605 4409 1674 4461 20
1712 4407 1998 4477 scuptilem
2035 4408 2102 4461 N
2251 4409 2320 4462 26
2360 4424 2556 4478 quomo
2603 4407 2674 4460 V¹
