3076 4976
571 490 1048 556 Quaestionum
1087 491 1198 546 lib.
1238 492 1284 544 V
1325 491 1618 558 (Quaest.
1659 494 1732 547 de
1772 495 2335 564 Deuteronomio).
2467 503 2598 567 399

311 693 434 764 est3
466 689 584 752 hoc
616 691 828 751 autem
861 688 1072 769 potius
1103 689 1456 773 malignum
1488 688 1652 754 solet
1679 689 2075 772 interpretari
2108 712 2296 774 quam
2335 696 2598 762 malum.

308 815 423 859 nec
480 795 597 860 ait:
653 795 719 857 τὸ
775 798 1052 878 πονηρὸν,
1111 795 1174 859 id
1224 800 1323 860 est
1376 796 1496 861 hoc
1552 797 1933 879 malignum:
1993 798 2105 862 sed
2160 802 2259 863 τὸν
2314 806 2596 886 πονηρόν,

309 903 475 984 quod
504 908 603 968 est
632 904 796 967 hunc
826 903 1199 986 malignum.
1232 922 1303 967 ex
1333 922 1456 986 quo
1488 903 1748 985 adparet
1777 923 1922 968 eum
1961 906 2246 970 uoluisse
2285 907 2595 992 intellegi,

310 1010 413 1092 qui
482 1010 723 1091 aliquid
777 1012 905 1074 tale
963 1010 1305 1085 commisit,
1364 1014 1437 1074 ut
1492 1012 2141 1075 excommunicatione
2199 1012 2286 1076 sit
2341 1013 2596 1098 dignus,

240 1134 266 1171 ⁵
306 1117 424 1182 hoc
472 1118 640 1182 enim
686 1136 852 1181 nunc
899 1117 1032 1200 agit
1075 1118 1138 1180 in
1190 1118 1459 1181 ecclesia
1507 1118 2095 1195 excommunicatio,
2154 1120 2320 1201 quod
2368 1121 2598 1205 agebat

306 1228 456 1300 tunc
520 1224 895 1289 interfectio.
963 1224 1256 1307 quamuis
1316 1226 1380 1287 et
1434 1225 1619 1288 aliter
1670 1224 1833 1288 illud
1900 1226 2322 1308 apostolicum
2389 1228 2597 1308 possit

305 1331 609 1414 intellegi,
676 1334 750 1395 ut
815 1331 1255 1412 unusquisque
1322 1332 1558 1395 malum
1628 1329 1733 1395 uel
1789 1332 2140 1415 malignum
2201 1351 2270 1395 ex
2330 1352 2396 1397 se
2452 1333 2593 1415 ipso

307 1437 393 1501 sit
418 1437 634 1501 iussus
670 1438 935 1502 auferre.
971 1438 1080 1519 qui
1120 1456 1344 1502 sensus
1384 1437 1835 1520 acceptabilior
1872 1442 2060 1514 esset,
2103 1439 2314 1504 sisshoc
2353 1440 2590 1504 malum

307 1544 408 1607 uel
482 1544 602 1608 hoc
677 1544 1048 1627 malignum,
1114 1563 1235 1608 non
1303 1547 1515 1608 autem
1583 1543 1753 1608 hunc
1817 1545 2169 1627 malignum
2236 1546 2297 1609 in
2365 1566 2594 1630 graeco

216 1666 266 1704 ιο
305 1650 717 1726 inueniretur3
768 1669 931 1714 nunc
978 1669 1126 1714 uero
1168 1650 1531 1714 credibilius
1573 1654 1674 1715 est
1711 1650 1786 1713 de
1828 1651 2079 1716 homine
2121 1652 2361 1716 dictum
2403 1671 2592 1735 quam

305 1756 380 1820 de
446 1757 626 1822 uitio.
695 1775 1077 1839 quamquam
1136 1757 1345 1840 possit
1407 1757 1730 1840 eleganter
1793 1757 2079 1840 intellegi
2146 1758 2336 1822 etiam
2401 1759 2592 1823 homo

303 1864 543 1927 auferre
564 1884 599 1926 a
621 1883 687 1928 se
705 1864 945 1928 malum
973 1863 1313 1940 hominem,
1343 1862 1878 1945 quemadmodum
1911 1863 2151 1927 dictum
2186 1867 2310 1928 est:
2343 1865 2593 1930 exuite

303 1990 436 2035 uos
474 1976 808 2035 ueterem
847 1971 1241 2048 hominem,
1283 1970 1451 2052 quod
1491 1989 1805 2053 exponens
1846 1971 1965 2034 ait:
2010 1970 2134 2052 qui
2172 1971 2592 2051 furabatur,

301 2079 443 2142 iam
492 2097 629 2142 non
680 2078 996 2144 furetur.

214 2198 264 2238 ¹⁵
390 2184 519 2248 XL.
588 2183 1012 2248 Secundum
1076 2184 1319 2268 legem
1388 2203 1673 2248 omnem
1742 2204 1959 2266 quam
2015 2184 2441 2249 iurauerint
2500 2186 2587 2271 (θ’)

302 2291 520 2355 uobis
570 2292 1006 2356 sacerdotes
1054 2292 1385 2356 Leuitae.
1437 2291 1541 2355 hic
1590 2291 1849 2375 adparet
1895 2310 2147 2356 omnem
2198 2291 2588 2356 sacerdotem

299 2397 588 2461 Leuitam
645 2398 866 2472 fuisse,
917 2399 1211 2481 quamuis
1265 2417 1387 2462 non
1446 2399 1650 2463 omnis
1708 2398 1966 2462 Leuites
2023 2398 2316 2462 sacerdos
2374 2399 2585 2463 fuerit.

388 2505 551 2572 XLI.
628 2505 705 2571 Si
773 2505 1108 2570 debitum
1182 2507 1419 2570 fuerit
1482 2507 1554 2570 in
1620 2506 1951 2590 proximo
2027 2509 2180 2582 tuo,
2250 2506 2586 2570 debitum

301 2612 844 2694 quodcumque,
912 2633 1048 2678 non
1106 2613 1429 2678 intrabis
1486 2614 1557 2678 iu
1617 2613 1908 2678 domum
1968 2613 2131 2677 eius
2190 2613 2589 2696 pignerare

207 2731 263 2771 ²⁰
300 2721 608 2803 pignus:
685 2719 874 2785 foris
950 2720 1215 2794 stabiS,
1284 2721 1357 2783 et
1420 2719 1634 2785 homo
1711 2720 1902 2802 apud
1969 2738 2183 2802 quem
2251 2717 2588 2783 debitum

301 2830 510 2890 tuum
568 2830 685 2891 est
738 2827 1076 2909 proferet
1132 2826 1275 2890 tibi
1331 2827 1605 2910 pignus
1665 2826 1889 2892 foras,
1942 2827 2004 2891 si
2053 2829 2303 2890 autem
2370 2825 2587 2889 homo

301 2937 494 3015 eget,
542 2954 681 3000 non
732 2933 1057 2998 dormies
1104 2933 1177 2997 in
1225 2932 1535 3015 pignore
1585 2932 1776 3006 eius;
1831 2932 2261 2997 redditione
2320 2931 2591 2996 reddes

304 3040 371 3104 ei
418 3040 958 3105 uestimentum
1008 3059 1223 3104 suum
1274 3038 1474 3102 circa
1522 3056 1868 3103 occasum
1919 3039 2109 3103 solis
2153 3042 2225 3103 et
2263 3037 2595 3102 dormiet

301 3147 373 3210 in
423 3148 881 3213 uestimento
933 3167 1064 3211 suo
1116 3150 1189 3210 et
1234 3145 1636 3210 benedicet
1684 3150 1754 3208 te
1804 3149 1879 3210 et
1925 3145 2070 3209 tibi
2120 3147 2266 3210 erit
2302 3145 2591 3209 miseri-

205 3261 262 3301 ²⁵
305 3255 558 3319 cordia
614 3273 856 3319 coram
916 3253 1211 3319 domino
1271 3254 1406 3317 deo
1464 3256 1616 3318 tuo.
1674 3272 1794 3316 non
1849 3252 2142 3318 inmerito
2202 3252 2456 3316 uidetur
2511 3251 2590 3315 ad

303 3380 463 3444 opus
529 3360 998 3426 misericordiae
1079 3359 1411 3441 pertinere,
1486 3362 1560 3422 ut
1632 3377 1752 3422 non
1828 3357 2021 3422 intret
2090 3358 2455 3441 pignerator
2525 3358 2589 3421 in

302 3469 583 3547 domum,
630 3488 707 3533 ne
754 3469 865 3533 fiat
908 3466 1299 3551 perturbatio
1350 3466 1648 3540 debitori;
1699 3465 1808 3529 sed
1858 3484 1929 3528 ex
1975 3465 2094 3529 hoc
2145 3465 2336 3530 etiam
2375 3465 2589 3547 ipsum

485 3679 549 3731 12
585 3677 785 3748 Ephes.
822 3678 873 3741 4,
911 3677 998 3730 22.
1038 3677 1107 3731 28
1220 3676 1285 3729 15
1322 3675 1486 3731 Dent.
1526 3676 1613 3738 24,
1657 3674 1723 3728 10
1760 3673 1837 3744 (s)
1949 3673 2014 3727 18
2053 3674 2216 3729 Dent.
2256 3675 2341 3737 24,
2384 3673 2594 3727 12—15

301 3769 558 3836 (lo-13)
1576 3806 1579 3810 ,

376 3895 400 3947 1
445 3892 650 3961 autem]
692 3892 855 3945 etiam
896 3891 942 3946 S
1055 3892 1088 3944 2
1126 3908 1186 3944 το
1226 3906 1464 3960 poneron
1503 3887 1834 3942 PSNVUT
1983 3885 2448 3955 sed—malignum
2488 3902 2593 3943 om..

298 3983 470 4038 PVT
585 3983 620 4035 4
660 3982 788 4052 quia
824 3980 871 4036 S
975 3982 1007 4035 5
1047 3982 1126 4034 ait
1160 3980 1215 4033 P
1320 3981 1352 4034 6
1393 3983 1449 4032 et
1485 3995 1587 4033 om.
1628 3976 1799 4030 PVT
1907 3977 1935 4028 7
1975 3976 2058 4044 ut]
2097 3979 2153 4028 et
2190 3973 2237 4030 S
2341 3976 2374 4028 9
2411 3990 2591 4026 non—

298 4073 597 4142 malignum
646 4088 746 4125 om.
785 4070 852 4125 N
983 4071 1044 4123 ll
1094 4069 1350 4137 interlegi
1384 4068 1449 4122 N
1584 4068 1648 4121 15
1686 4064 1986 4119 iuiauerint
2029 4081 2144 4119 non
2181 4063 2435 4117 conuenit
2469 4077 2591 4115 sen-

299 4163 535 4227 tentiae3
570 4160 729 4213 haud
764 4158 926 4213 dubie
963 4157 1267 4227 leyendum:
1308 4155 1754 4212 annuntiaucrint
1875 4154 1938 4206 17
1980 4169 2163 4206 omnes
2212 4151 2280 4205 V¹
2393 4152 2458 4205 18
2497 4151 2590 4204 de-

298 4251 474 4305 bitum
494 4267 584 4318 pr.
616 4265 735 4318 exp.
775 4249 826 4301 V
896 4250 962 4301 19
1000 4249 1287 4318 pignorare
1313 4246 1362 4302 S
1391 4248 1678 4316 pignorare
1708 4245 1768 4298 N
1851 4245 1918 4298 20
1956 4241 2101 4313 apud
2140 4259 2300 4312 quem
2336 4242 2499 4295 homo
2546 4241 2600 4294 T

299 4343 365 4397 21
407 4345 563 4393 tuum
600 4341 754 4392 tuum
789 4339 844 4391 P
993 4337 1199 4407 profert
1236 4335 1419 4391 8Νοι
1456 4335 1637 4405 profer
1673 4335 1746 4388 P¹
1856 4334 1925 4387 22
1966 4330 2253 4393 ἀποδώσεις
2293 4332 2350 4383 τὸ
2392 4329 2562 4402 {paim

298 4429 461 4484 αὑτοῦ
501 4429 620 4483 cod.
658 4428 817 4482 Alex.
