<?xml version="1.0" encoding="UTF-8"?>
<!DOCTYPE html PUBLIC "-//W3C//DTD XHTML 1.0 Transitional//EN"
    "http://www.w3.org/TR/xhtml1/DTD/xhtml1-transitional.dtd">
<html xmlns="http://www.w3.org/1999/xhtml" xml:lang="en" lang="en">
 <head>
  <title>
</title>
<meta http-equiv="Content-Type" content="text/html;charset=utf-8" />
  <meta name='ocr-system' content='tesseract 3.04.00' />
  <meta name='ocr-capabilities' content='ocr_page ocr_carea ocr_par ocr_line ocrx_word'/>
</head>
<body>
  <div class='ocr_page' id='page_1' title='image "./corpusscriptoru31wissgoog_0636.png"; bbox 0 0 3076 4976; ppageno 0'>
   <div class='ocr_carea' id='block_1_1' title="bbox 507 470 2084 541">
    <p class='ocr_par' dir='ltr' id='par_1_1' title="bbox 507 470 2084 541">
     <span class='ocr_line' id='line_1_1' title="bbox 507 470 2084 541; baseline -0.008 -7"><span class='ocrx_word' id='word_1_1' title='bbox 507 479 635 541; x_wconf 82' lang='grc'>602</span> <span class='ocrx_word' id='word_1_2' title='bbox 1207 474 1259 526; x_wconf 80' lang='lat' dir='ltr'>S.</span> <span class='ocrx_word' id='word_1_3' title='bbox 1316 472 1593 525; x_wconf 86' lang='lat' dir='ltr'><strong>Aureli</strong></span> <span class='ocrx_word' id='word_1_4' title='bbox 1649 470 2084 540; x_wconf 80' lang='lat' dir='ltr'>Augustini</span> 
     </span>
    </p>
   </div>
   <div class='ocr_carea' id='block_1_2' title="bbox 496 662 2898 3522">
    <p class='ocr_par' dir='ltr' id='par_1_2' title="bbox 496 662 2898 3522">
     <span class='ocr_line' id='line_1_2' title="bbox 498 662 2792 750; baseline -0.003 -17"><span class='ocrx_word' id='word_1_5' title='bbox 498 670 577 733; x_wconf 90' lang='lat' dir='ltr'>ad</span> <span class='ocrx_word' id='word_1_6' title='bbox 624 669 958 734; x_wconf 85' lang='lat' dir='ltr'>seientiam</span> <span class='ocrx_word' id='word_1_7' title='bbox 1006 668 1340 750; x_wconf 80' lang='lat' dir='ltr'><strong>pertinent.</strong></span> <span class='ocrx_word' id='word_1_8' title='bbox 1400 667 1581 749; x_wconf 88' lang='lat' dir='ltr'>quis</span> <span class='ocrx_word' id='word_1_9' title='bbox 1647 665 1930 748; x_wconf 87' lang='lat' dir='ltr'>posuit</span> <span class='ocrx_word' id='word_1_10' title='bbox 1996 664 2658 729; x_wconf 85' lang='lat' dir='ltr'>mensuras·eius</span> <span class='ocrx_word' id='word_1_11' title='bbox 2725 662 2792 725; x_wconf 90' lang='lat' dir='ltr'>si</span> 
     </span>
     <span class='ocr_line' id='line_1_3' title="bbox 496 769 2794 855; baseline -0.004 -14"><span class='ocrx_word' id='word_1_12' title='bbox 496 776 766 841; x_wconf 77' lang='lat' dir='ltr'>nosti?</span> <span class='ocrx_word' id='word_1_13' title='bbox 826 774 1174 839; x_wconf 90' lang='lat' dir='ltr'>secundum</span> <span class='ocrx_word' id='word_1_14' title='bbox 1234 774 1747 838; x_wconf 77' lang='lat' dir='ltr'>distributionem</span> <span class='ocrx_word' id='word_1_15' title='bbox 1805 772 2112 837; x_wconf 90' lang='lat' dir='ltr'>donorum</span> <span class='ocrx_word' id='word_1_16' title='bbox 2169 770 2575 855; x_wconf 79' lang='lat' dir='ltr'>spiritalium.</span> <span class='ocrx_word' id='word_1_17' title='bbox 2632 769 2794 832; x_wconf 89' lang='lat' dir='ltr'>uni·</span> 
     </span>
     <span class='ocr_line' id='line_1_4' title="bbox 500 876 2796 965; baseline -0.003 -18"><span class='ocrx_word' id='word_1_18' title='bbox 500 883 793 965; x_wconf 83' lang='lat' dir='ltr'>cuique</span> <span class='ocrx_word' id='word_1_19' title='bbox 867 882 1033 947; x_wconf 86' lang='lat' dir='ltr'>enim</span> <span class='ocrx_word' id='word_1_20' title='bbox 1111 885 1478 945; x_wconf 87' lang='lat' dir='ltr'>nostrum</span> <span class='ocrx_word' id='word_1_21' title='bbox 1555 881 1741 944; x_wconf 86' lang='lat' dir='ltr'>data</span> <span class='ocrx_word' id='word_1_22' title='bbox 1806 884 1932 943; x_wconf 91' lang='lat' dir='ltr'>est</span> <span class='ocrx_word' id='word_1_23' title='bbox 2006 880 2269 963; x_wconf 86' lang='lat' dir='ltr'>gratia</span> <span class='ocrx_word' id='word_1_24' title='bbox 2346 876 2796 942; x_wconf 89' lang='lat' dir='ltr'>secundum</span> 
     </span>
     <span class='ocr_line' id='line_1_5' title="bbox 498 983 2797 1068; baseline -0.003 -15"><span class='ocrx_word' id='word_1_25' title='bbox 498 1009 949 1053; x_wconf 88' lang='lat' dir='ltr'>mensuram</span> <span class='ocrx_word' id='word_1_26' title='bbox 1000 988 1473 1052; x_wconf 88' lang='lat' dir='ltr'>donationis</span> <span class='ocrx_word' id='word_1_27' title='bbox 1524 987 1861 1053; x_wconf 84' lang='lat' dir='ltr'>Christi.</span> <span class='ocrx_word' id='word_1_28' title='bbox 1909 990 2244 1068; x_wconf 89' lang='lat' dir='ltr'>propter</span> <span class='ocrx_word' id='word_1_29' title='bbox 2292 985 2499 1067; x_wconf 90' lang='lat' dir='ltr'>quod</span> <span class='ocrx_word' id='word_1_30' title='bbox 2547 983 2797 1047; x_wconf 86' lang='lat' dir='ltr'>dicit:</span> 
     </span>
     <span class='ocr_line' id='line_1_6' title="bbox 500 1089 2894 1174; baseline -0.004 -15"><span class='ocrx_word' id='word_1_31' title='bbox 500 1094 949 1159; x_wconf 86' lang='lat' dir='ltr'>ascendens</span> <span class='ocrx_word' id='word_1_32' title='bbox 989 1094 1062 1157; x_wconf 90' lang='lat' dir='ltr'>in</span> <span class='ocrx_word' id='word_1_33' title='bbox 1105 1093 1360 1156; x_wconf 87' lang='lat' dir='ltr'>altum</span> <span class='ocrx_word' id='word_1_34' title='bbox 1401 1093 1872 1174; x_wconf 85' lang='lat' dir='ltr'>captiuauit</span> <span class='ocrx_word' id='word_1_35' title='bbox 1919 1091 2522 1173; x_wconf 81' lang='lat' dir='ltr'>captiuitatem,</span> <span class='ocrx_word' id='word_1_36' title='bbox 2574 1089 2801 1152; x_wconf 80' lang='lat' dir='ltr'>dedit</span> <span class='ocrx_word' id='word_1_37' title='bbox 2866 1110 2894 1149; x_wconf 73' lang='grc' dir='ltr'>ε»</span> 
     </span>
     <span class='ocr_line' id='line_1_7' title="bbox 502 1197 2800 1283; baseline -0.002 -19"><span class='ocrx_word' id='word_1_38' title='bbox 502 1201 702 1265; x_wconf 88' lang='lat' dir='ltr'>dona</span> <span class='ocrx_word' id='word_1_39' title='bbox 757 1200 1250 1272; x_wconf 86' lang='lat' dir='ltr'>hominibus,</span> <span class='ocrx_word' id='word_1_40' title='bbox 1301 1200 1447 1283; x_wconf 85' lang='lat' dir='ltr'>quia</span> <span class='ocrx_word' id='word_1_41' title='bbox 1496 1199 1566 1263; x_wconf 91' lang='lat' dir='ltr'>si</span> <span class='ocrx_word' id='word_1_42' title='bbox 1620 1202 1883 1265; x_wconf 88' lang='lat' dir='ltr'>totum</span> <span class='ocrx_word' id='word_1_43' title='bbox 1943 1216 2235 1281; x_wconf 86' lang='lat' dir='ltr'>corpus</span> <span class='ocrx_word' id='word_1_44' title='bbox 2295 1198 2609 1270; x_wconf 75' lang='lat' dir='ltr'>oculuS,</span> <span class='ocrx_word' id='word_1_45' title='bbox 2658 1197 2800 1260; x_wconf 88' lang='lat' dir='ltr'>ubi</span> 
     </span>
     <span class='ocr_line' id='line_1_8' title="bbox 502 1303 2802 1387; baseline -0.002 -16"><span class='ocrx_word' id='word_1_46' title='bbox 502 1307 887 1372; x_wconf 80' lang='lat' dir='ltr'>auditus?</span> <span class='ocrx_word' id='word_1_47' title='bbox 954 1307 1391 1370; x_wconf 89' lang='lat' dir='ltr'>secundum</span> <span class='ocrx_word' id='word_1_48' title='bbox 1462 1324 1904 1370; x_wconf 87' lang='lat' dir='ltr'>mensuram</span> <span class='ocrx_word' id='word_1_49' title='bbox 1974 1305 2206 1387; x_wconf 81' lang='lat' dir='ltr'>quippe</span> <span class='ocrx_word' id='word_1_50' title='bbox 2271 1303 2802 1368; x_wconf 84' lang='lat' dir='ltr'>uniuscuius-</span> 
     </span>
     <span class='ocr_line' id='line_1_9' title="bbox 503 1411 2801 1497; baseline -0.002 -19"><span class='ocrx_word' id='word_1_51' title='bbox 503 1433 650 1496; x_wconf 85' lang='lat' dir='ltr'>que</span> <span class='ocrx_word' id='word_1_52' title='bbox 707 1414 972 1497; x_wconf 87' lang='lat' dir='ltr'>partis</span> <span class='ocrx_word' id='word_1_53' title='bbox 1029 1413 1621 1477; x_wconf 88' lang='lat' dir='ltr'>incrementum</span> <span class='ocrx_word' id='word_1_54' title='bbox 1678 1413 2051 1495; x_wconf 85' lang='lat' dir='ltr'>corporis</span> <span class='ocrx_word' id='word_1_55' title='bbox 2118 1413 2325 1477; x_wconf 88' lang='lat' dir='ltr'>facit</span> <span class='ocrx_word' id='word_1_56' title='bbox 2380 1412 2453 1475; x_wconf 92' lang='lat' dir='ltr'>in</span> <span class='ocrx_word' id='word_1_57' title='bbox 2512 1411 2801 1475; x_wconf 87' lang='lat' dir='ltr'>aedifi-</span> 
     </span>
     <span class='ocr_line' id='line_1_10' title="bbox 503 1518 2804 1602; baseline -0.002 -18"><span class='ocrx_word' id='word_1_58' title='bbox 503 1521 909 1586; x_wconf 87' lang='lat' dir='ltr'>cationem</span> <span class='ocrx_word' id='word_1_59' title='bbox 958 1521 1086 1584; x_wconf 89' lang='lat' dir='ltr'>sui</span> <span class='ocrx_word' id='word_1_60' title='bbox 1141 1520 1216 1584; x_wconf 91' lang='lat' dir='ltr'>in</span> <span class='ocrx_word' id='word_1_61' title='bbox 1277 1521 1649 1584; x_wconf 84' lang='lat' dir='ltr'>caritate.</span> <span class='ocrx_word' id='word_1_62' title='bbox 1702 1524 1838 1584; x_wconf 84' lang='lat' dir='ltr'>aut</span> <span class='ocrx_word' id='word_1_63' title='bbox 1886 1520 2065 1602; x_wconf 87' lang='lat' dir='ltr'>quis</span> <span class='ocrx_word' id='word_1_64' title='bbox 2116 1519 2426 1600; x_wconf 90' lang='lat' dir='ltr'>estqui</span> <span class='ocrx_word' id='word_1_65' title='bbox 2474 1518 2804 1582; x_wconf 80' lang='lat' dir='ltr'>induxit</span> 
     </span>
     <span class='ocr_line' id='line_1_11' title="bbox 504 1626 2898 1710; baseline -0.003 -20"><span class='ocrx_word' id='word_1_66' title='bbox 504 1647 746 1710; x_wconf 88' lang='lat' dir='ltr'>super</span> <span class='ocrx_word' id='word_1_67' title='bbox 792 1647 951 1691; x_wconf 89' lang='lat' dir='ltr'>eam</span> <span class='ocrx_word' id='word_1_68' title='bbox 1002 1627 1512 1692; x_wconf 76' lang='lat' dir='ltr'>funiculum?</span> <span class='ocrx_word' id='word_1_69' title='bbox 1561 1631 1634 1691; x_wconf 90' lang='lat' dir='ltr'>ut</span> <span class='ocrx_word' id='word_1_70' title='bbox 1681 1646 1817 1691; x_wconf 90' lang='lat' dir='ltr'>eam</span> <span class='ocrx_word' id='word_1_71' title='bbox 1866 1628 2102 1691; x_wconf 86' lang='lat' dir='ltr'>faceret</span> <span class='ocrx_word' id='word_1_72' title='bbox 2146 1626 2563 1690; x_wconf 76' lang='lat' dir='ltr'>hereditatem</span> <span class='ocrx_word' id='word_1_73' title='bbox 2616 1644 2804 1689; x_wconf 88' lang='lat' dir='ltr'>suam</span> <span class='ocrx_word' id='word_1_74' title='bbox 2847 1645 2898 1683; x_wconf 83' lang='lat'>10</span> 
     </span>
     <span class='ocr_line' id='line_1_12' title="bbox 504 1732 2806 1818; baseline -0.001 -21"><span class='ocrx_word' id='word_1_75' title='bbox 504 1734 902 1818; x_wconf 87' lang='lat' dir='ltr'>distinguens</span> <span class='ocrx_word' id='word_1_76' title='bbox 968 1735 1045 1798; x_wconf 89' lang='lat' dir='ltr'>ab</span> <span class='ocrx_word' id='word_1_77' title='bbox 1113 1736 1204 1799; x_wconf 90' lang='lat' dir='ltr'>eis</span> <span class='ocrx_word' id='word_1_78' title='bbox 1271 1736 1504 1816; x_wconf 88' lang='lat' dir='ltr'>quibus</span> <span class='ocrx_word' id='word_1_79' title='bbox 1572 1734 1763 1798; x_wconf 88' lang='lat' dir='ltr'>dicit:</span> <span class='ocrx_word' id='word_1_80' title='bbox 1840 1754 1985 1798; x_wconf 88' lang='lat' dir='ltr'>non</span> <span class='ocrx_word' id='word_1_81' title='bbox 2063 1734 2252 1798; x_wconf 89' lang='lat' dir='ltr'>noui</span> <span class='ocrx_word' id='word_1_82' title='bbox 2327 1752 2489 1798; x_wconf 90' lang='lat' dir='ltr'>uos.</span> <span class='ocrx_word' id='word_1_83' title='bbox 2567 1732 2806 1796; x_wconf 89' lang='lat' dir='ltr'>nouit</span> 
     </span>
     <span class='ocr_line' id='line_1_13' title="bbox 506 1838 2805 1924; baseline -0.001 -20"><span class='ocrx_word' id='word_1_84' title='bbox 506 1842 671 1905; x_wconf 89' lang='lat' dir='ltr'>enim</span> <span class='ocrx_word' id='word_1_85' title='bbox 722 1842 1091 1907; x_wconf 89' lang='lat' dir='ltr'>dominus</span> <span class='ocrx_word' id='word_1_86' title='bbox 1143 1842 1514 1924; x_wconf 89' lang='lat' dir='ltr'>quisunt</span> <span class='ocrx_word' id='word_1_87' title='bbox 1562 1842 1757 1905; x_wconf 74' lang='lat' dir='ltr'>eius,</span> <span class='ocrx_word' id='word_1_88' title='bbox 1809 1843 1946 1906; x_wconf 87' lang='lat' dir='ltr'>aut</span> <span class='ocrx_word' id='word_1_89' title='bbox 2002 1860 2244 1924; x_wconf 87' lang='lat' dir='ltr'>super</span> <span class='ocrx_word' id='word_1_90' title='bbox 2299 1859 2448 1920; x_wconf 90' lang='lat' dir='ltr'>quo</span> <span class='ocrx_word' id='word_1_91' title='bbox 2500 1838 2805 1903; x_wconf 78' lang='lat' dir='ltr'>circuli</span> 
     </span>
     <span class='ocr_line' id='line_1_14' title="bbox 505 1945 2805 2033; baseline -0.002 -21"><span class='ocrx_word' id='word_1_92' title='bbox 505 1948 681 2012; x_wconf 88' lang='lat' dir='ltr'>eius</span> <span class='ocrx_word' id='word_1_93' title='bbox 730 1948 875 2012; x_wconf 84' lang='lat' dir='ltr'>fixi</span> <span class='ocrx_word' id='word_1_94' title='bbox 926 1952 1165 2013; x_wconf 80' lang='lat' dir='ltr'>sunt?</span> <span class='ocrx_word' id='word_1_95' title='bbox 1206 1948 1353 2030; x_wconf 85' lang='lat' dir='ltr'>quia</span> <span class='ocrx_word' id='word_1_96' title='bbox 1383 1948 1827 2033; x_wconf 87' lang='lat' dir='ltr'>constringunt</span> <span class='ocrx_word' id='word_1_97' title='bbox 1864 1966 2123 2022; x_wconf 86' lang='lat' dir='ltr'>ea1n‚ne</span> <span class='ocrx_word' id='word_1_98' title='bbox 2153 1947 2568 2023; x_wconf 85' lang='lat' dir='ltr'>dissoluatur,</span> <span class='ocrx_word' id='word_1_99' title='bbox 2600 1945 2805 2008; x_wconf 90' lang='lat' dir='ltr'>diuini</span> 
     </span>
     <span class='ocr_line' id='line_1_15' title="bbox 501 2052 2804 2138; baseline -0.002 -20"><span class='ocrx_word' id='word_1_100' title='bbox 501 2054 650 2118; x_wconf 87' lang='lat' dir='ltr'>libri</span> <span class='ocrx_word' id='word_1_101' title='bbox 681 2055 784 2118; x_wconf 87' lang='lat' dir='ltr'>fixi</span> <span class='ocrx_word' id='word_1_102' title='bbox 815 2074 1005 2137; x_wconf 87' lang='lat' dir='ltr'>super</span> <span class='ocrx_word' id='word_1_103' title='bbox 1036 2055 1396 2131; x_wconf 80' lang='lat' dir='ltr'>dominum3</span> <span class='ocrx_word' id='word_1_104' title='bbox 1441 2055 1589 2137; x_wconf 89' lang='lat' dir='ltr'>quia</span> <span class='ocrx_word' id='word_1_105' title='bbox 1629 2055 1918 2138; x_wconf 86' lang='lat' dir='ltr'>quisquis</span> <span class='ocrx_word' id='word_1_106' title='bbox 1953 2074 2060 2118; x_wconf 87' lang='lat' dir='ltr'>eos</span> <span class='ocrx_word' id='word_1_107' title='bbox 2092 2054 2227 2118; x_wconf 84' lang='lat' dir='ltr'>sine</span> <span class='ocrx_word' id='word_1_108' title='bbox 2255 2054 2367 2118; x_wconf 92' lang='lat' dir='ltr'>illo</span> <span class='ocrx_word' id='word_1_109' title='bbox 2403 2052 2804 2135; x_wconf 86' lang='lat' dir='ltr'>interpretari</span> 
     </span>
     <span class='ocr_line' id='line_1_16' title="bbox 503 2158 2898 2244; baseline -0.002 -18"><span class='ocrx_word' id='word_1_110' title='bbox 503 2163 802 2236; x_wconf 83' lang='lat' dir='ltr'>uoluerit,</span> <span class='ocrx_word' id='word_1_111' title='bbox 833 2162 1043 2226; x_wconf 89' lang='lat' dir='ltr'>fluitet</span> <span class='ocrx_word' id='word_1_112' title='bbox 1071 2167 1262 2244; x_wconf 86' lang='lat' dir='ltr'>atque</span> <span class='ocrx_word' id='word_1_113' title='bbox 1301 2164 1466 2225; x_wconf 89' lang='lat' dir='ltr'>erret</span> <span class='ocrx_word' id='word_1_114' title='bbox 1502 2181 1761 2226; x_wconf 85' lang='lat' dir='ltr'>necesse</span> <span class='ocrx_word' id='word_1_115' title='bbox 1793 2166 1910 2225; x_wconf 87' lang='lat' dir='ltr'>est.</span> <span class='ocrx_word' id='word_1_116' title='bbox 1962 2161 2142 2243; x_wconf 89' lang='lat' dir='ltr'>quis</span> <span class='ocrx_word' id='word_1_117' title='bbox 2190 2164 2316 2224; x_wconf 89' lang='lat' dir='ltr'>est</span> <span class='ocrx_word' id='word_1_118' title='bbox 2359 2179 2453 2223; x_wconf 87' lang='lat' dir='ltr'>au</span> <span class='ocrx_word' id='word_1_119' title='bbox 2470 2163 2627 2223; x_wconf 87' lang='lat' dir='ltr'>tem</span> <span class='ocrx_word' id='word_1_120' title='bbox 2653 2158 2806 2240; x_wconf 80' lang='lat' dir='ltr'>-qui</span> <span class='ocrx_word' id='word_1_121' title='bbox 2844 2176 2898 2216; x_wconf 70' lang='grc' dir='ltr'>ιε</span> 
     </span>
     <span class='ocr_line' id='line_1_17' title="bbox 507 2266 2806 2352; baseline -0.002 -18"><span class='ocrx_word' id='word_1_122' title='bbox 507 2269 723 2334; x_wconf 87' lang='lat' dir='ltr'>misit</span> <span class='ocrx_word' id='word_1_123' title='bbox 759 2270 1111 2352; x_wconf 85' lang='lat' dir='ltr'>lapidem</span> <span class='ocrx_word' id='word_1_124' title='bbox 1152 2269 1616 2351; x_wconf 84' lang='lat' dir='ltr'>angularem</span> <span class='ocrx_word' id='word_1_125' title='bbox 1648 2288 1891 2351; x_wconf 90' lang='lat' dir='ltr'>super</span> <span class='ocrx_word' id='word_1_126' title='bbox 1929 2271 2136 2332; x_wconf 81' lang='lat' dir='ltr'>eam?</span> <span class='ocrx_word' id='word_1_127' title='bbox 2177 2287 2404 2350; x_wconf 88' lang='lat' dir='ltr'>quem</span> <span class='ocrx_word' id='word_1_128' title='bbox 2436 2266 2806 2349; x_wconf 88' lang='lat' dir='ltr'>reproba·</span> 
     </span>
     <span class='ocr_line' id='line_1_18' title="bbox 507 2373 2802 2457; baseline -0.002 -18"><span class='ocrx_word' id='word_1_129' title='bbox 507 2378 782 2439; x_wconf 84' lang='lat' dir='ltr'>uerunt</span> <span class='ocrx_word' id='word_1_130' title='bbox 838 2376 1364 2440; x_wconf 71' lang='lat' dir='ltr'>aedificantes,</span> <span class='ocrx_word' id='word_1_131' title='bbox 1415 2376 1707 2457; x_wconf 89' lang='lat' dir='ltr'>quando</span> <span class='ocrx_word' id='word_1_132' title='bbox 1765 2376 1969 2440; x_wconf 85' lang='lat' dir='ltr'>facta</span> <span class='ocrx_word' id='word_1_133' title='bbox 2024 2378 2200 2439; x_wconf 88' lang='lat' dir='ltr'>sunt</span> <span class='ocrx_word' id='word_1_134' title='bbox 2257 2374 2507 2438; x_wconf 87' lang='lat' dir='ltr'>sidera</span> <span class='ocrx_word' id='word_1_135' title='bbox 2545 2373 2802 2437; x_wconf 89' lang='lat' dir='ltr'>simul:</span> 
     </span>
     <span class='ocr_line' id='line_1_19' title="bbox 508 2482 2805 2569; baseline -0.002 -23"><span class='ocrx_word' id='word_1_136' title='bbox 508 2482 700 2546; x_wconf 90' lang='lat' dir='ltr'>simul</span> <span class='ocrx_word' id='word_1_137' title='bbox 727 2482 1051 2565; x_wconf 88' lang='lat' dir='ltr'>baptizata</span> <span class='ocrx_word' id='word_1_138' title='bbox 1087 2484 1184 2547; x_wconf 83' lang='lat' dir='ltr'>tot</span> <span class='ocrx_word' id='word_1_139' title='bbox 1221 2482 1396 2547; x_wconf 88' lang='lat' dir='ltr'>milia</span> <span class='ocrx_word' id='word_1_140' title='bbox 1433 2483 1627 2549; x_wconf 91' lang='lat' dir='ltr'>uerbo</span> <span class='ocrx_word' id='word_1_141' title='bbox 1666 2482 1837 2546; x_wconf 89' lang='lat' dir='ltr'>uitae</span> <span class='ocrx_word' id='word_1_142' title='bbox 1874 2482 2040 2549; x_wconf 88' lang='lat' dir='ltr'>inter</span> <span class='ocrx_word' id='word_1_143' title='bbox 2074 2484 2437 2569; x_wconf 76' lang='lat' dir='ltr'>peccatores</span> <span class='ocrx_word' id='word_1_144' title='bbox 2475 2483 2805 2562; x_wconf 85' lang='lat' dir='ltr'>tamquam</span> 
     </span>
     <span class='ocr_line' id='line_1_20' title="bbox 505 2588 2803 2672; baseline -0.001 -21"><span class='ocrx_word' id='word_1_145' title='bbox 505 2589 569 2652; x_wconf 92' lang='lat' dir='ltr'>in</span> <span class='ocrx_word' id='word_1_146' title='bbox 644 2588 919 2652; x_wconf 84' lang='lat' dir='ltr'>tenebris</span> <span class='ocrx_word' id='word_1_147' title='bbox 994 2589 1326 2672; x_wconf 85' lang='lat' dir='ltr'>fulgentia.</span> <span class='ocrx_word' id='word_1_148' title='bbox 1411 2589 1963 2654; x_wconf 89' lang='lat' dir='ltr'>laudauerunt</span> <span class='ocrx_word' id='word_1_149' title='bbox 2042 2607 2158 2653; x_wconf 90' lang='lat' dir='ltr'>me</span> <span class='ocrx_word' id='word_1_150' title='bbox 2241 2606 2440 2652; x_wconf 88' lang='lat' dir='ltr'>uoce</span> <span class='ocrx_word' id='word_1_151' title='bbox 2522 2606 2803 2669; x_wconf 87' lang='lat' dir='ltr'>magna</span> 
     </span>
     <span class='ocr_line' id='line_1_21' title="bbox 510 2691 2897 2777; baseline -0.004 -17"><span class='ocrx_word' id='word_1_152' title='bbox 510 2713 776 2760; x_wconf 91' lang='lat' dir='ltr'>omnes</span> <span class='ocrx_word' id='word_1_153' title='bbox 818 2694 1093 2777; x_wconf 82' lang='lat' dir='ltr'>angeli</span> <span class='ocrx_word' id='word_1_154' title='bbox 1124 2695 1303 2759; x_wconf 89' lang='lat' dir='ltr'>mei:</span> <span class='ocrx_word' id='word_1_155' title='bbox 1346 2694 1799 2777; x_wconf 86' lang='lat' dir='ltr'>euangelistae.</span> <span class='ocrx_word' id='word_1_156' title='bbox 1841 2693 2214 2758; x_wconf 83' lang='lat' dir='ltr'>conclusi</span> <span class='ocrx_word' id='word_1_157' title='bbox 2253 2691 2519 2774; x_wconf 88' lang='lat' dir='ltr'>portis</span> <span class='ocrx_word' id='word_1_158' title='bbox 2557 2710 2802 2756; x_wconf 86' lang='lat' dir='ltr'>mare:</span> <span class='ocrx_word' id='word_1_159' title='bbox 2839 2712 2897 2750; x_wconf 76' lang='lat'>20</span> 
     </span>
     <span class='ocr_line' id='line_1_22' title="bbox 503 2798 2805 2883; baseline -0 -19"><span class='ocrx_word' id='word_1_160' title='bbox 503 2800 774 2883; x_wconf 90' lang='lat' dir='ltr'>populos</span> <span class='ocrx_word' id='word_1_161' title='bbox 833 2800 1248 2865; x_wconf 87' lang='lat' dir='ltr'>amaricantes</span> <span class='ocrx_word' id='word_1_162' title='bbox 1307 2819 1519 2865; x_wconf 89' lang='lat' dir='ltr'>amore</span> <span class='ocrx_word' id='word_1_163' title='bbox 1577 2803 1990 2863; x_wconf 89' lang='lat' dir='ltr'>terrenorum.</span> <span class='ocrx_word' id='word_1_164' title='bbox 2059 2799 2167 2862; x_wconf 87' lang='lat' dir='ltr'>sed</span> <span class='ocrx_word' id='word_1_165' title='bbox 2236 2817 2429 2881; x_wconf 90' lang='lat' dir='ltr'>quare</span> <span class='ocrx_word' id='word_1_166' title='bbox 2494 2798 2805 2879; x_wconf 84' lang='lat' dir='ltr'>portis?</span> 
     </span>
     <span class='ocr_line' id='line_1_23' title="bbox 508 2904 2803 2986; baseline -0.002 -17"><span class='ocrx_word' id='word_1_167' title='bbox 508 2926 583 2969; x_wconf 88' lang='lat' dir='ltr'>an</span> <span class='ocrx_word' id='word_1_168' title='bbox 641 2906 803 2970; x_wconf 88' lang='lat' dir='ltr'>forte</span> <span class='ocrx_word' id='word_1_169' title='bbox 853 2908 933 2969; x_wconf 45' lang='lat' dir='ltr'>*ut</span> <span class='ocrx_word' id='word_1_170' title='bbox 989 2925 1110 2969; x_wconf 89' lang='lat' dir='ltr'>non</span> <span class='ocrx_word' id='word_1_171' title='bbox 1161 2908 1372 2971; x_wconf 91' lang='lat' dir='ltr'>solum</span> <span class='ocrx_word' id='word_1_172' title='bbox 1420 2907 1682 2971; x_wconf 89' lang='lat' dir='ltr'>modum</span> <span class='ocrx_word' id='word_1_173' title='bbox 1731 2906 1993 2970; x_wconf 86' lang='lat' dir='ltr'>haberet</span> <span class='ocrx_word' id='word_1_174' title='bbox 2038 2904 2366 2969; x_wconf 79' lang='lat' dir='ltr'>exercendi</span> <span class='ocrx_word' id='word_1_175' title='bbox 2413 2904 2622 2967; x_wconf 86' lang='lat' dir='ltr'>iustos</span> <span class='ocrx_word' id='word_1_176' title='bbox 2671 2922 2803 2986; x_wconf 90' lang='lat' dir='ltr'>per-</span> 
     </span>
     <span class='ocr_line' id='line_1_24' title="bbox 510 3010 2801 3093; baseline -0.001 -17"><span class='ocrx_word' id='word_1_177' title='bbox 510 3012 965 3087; x_wconf 72' lang='lat' dir='ltr'>secutionibu8‚</span> <span class='ocrx_word' id='word_1_178' title='bbox 1027 3012 1140 3076; x_wconf 89' lang='lat' dir='ltr'>sed</span> <span class='ocrx_word' id='word_1_179' title='bbox 1196 3014 1388 3077; x_wconf 86' lang='lat' dir='ltr'>etiam</span> <span class='ocrx_word' id='word_1_180' title='bbox 1446 3016 1520 3077; x_wconf 93' lang='lat' dir='ltr'>ut</span> <span class='ocrx_word' id='word_1_181' title='bbox 1575 3014 1797 3077; x_wconf 84' lang='lat' dir='ltr'>liceret</span> <span class='ocrx_word' id='word_1_182' title='bbox 1850 3013 2040 3076; x_wconf 87' lang='lat' dir='ltr'>iustis</span> <span class='ocrx_word' id='word_1_183' title='bbox 2096 3012 2241 3075; x_wconf 91' lang='lat' dir='ltr'>inde</span> <span class='ocrx_word' id='word_1_184' title='bbox 2307 3010 2567 3093; x_wconf 72' lang='lat' dir='ltr'>egredi?</span> <span class='ocrx_word' id='word_1_185' title='bbox 2636 3029 2801 3073; x_wconf 88' lang='lat' dir='ltr'>cum</span> 
     </span>
     <span class='ocr_line' id='line_1_25' title="bbox 507 3116 2800 3199; baseline 0.001 -18"><span class='ocrx_word' id='word_1_186' title='bbox 507 3120 894 3183; x_wconf 87' lang='lat' dir='ltr'>fremeret</span> <span class='ocrx_word' id='word_1_187' title='bbox 959 3138 1043 3182; x_wconf 86' lang='lat' dir='ltr'>ex</span> <span class='ocrx_word' id='word_1_188' title='bbox 1110 3124 1340 3183; x_wconf 91' lang='lat' dir='ltr'>utero</span> <span class='ocrx_word' id='word_1_189' title='bbox 1406 3120 1694 3184; x_wconf 85' lang='lat' dir='ltr'>matris</span> <span class='ocrx_word' id='word_1_190' title='bbox 1763 3138 1952 3183; x_wconf 87' lang='lat' dir='ltr'>snae</span> <span class='ocrx_word' id='word_1_191' title='bbox 2018 3118 2305 3182; x_wconf 86' lang='lat' dir='ltr'>uolens</span> <span class='ocrx_word' id='word_1_192' title='bbox 2383 3116 2800 3199; x_wconf 87' lang='lat' dir='ltr'>progredi:</span> 
     </span>
     <span class='ocr_line' id='line_1_26' title="bbox 511 3222 2893 3309; baseline -0.003 -19"><span class='ocrx_word' id='word_1_193' title='bbox 511 3246 655 3291; x_wconf 86' lang='lat' dir='ltr'>curn</span> <span class='ocrx_word' id='word_1_194' title='bbox 717 3226 1096 3290; x_wconf 83' lang='lat' dir='ltr'>irasceretur</span> <span class='ocrx_word' id='word_1_195' title='bbox 1158 3226 1219 3289; x_wconf 90' lang='lat' dir='ltr'>in</span> <span class='ocrx_word' id='word_1_196' title='bbox 1290 3227 1556 3291; x_wconf 86' lang='lat' dir='ltr'>concilio</span> <span class='ocrx_word' id='word_1_197' title='bbox 1620 3226 2005 3309; x_wconf 84' lang='lat' dir='ltr'>Babyloniae</span> <span class='ocrx_word' id='word_1_198' title='bbox 2079 3224 2364 3289; x_wconf 87' lang='lat' dir='ltr'>ciuitatis</span> <span class='ocrx_word' id='word_1_199' title='bbox 2437 3222 2803 3288; x_wconf 85' lang='lat' dir='ltr'>fornicantis</span> <span class='ocrx_word' id='word_1_200' title='bbox 2840 3245 2893 3283; x_wconf 79' lang='lat'>25</span> 
     </span>
     <span class='ocr_line' id='line_1_27' title="bbox 511 3327 2804 3414; baseline -0.003 -17"><span class='ocrx_word' id='word_1_201' title='bbox 511 3352 719 3397; x_wconf 88' lang='lat' dir='ltr'>amore</span> <span class='ocrx_word' id='word_1_202' title='bbox 776 3332 968 3396; x_wconf 86' lang='lat' dir='ltr'>huius</span> <span class='ocrx_word' id='word_1_203' title='bbox 1027 3332 1267 3396; x_wconf 87' lang='lat' dir='ltr'>saeculi</span> <span class='ocrx_word' id='word_1_204' title='bbox 1323 3333 1543 3396; x_wconf 88' lang='lat' dir='ltr'>uolens</span> <span class='ocrx_word' id='word_1_205' title='bbox 1602 3332 1930 3396; x_wconf 80' lang='lat' dir='ltr'>extendere</span> <span class='ocrx_word' id='word_1_206' title='bbox 1986 3330 2458 3414; x_wconf 83' lang='lat' dir='ltr'>persecutiones</span> <span class='ocrx_word' id='word_1_207' title='bbox 2516 3348 2665 3393; x_wconf 87' lang='lat' dir='ltr'>suas</span> <span class='ocrx_word' id='word_1_208' title='bbox 2729 3327 2804 3391; x_wconf 90' lang='lat' dir='ltr'>ad</span> 
     </span>
     <span class='ocr_line' id='line_1_28' title="bbox 510 3438 2803 3522; baseline -0.002 -21"><span class='ocrx_word' id='word_1_209' title='bbox 510 3438 860 3522; x_wconf 86' lang='lat' dir='ltr'>perdendos</span> <span class='ocrx_word' id='word_1_210' title='bbox 911 3438 985 3502; x_wconf 93' lang='lat' dir='ltr'>de</span> <span class='ocrx_word' id='word_1_211' title='bbox 1046 3442 1213 3502; x_wconf 87' lang='lat' dir='ltr'>terra</span> <span class='ocrx_word' id='word_1_212' title='bbox 1269 3458 1397 3515; x_wconf 77' lang='lat' dir='ltr'>eoS‚</span> <span class='ocrx_word' id='word_1_213' title='bbox 1458 3438 1532 3503; x_wconf 91' lang='lat' dir='ltr'>de</span> <span class='ocrx_word' id='word_1_214' title='bbox 1592 3440 1822 3521; x_wconf 88' lang='lat' dir='ltr'>quibus</span> <span class='ocrx_word' id='word_1_215' title='bbox 1892 3439 2132 3503; x_wconf 86' lang='lat' dir='ltr'>dictum</span> <span class='ocrx_word' id='word_1_216' title='bbox 2200 3440 2333 3501; x_wconf 89' lang='lat' dir='ltr'>est:</span> <span class='ocrx_word' id='word_1_217' title='bbox 2401 3455 2553 3500; x_wconf 91' lang='lat' dir='ltr'>non</span> <span class='ocrx_word' id='word_1_218' title='bbox 2620 3439 2803 3517; x_wconf 87' lang='lat' dir='ltr'>peto</span> 
     </span>
    </p>
   </div>
   <div class='ocr_carea' id='block_1_3' title="bbox 512 3626 2803 3959">
    <p class='ocr_par' dir='ltr' id='par_1_3' title="bbox 512 3626 2803 3959">
     <span class='ocr_line' id='line_1_29' title="bbox 694 3626 2800 3698; baseline -0.003 -15"><span class='ocrx_word' id='word_1_219' title='bbox 694 3632 717 3684; x_wconf 91' lang='lat'>1</span> <span class='ocrx_word' id='word_1_220' title='bbox 760 3629 858 3683; x_wconf 91' lang='lat' dir='ltr'>Iob</span> <span class='ocrx_word' id='word_1_221' title='bbox 897 3628 981 3689; x_wconf 86' lang='lat'>38,</span> <span class='ocrx_word' id='word_1_222' title='bbox 1023 3630 1055 3682; x_wconf 89' lang='lat'>5</span> <span class='ocrx_word' id='word_1_223' title='bbox 1174 3630 1206 3682; x_wconf 89' lang='grc'>2</span> <span class='ocrx_word' id='word_1_224' title='bbox 1246 3628 1442 3698; x_wconf 82' lang='lat' dir='ltr'>Ephes.</span> <span class='ocrx_word' id='word_1_225' title='bbox 1481 3630 1533 3689; x_wconf 84' lang='lat'>4,</span> <span class='ocrx_word' id='word_1_226' title='bbox 1576 3630 1625 3681; x_wconf 87' lang='lat'>7.</span> <span class='ocrx_word' id='word_1_227' title='bbox 1664 3629 1696 3682; x_wconf 89' lang='grc'>8</span> <span class='ocrx_word' id='word_1_228' title='bbox 1820 3630 1852 3682; x_wconf 90' lang='grc'><strong>6</strong></span> <span class='ocrx_word' id='word_1_229' title='bbox 1892 3628 1918 3681; x_wconf 89' lang='grc' dir='ltr'>Ι</span> <span class='ocrx_word' id='word_1_230' title='bbox 1958 3627 2077 3684; x_wconf 88' lang='lat' dir='ltr'>Cor.</span> <span class='ocrx_word' id='word_1_231' title='bbox 2120 3630 2202 3687; x_wconf 85' lang='lat'>12,</span> <span class='ocrx_word' id='word_1_232' title='bbox 2248 3629 2313 3681; x_wconf 87' lang='grc'>17</span> <span class='ocrx_word' id='word_1_233' title='bbox 2433 3628 2463 3680; x_wconf 82' lang='grc'>7</span> <span class='ocrx_word' id='word_1_234' title='bbox 2504 3626 2570 3681; x_wconf 83' lang='lat' dir='ltr'>cf.</span> <span class='ocrx_word' id='word_1_235' title='bbox 2610 3626 2800 3695; x_wconf 87' lang='lat' dir='ltr'>Ephes.</span> 
     </span>
     <span class='ocr_line' id='line_1_30' title="bbox 512 3714 2803 3779; baseline -0.002 -9"><span class='ocrx_word' id='word_1_236' title='bbox 512 3720 562 3779; x_wconf 85' lang='lat'>4,</span> <span class='ocrx_word' id='word_1_237' title='bbox 607 3719 670 3771; x_wconf 92' lang='grc'>16</span> <span class='ocrx_word' id='word_1_238' title='bbox 782 3720 813 3772; x_wconf 90' lang='grc'><strong>9</strong></span> <span class='ocrx_word' id='word_1_239' title='bbox 851 3717 948 3771; x_wconf 90' lang='lat' dir='ltr'>Iob</span> <span class='ocrx_word' id='word_1_240' title='bbox 989 3719 1075 3777; x_wconf 84' lang='lat'>38.</span> <span class='ocrx_word' id='word_1_241' title='bbox 1117 3719 1147 3769; x_wconf 90' lang='grc'>5</span> <span class='ocrx_word' id='word_1_242' title='bbox 1253 3719 1312 3771; x_wconf 93' lang='grc'>11</span> <span class='ocrx_word' id='word_1_243' title='bbox 1355 3717 1549 3771; x_wconf 76' lang='lat' dir='ltr'>Matth.</span> <span class='ocrx_word' id='word_1_244' title='bbox 1591 3718 1641 3779; x_wconf 87' lang='lat'>7,</span> <span class='ocrx_word' id='word_1_245' title='bbox 1679 3718 1748 3771; x_wconf 89' lang='grc'>23</span> <span class='ocrx_word' id='word_1_246' title='bbox 1897 3716 1950 3769; x_wconf 89' lang='grc' dir='ltr'>ΙΙ</span> <span class='ocrx_word' id='word_1_247' title='bbox 1989 3716 2123 3770; x_wconf 87' lang='lat' dir='ltr'>Tim.</span> <span class='ocrx_word' id='word_1_248' title='bbox 2164 3718 2213 3777; x_wconf 85' lang='grc'>2.</span> <span class='ocrx_word' id='word_1_249' title='bbox 2258 3716 2322 3769; x_wconf 87' lang='grc'>19</span> <span class='ocrx_word' id='word_1_250' title='bbox 2419 3716 2484 3768; x_wconf 90' lang='grc'>12</span> <span class='ocrx_word' id='word_1_251' title='bbox 2522 3714 2620 3767; x_wconf 92' lang='lat' dir='ltr'>Iob</span> <span class='ocrx_word' id='word_1_252' title='bbox 2660 3714 2743 3776; x_wconf 80' lang='lat'>38,</span> <span class='ocrx_word' id='word_1_253' title='bbox 2773 3715 2803 3767; x_wconf 83' lang='lat'>6</span> 
     </span>
     <span class='ocr_line' id='line_1_31' title="bbox 517 3802 2801 3873; baseline -0.002 -15"><span class='ocrx_word' id='word_1_254' title='bbox 517 3809 580 3858; x_wconf 90' lang='grc'>15</span> <span class='ocrx_word' id='word_1_255' title='bbox 618 3806 716 3860; x_wconf 89' lang='lat' dir='ltr'>Iob</span> <span class='ocrx_word' id='word_1_256' title='bbox 757 3806 846 3873; x_wconf 84' lang='lat'>38,</span> <span class='ocrx_word' id='word_1_257' title='bbox 884 3810 915 3861; x_wconf 89' lang='lat'>6</span> <span class='ocrx_word' id='word_1_258' title='bbox 1029 3809 1094 3861; x_wconf 87' lang='grc'>16</span> <span class='ocrx_word' id='word_1_259' title='bbox 1132 3807 1221 3861; x_wconf 86' lang='lat' dir='ltr'>Ps.</span> <span class='ocrx_word' id='word_1_260' title='bbox 1264 3808 1381 3870; x_wconf 80' lang='lat'>117,</span> <span class='ocrx_word' id='word_1_261' title='bbox 1421 3808 1488 3860; x_wconf 87' lang='grc'>22</span> <span class='ocrx_word' id='word_1_262' title='bbox 1605 3808 1667 3859; x_wconf 81' lang='lat'>17</span> <span class='ocrx_word' id='word_1_263' title='bbox 1706 3806 1803 3859; x_wconf 87' lang='lat' dir='ltr'>Iob</span> <span class='ocrx_word' id='word_1_264' title='bbox 1844 3806 1929 3869; x_wconf 78' lang='lat'>38,</span> <span class='ocrx_word' id='word_1_265' title='bbox 1972 3808 2001 3859; x_wconf 80' lang='grc'>7</span> <span class='ocrx_word' id='word_1_266' title='bbox 2117 3807 2180 3859; x_wconf 85' lang='grc'>19</span> <span class='ocrx_word' id='word_1_267' title='bbox 2218 3805 2317 3858; x_wconf 83' lang='lat' dir='ltr'>Iob</span> <span class='ocrx_word' id='word_1_268' title='bbox 2357 3805 2442 3870; x_wconf 68' lang='lat'>38,</span> <span class='ocrx_word' id='word_1_269' title='bbox 2482 3805 2511 3857; x_wconf 86' lang='lat'><strong>7</strong></span> <span class='ocrx_word' id='word_1_270' title='bbox 2615 3805 2683 3857; x_wconf 87' lang='grc'>20</span> <span class='ocrx_word' id='word_1_271' title='bbox 2710 3802 2801 3855; x_wconf 90' lang='lat' dir='ltr'>Iob</span> 
     </span>
     <span class='ocr_line' id='line_1_32' title="bbox 514 3895 1747 3959; baseline 0.001 -10"><span class='ocrx_word' id='word_1_272' title='bbox 514 3896 600 3958; x_wconf 82' lang='lat'>38,</span> <span class='ocrx_word' id='word_1_273' title='bbox 639 3896 672 3949; x_wconf 88' lang='lat'>8</span> <span class='ocrx_word' id='word_1_274' title='bbox 782 3896 849 3949; x_wconf 87' lang='grc'>23</span> <span class='ocrx_word' id='word_1_275' title='bbox 886 3895 985 3948; x_wconf 92' lang='lat' dir='ltr'>Iob</span> <span class='ocrx_word' id='word_1_276' title='bbox 1025 3896 1110 3957; x_wconf 79' lang='lat'>38,</span> <span class='ocrx_word' id='word_1_277' title='bbox 1149 3896 1181 3949; x_wconf 89' lang='grc'>8</span> <span class='ocrx_word' id='word_1_278' title='bbox 1292 3897 1358 3949; x_wconf 87' lang='grc'>27</span> <span class='ocrx_word' id='word_1_279' title='bbox 1399 3896 1513 3949; x_wconf 84' lang='lat'>1011.</span> <span class='ocrx_word' id='word_1_280' title='bbox 1557 3897 1639 3959; x_wconf 89' lang='lat'>17,</span> <span class='ocrx_word' id='word_1_281' title='bbox 1683 3896 1747 3950; x_wconf 83' lang='lat'>15</span> 
     </span>
    </p>
   </div>
   <div class='ocr_carea' id='block_1_4' title="bbox 513 4014 2810 4428">
    <p class='ocr_par' dir='ltr' id='par_1_4' title="bbox 513 4014 2810 4428">
     <span class='ocr_line' id='line_1_33' title="bbox 589 4014 2804 4087; baseline -0.003 -15"><span class='ocrx_word' id='word_1_282' title='bbox 589 4019 613 4072; x_wconf 95' lang='lat'>1</span> <span class='ocrx_word' id='word_1_283' title='bbox 654 4036 905 4073; x_wconf 86' lang='lat' dir='ltr'>mensura</span> <span class='ocrx_word' id='word_1_284' title='bbox 943 4019 990 4073; x_wconf 99' lang='lat' dir='ltr'><strong><em>S</em></strong></span> <span class='ocrx_word' id='word_1_285' title='bbox 1093 4021 1127 4074; x_wconf 87' lang='grc'><strong>9</strong></span> <span class='ocrx_word' id='word_1_286' title='bbox 1166 4022 1444 4073; x_wconf 87' lang='lat' dir='ltr'>caritatem</span> <span class='ocrx_word' id='word_1_287' title='bbox 1492 4020 1597 4073; x_wconf 86' lang='grc' dir='ltr'>ΤΡ</span> <span class='ocrx_word' id='word_1_288' title='bbox 1704 4024 1784 4073; x_wconf 85' lang='lat' dir='ltr'>est</span> <span class='ocrx_word' id='word_1_289' title='bbox 1825 4020 1915 4087; x_wconf 89' lang='lat' dir='ltr'>qui</span> <span class='ocrx_word' id='word_1_290' title='bbox 1954 4036 2057 4072; x_wconf 77' lang='grc' dir='ltr'><strong><em>οηι.</em></strong></span> <span class='ocrx_word' id='word_1_291' title='bbox 2097 4018 2144 4072; x_wconf 87' lang='lat' dir='ltr'><strong><em>S</em></strong></span> <span class='ocrx_word' id='word_1_292' title='bbox 2251 4019 2316 4071; x_wconf 89' lang='lat'>13</span> <span class='ocrx_word' id='word_1_293' title='bbox 2355 4016 2722 4070; x_wconf 81' lang='lat' dir='ltr'>dissoluantur</span> <span class='ocrx_word' id='word_1_294' title='bbox 2754 4014 2804 4066; x_wconf 90' lang='lat' dir='ltr'><strong><em>P</em></strong></span> 
     </span>
     <span class='ocr_line' id='line_1_34' title="bbox 518 4100 2805 4176; baseline -0.002 -16"><span class='ocrx_word' id='word_1_295' title='bbox 518 4109 583 4160; x_wconf 86' lang='lat'>14</span> <span class='ocrx_word' id='word_1_296' title='bbox 623 4107 780 4160; x_wconf 87' lang='lat' dir='ltr'>deum</span> <span class='ocrx_word' id='word_1_297' title='bbox 818 4108 848 4160; x_wconf 90' lang='lat' dir='ltr'><strong><em>b</em></strong></span> <span class='ocrx_word' id='word_1_298' title='bbox 1036 4109 1100 4161; x_wconf 84' lang='lat'>15</span> <span class='ocrx_word' id='word_1_299' title='bbox 1139 4109 1344 4176; x_wconf 85' lang='lat' dir='ltr'>autem]</span> <span class='ocrx_word' id='word_1_300' title='bbox 1383 4125 1450 4161; x_wconf 85' lang='lat' dir='ltr'>an</span> <span class='ocrx_word' id='word_1_301' title='bbox 1495 4107 1543 4162; x_wconf 79' lang='grc' dir='ltr'><em>Ο</em></span> <span class='ocrx_word' id='word_1_302' title='bbox 1722 4110 1786 4162; x_wconf 81' lang='lat'>17</span> <span class='ocrx_word' id='word_1_303' title='bbox 1826 4108 1968 4161; x_wconf 83' lang='lat' dir='ltr'>facte</span> <span class='ocrx_word' id='word_1_304' title='bbox 2007 4107 2054 4161; x_wconf 87' lang='lat' dir='ltr'><strong><em>S</em></strong></span> <span class='ocrx_word' id='word_1_305' title='bbox 2201 4122 2362 4174; x_wconf 84' lang='lat' dir='ltr'>super</span> <span class='ocrx_word' id='word_1_306' title='bbox 2399 4121 2517 4157; x_wconf 86' lang='lat' dir='ltr'>eam</span> <span class='ocrx_word' id='word_1_307' title='bbox 2556 4104 2730 4157; x_wconf 75' lang='lat' dir='ltr'>sidera</span> <span class='ocrx_word' id='word_1_308' title='bbox 2765 4100 2805 4154; x_wconf 82' lang='lat' dir='ltr'><strong><em>S</em></strong></span> 
     </span>
     <span class='ocr_line' id='line_1_35' title="bbox 514 4188 2804 4267; baseline -0.003 -18"><span class='ocrx_word' id='word_1_309' title='bbox 514 4197 676 4249; x_wconf 89' lang='lat' dir='ltr'>simul</span> <span class='ocrx_word' id='word_1_310' title='bbox 713 4196 890 4250; x_wconf 81' lang='lat' dir='ltr'>sidera</span> <span class='ocrx_word' id='word_1_311' title='bbox 927 4197 1071 4250; x_wconf 83' lang='lat' dir='ltr'>Hier</span> <span class='ocrx_word' id='word_1_312' title='bbox 1161 4199 1229 4251; x_wconf 90' lang='grc'>20</span> <span class='ocrx_word' id='word_1_313' title='bbox 1269 4198 1532 4251; x_wconf 85' lang='lat' dir='ltr'>conclusis</span> <span class='ocrx_word' id='word_1_314' title='bbox 1578 4197 1626 4251; x_wconf 82' lang='lat' dir='ltr'><em>G</em></span> <span class='ocrx_word' id='word_1_315' title='bbox 1764 4203 1949 4267; x_wconf 81' lang='lat' dir='ltr'>portas</span> <span class='ocrx_word' id='word_1_316' title='bbox 1978 4197 2021 4250; x_wconf 84' lang='lat' dir='ltr'><strong><em>S</em></strong></span> <span class='ocrx_word' id='word_1_317' title='bbox 2112 4195 2182 4248; x_wconf 90' lang='grc'>22</span> <span class='ocrx_word' id='word_1_318' title='bbox 2218 4194 2460 4263; x_wconf 88' lang='lat' dir='ltr'>modum]</span> <span class='ocrx_word' id='word_1_319' title='bbox 2500 4192 2732 4246; x_wconf 86' lang='lat' dir='ltr'>medium</span> <span class='ocrx_word' id='word_1_320' title='bbox 2763 4188 2804 4242; x_wconf 86' lang='lat' dir='ltr'><em>C</em></span> 
     </span>
     <span class='ocr_line' id='line_1_36' title="bbox 513 4254 2810 4356; baseline -0.003 -17"><span class='ocrx_word' id='word_1_321' title='bbox 513 4286 947 4356; x_wconf 86' lang='lat' dir='ltr'>persecutoribus</span> <span class='ocrx_word' id='word_1_322' title='bbox 991 4285 1038 4340; x_wconf 79' lang='lat' dir='ltr'><strong><em>G</em></strong></span> <span class='ocrx_word' id='word_1_323' title='bbox 1142 4288 1214 4342; x_wconf 79' lang='lat'>24</span> <span class='ocrx_word' id='word_1_324' title='bbox 1249 4286 1490 4340; x_wconf 78' lang='lat' dir='ltr'>fremerit</span> <span class='ocrx_word' id='word_1_325' title='bbox 1530 4286 1574 4340; x_wconf 84' lang='lat' dir='ltr'><strong><em>S</em></strong></span> <span class='ocrx_word' id='word_1_326' title='bbox 1696 4287 1876 4356; x_wconf 84' lang='lat' dir='ltr'>ex]·in</span> <span class='ocrx_word' id='word_1_327' title='bbox 1917 4286 1962 4340; x_wconf 88' lang='lat' dir='ltr'><strong><em>S</em></strong></span> <span class='ocrx_word' id='word_1_328' title='bbox 2067 4287 2265 4338; x_wconf 85' lang='lat' dir='ltr'>matres</span> <span class='ocrx_word' id='word_1_329' title='bbox 2304 4282 2350 4337; x_wconf 89' lang='lat' dir='ltr'><strong><em>S</em></strong></span> <span class='ocrx_word' id='word_1_330' title='bbox 2464 4298 2593 4334; x_wconf 81' lang='lat' dir='ltr'>suae</span> <span class='ocrx_word' id='word_1_331' title='bbox 2630 4297 2727 4334; x_wconf 83' lang='lat' dir='ltr'>om.</span> <span class='ocrx_word' id='word_1_332' title='bbox 2763 4254 2810 4330; x_wconf 61' lang='grc' dir='ltr'>δ’</span> 
     </span>
     <span class='ocr_line' id='line_1_37' title="bbox 516 4373 1605 4428; baseline -0.001 0"><span class='ocrx_word' id='word_1_333' title='bbox 516 4376 585 4428; x_wconf 88' lang='grc'>25</span> <span class='ocrx_word' id='word_1_334' title='bbox 626 4375 850 4428; x_wconf 87' lang='lat' dir='ltr'>consilio</span> <span class='ocrx_word' id='word_1_335' title='bbox 896 4376 941 4428; x_wconf 89' lang='lat' dir='ltr'><em>C</em></span> <span class='ocrx_word' id='word_1_336' title='bbox 1046 4376 1116 4428; x_wconf 89' lang='grc'>26</span> <span class='ocrx_word' id='word_1_337' title='bbox 1155 4373 1512 4428; x_wconf 83' lang='lat' dir='ltr'>amaritudine</span> <span class='ocrx_word' id='word_1_338' title='bbox 1558 4373 1605 4427; x_wconf 89' lang='lat' dir='ltr'><em>C</em></span> 
     </span>
    </p>
   </div>
  </div>
 </body>
</html>
