3076 4976
488 498 617 559 444
1198 492 1248 544 S.
1307 491 1581 544 Aureli
1638 490 2073 559 Augustini

487 689 705 753 habet:
749 692 825 752 et
860 688 1121 751 induxi
1163 705 1324 749 eum
1364 685 1435 748 in
1475 689 1751 749 terram
1793 683 2157 749 Chanaan.
2198 685 2427 748 mirum
2471 688 2569 747 est
2607 703 2780 767 ergo.

488 796 542 860 si
592 794 1009 878 Septuaginta
1055 813 1163 875 pro
1214 796 1381 856 terra
1430 791 1721 856 Chanaan
1773 810 2021 855 omnem
2060 794 2288 855 terram
2327 809 2558 873 ponere
2599 791 2782 855 uolu-

488 907 671 966 erunt
716 902 838 965 nisi
886 902 1206 965 intuentes
1255 899 1673 981 prophetiam,
1724 901 1797 962 ut
1843 898 2046 982 magis
2097 918 2168 962 ex
2215 898 2632 979 promissione
2683 898 2782 960 dei

490 1012 816 1089 tamquam
892 1009 1132 1071 factum
1218 1006 1585 1088 accipiatur,
1671 1006 1839 1088 quod
1923 1004 2275 1069 certissime
2358 1006 2646 1069 futurum
2718 1005 2780 1067 in

493 1115 744 1180 Christo
795 1118 858 1178 et
902 1114 965 1178 in
1005 1114 1273 1177 ecclesia
1311 1113 1886 1194 praenuntiabatur,
1930 1112 2097 1194 quod
2146 1118 2244 1176 est
2289 1132 2513 1177 uerum
2563 1131 2778 1176 semen
2847 1136 2870 1172 s

485 1222 771 1285 Abrahae
818 1239 940 1283 non
988 1220 1050 1282 in
1100 1219 1249 1282 filiis
1301 1218 1523 1295 carniS‚
1575 1219 1685 1282 sed
1731 1219 1794 1281 111
1843 1219 1989 1282 filiis
2039 1218 2502 1300 promissionis,

574 1328 803 1391 XXVI.
852 1327 942 1390 Et
988 1326 1478 1389 bellauerunt
1537 1325 1907 1389 aduersus
1967 1343 2100 1389 uos
2150 1324 2274 1407 qui
2331 1324 2785 1388 habitabant

488 1432 805 1498 Iericho.
876 1431 1088 1513 quaeri
1150 1434 1363 1512 potest·
1419 1430 1731 1512 quomodo
1782 1430 1846 1494 id
1895 1449 2115 1493 uerum
2177 1430 2282 1505 sit,
2341 1448 2485 1493 cum
2544 1429 2783 1492 clausis

486 1539 686 1622 portis
736 1558 803 1603 se
861 1556 1185 1602 murorum
1244 1538 1486 1601 ambitu
1545 1536 1980 1601 tantummodo
2039 1540 2385 1600 tuerentur.
2446 1535 2556 1599 sed
2613 1540 2782 1599 recte

487 1646 727 1710 dictum
760 1647 876 1721 est,
908 1644 1055 1726 quia
1086 1648 1150 1707 et
1180 1644 1467 1708 claudere
1499 1643 1836 1707 aduersum
1878 1644 2127 1708 hostem
2165 1648 2381 1725 portas
2423 1643 2501 1706 ad
2539 1643 2780 1706 bellum
2825 1666 2868 1702 ιο

487 1753 777 1834 pertinet.
845 1771 968 1815 non
1026 1751 1189 1813 enim
1257 1751 1567 1813 miserunt
1629 1750 1896 1833 legatoS,
1967 1751 2074 1831 qui
2139 1754 2472 1833 poscerent
2537 1768 2779 1832 pacem.

488 1859 674 1932 unde,
736 1858 789 1921 si
858 1857 1100 1921 dictum
1165 1861 1359 1921 esset:
1418 1860 1867 1939 pugnauerunt
1925 1857 2263 1921 aduersum
2338 1876 2488 1933 1103,
2545 1856 2778 1919 falsum

489 1968 677 2028 esset.
707 1983 908 2047 neque
940 1964 1103 2028 enim
1134 1964 1371 2027 bellum
1404 1963 1734 2027 continuas
1774 1983 2021 2047 pugnas
2060 1965 2253 2028 habet
2289 1964 2400 2027 sed
2440 1962 2779 2045 aliquando

489 2072 757 2147 crebram,
808 2070 1143 2152 aliquando
1192 2089 1382 2146 1111113,
1441 2070 1775 2151 aliquando
1834 2070 2058 2134 nullas.
2118 2070 2357 2134 bellum
2415 2072 2514 2133 est
2570 2072 2779 2132 tamen

489 2178 736 2262 quando
788 2181 886 2241 est
934 2177 1205 2259 quodam
1254 2176 1440 2239 modo
1491 2180 1730 2239 armata
1778 2177 2112 2241 dissensio.
2820 2204 2864 2238 ιε)

574 2285 837 2349 XXVII.
891 2282 1057 2361 Quid
1107 2287 1223 2359 est,
1276 2282 1444 2364 quod
1492 2283 1657 2345 inter
1704 2286 1910 2347 cetera
1957 2303 2114 2365 quae
2162 2284 2344 2347 Iesus
2401 2284 2581 2347 Naue
2632 2302 2779 2369 erga

486 2392 851 2456 Israhelitas
912 2390 1236 2455 dominum
1303 2390 1532 2453 fecisse
1593 2391 2046 2453 commemorat
2102 2390 2283 2454 dicit:
2342 2390 2556 2453 misit
2613 2392 2779 2453 ante

487 2521 622 2565 uos
682 2519 963 2582 nespas
1023 2503 1095 2562 et
1144 2498 1376 2562 eiecit
1430 2497 1612 2562 illos
1662 2517 1697 2560 a
1744 2498 1941 2561 facie
1999 2502 2298 2562 uestra?
2362 2497 2530 2579 quod
2588 2498 2780 2560 etiam

486 2607 547 2668 in
596 2606 757 2669 libro
807 2605 1164 2687 Sapientiae
1213 2604 1450 2686 legitur
1496 2623 1611 2668 nec
1658 2607 1869 2667 tamen
1921 2603 2167 2686 uspiam
2226 2605 2467 2668 factum
2527 2622 2670 2666 esse
2715 2603 2776 2665 in

488 2712 587 2774 his
621 2731 778 2792 quae
811 2715 990 2793 gesta
1022 2712 1167 2773 sunt
1199 2710 1533 2772 inuenitur.
1560 2730 1632 2773 an
1666 2710 1826 2773 forte
1857 2711 2162 2773 translato
2195 2711 2387 2774 uerbo
2423 2727 2770 2791 „nespas·
2813 2735 2862 2771 20

488 2817 774 2900 intellegi
852 2817 1057 2880 uoluit
1132 2815 1465 2878 acerrimos
1541 2816 1786 2880 timoris
1863 2818 2138 2892 30111003,
2206 2817 2436 2898 quibus
2505 2816 2776 2898 quodam

488 2923 674 2986 modo
750 2923 1116 2986 uolantibus
1183 2922 1544 2986 rumoribus
1619 2923 2080 3006 pungebantur.
2149 2928 2223 2987 ut
2287 2925 2602 3006 fugerent,
2671 2929 2778 2986 aut

489 3030 690 3093 aerios
741 3030 1022 3093 occultos
1075 3028 1358 3111 spiritus,
1410 3029 1576 3110 quod
1625 3030 1685 3093 in
1736 3031 1979 3110 psalmo
2041 3030 2222 3093 dicit:
2280 3049 2409 3112 per
2467 3029 2776 3113 angelos

490 3136 908 3218 malignos?
966 3135 1087 3199 nisi
1134 3136 1294 3199 forte
1343 3135 1484 3216 quis
1546 3136 1717 3199 dicat
1763 3156 1883 3201 11011
1944 3136 2152 3200 omnia
2201 3155 2359 3218 quae
2417 3137 2586 3200 facta
2633 3141 2780 3199 sunt

491 3260 629 3305 esse
687 3241 1042 3322 conscripta
1108 3246 1170 3306 et
1235 3242 1354 3306 hoc
1412 3260 1664 3324 quoque
1730 3242 2071 3306 uisibiliter
2132 3242 2392 3316 factum.
2460 3246 2530 3305 ut
2597 3261 2776 3306 ueras
2810 3265 2863 3303 25

490 3367 718 3430 uespas
767 3348 924 3412 uelit
970 3348 1278 3432 intellegi.

576 3454 869 3519 XXVIII.
948 3455 1112 3534 Quid
1188 3458 1303 3532 est,
1375 3455 1543 3536 quod
1611 3455 1768 3517 dixit
1830 3455 2046 3519 Iesus.
2089 3454 2165 3518 ad
2232 3455 2572 3537 populum:
2642 3473 2775 3516 non

672 3699 695 3751 1
741 3704 805 3752 cf.
846 3698 1063 3753 Hieron.
1106 3703 1143 3752 t.
1175 3699 1409 3753 XXVIII
1449 3716 1490 3752 c.
1522 3700 1698 3753 XXIV
1725 3719 1774 3769 p.
1808 3700 1911 3754 502
2024 3701 2056 3752 6
2097 3700 2164 3754 c.f
2193 3700 2329 3753 Rom
2335 3702 2429 3761 .‚9
2460 3701 2491 3754 8
2605 3699 2633 3750 7
2673 3697 2774 3750 Ios.

488 3788 575 3844 24.
612 3786 669 3841 11
772 3787 970 3840 17103.
1002 3788 1085 3842 24.
1119 3789 1183 3840 12
1282 3789 1345 3840 18
1375 3790 1436 3841 cf.
1469 3789 1592 3858 Sap.
1630 3790 1709 3852 12,
1739 3789 1773 3842 8
1867 3791 1932 3842 23
1962 3789 2051 3846 Ρ3
2083 3790 2168 3848 7.7
2198 3791 2268 3842 49
2361 3791 2428 3842 27
2460 3789 2517 3841 10
2491 3806 2565 3844 03.
2596 3790 2681 3844 24,
2714 3785 2776 3836 19

565 3963 587 4014 1
633 3960 795 4014 indu&
836 3961 922 4028 N;
961 3962 1114 4030 apud
1148 3962 1380 4016 Hieron.
1424 3964 1646 4031 leqz'tur:
1686 3963 1880 4017 adduxi
2047 3964 2306 4018 chanaam
2357 3964 2465 4017 VT
2568 3966 2602 4017 4
2641 3963 2774 4016 cxci-

489 4050 670 4118 piatur
698 4049 743 4103 S
851 4051 879 4101 7
921 4053 1046 4120 πρὸς
1079 4050 1208 4120 ὑμᾶς
1238 4052 1353 4106 cod.
1384 4053 1543 4106 Alae.
1686 4054 1749 4106 10
1783 4053 2040 4106 aduersus
2071 4051 2247 4106 8de
2358 4053 2421 4105 12
2454 4052 2710 4106 aduersus
2739 4051 2781 4104 S

492 4139 557 4190 15
597 4137 864 4192 discensio
903 4138 963 4190 N
1092 4141 1155 4193 16
1195 4157 1334 4193 naue
1375 4141 1532 4194 deum
1571 4142 1638 4196 N
1742 4144 1804 4196 17
1848 4143 2149 4211 dominum]
2188 4143 2345 4196 deum
2388 4142 2471 4206 (in
2508 4160 2607 4212 my.
2648 4140 2772 4195 aad.

490 4242 556 4278 m.
596 4230 653 4292 2)
695 4227 811 4279 PV
844 4215 969 4279 (Inui
1011 4228 1093 4290 (in
1131 4245 1228 4297 my.
1271 4230 1401 4283 add.
1442 4247 1508 4284 m.
1547 4235 1604 4293 2)
1647 4229 1703 4292 S,
1744 4247 1844 4285 om.
1882 4231 1939 4282 N
2152 4232 2406 4284 conuenit
2442 4246 2565 4284 eum
2601 4231 2777 4284 uerbis

489 4313 629 4383 Lay.
711 4317 777 4369 18
806 4334 837 4368 a
867 4316 1003 4369 facie
1036 4321 1217 4370 uestra
1249 4335 1388 4371 eras.
1418 4320 1480 4370 in
1518 4319 1570 4372 V
1641 4321 1706 4373 19
1736 4321 1936 4373 factum
1961 4337 2061 4374 om.
2084 4319 2130 4374 S
2200 4322 2369 4387 2lpr.
2392 4319 2715 4388 quibusdam
2743 4317 2783 4370 T

489 4405 557 4455 22
598 4405 979 4474 pugnebantur
1018 4406 1076 4456 ‚V
1182 4408 1248 4460 23
1290 4408 1437 4460 dicat
1484 4408 1551 4459 1³¹
1664 4412 1728 4462 25
1769 4410 1852 4476 ut]
1895 4415 1946 4462 et
1988 4410 2053 4462 N
2157 4412 2222 4463 26
2263 4409 2432 4462 uellet
2476 4408 2527 4461 T
