3076 4976
413 456 539 518 196
1118 453 1172 508 S.
1227 453 1501 506 Aureli
1559 453 1993 523 Augustini

503 648 776 713 CLXIII.
855 648 1023 728 Quid
1089 652 1187 712 est
1255 649 1422 730 quod
1483 649 1600 713 ait:
1671 652 1743 713 et
1797 669 1937 714 non
1997 649 2319 714 dormiet
2372 650 2442 713 in
2500 668 2707 713 mane

414 756 836 819 immolatio
911 755 1462 820 sollemnitatis
1535 757 1891 838 paschae,
1976 756 2098 820 nisi
2173 755 2341 838 quod
2416 756 2708 838 superius

412 866 624 946 aperte
669 862 1008 944 praecepit,
1057 881 1132 926 ne
1182 861 1423 943 aliquid
1481 882 1554 926 ex
1607 882 1856 944 pecore,
1917 862 2086 944 quod
2140 863 2530 939 immolatur,
2580 880 2707 926 car-

411 969 584 1033 nium
653 969 1046 1050 relinquatur
1108 969 1170 1033 in
1233 974 1457 1033 mane?
1525 969 1636 1033 sed
1698 970 1939 1035 locutio
2007 970 2163 1034 fecit
2225 969 2707 1045 obscuritatem;

413 1076 734 1139 dormiet
781 1076 946 1138 enim
996 1075 1153 1139 dixit
1197 1096 1307 1158 pro
1365 1074 1745 1152 „manebit“.
2774 1098 2802 1136 5

505 1182 812 1246 CLXIIII.
888 1181 1045 1245 Non
1113 1200 1389 1264 coques
1458 1201 1727 1265 agnum
1783 1182 1855 1246 in
1911 1184 2113 1247 lacte
2171 1182 2434 1247 matris
2507 1201 2706 1246 suae.

413 1307 556 1351 ecce
604 1287 759 1350 dixit
804 1287 1036 1351 iterum
1086 1286 1253 1368 quod
1303 1288 1839 1369 quemadmodum
1887 1288 2169 1372 intellegi
2216 1289 2424 1371 possit
2466 1289 2729 1371 ignoro..

412 1414 644 1477 magna
687 1397 899 1457 tamen
952 1397 1050 1457 est
1096 1395 1172 1457 de
1224 1393 1475 1459 Christo
1533 1395 1886 1478 prophetia,
1944 1396 2136 1459 etiam
2194 1396 2248 1459 si
2303 1395 2435 1458 fieri
2486 1395 2563 1458 ad
2607 1395 2710 1458 lit-

410 1502 610 1563 teram
659 1498 886 1580 possit,
937 1502 1171 1581 quanto
1220 1498 1423 1583 magis
1464 1500 1519 1563 si
1557 1520 1678 1563 non
1720 1503 1957 1582 potest!
2006 1500 2069 1563 in
2110 1501 2506 1565 sermonibus
2544 1501 2710 1563 enim

414 1605 515 1671 dei
563 1626 684 1669 non
735 1609 887 1669 sunt
934 1606 1011 1669 ad
1057 1606 1509 1687 proprietatem
1559 1625 1819 1688 operum
1868 1606 2077 1671 omnia
2121 1608 2495 1681 reuocanda,
2544 1606 2713 1670 sicut
2751 1633 2806 1672 ιο

412 1732 525 1777 nec
574 1712 736 1778 illud
785 1712 860 1775 de
907 1716 1086 1795 petra
1142 1716 1206 1776 et
1262 1730 1531 1775 cauerna
1587 1713 1723 1776 eius
1782 1716 1846 1777 et
1899 1733 2123 1777 manus
2181 1714 2708 1797 superpositione.

413 1819 523 1883 sed
570 1820 753 1901 plane
802 1819 878 1882 de
924 1817 1047 1882 fide
1096 1818 1431 1883 narratoris
1480 1819 1598 1883 hoc
1649 1819 2023 1903 exigendum
2073 1824 2189 1897 est,
2230 1824 2303 1885 ut
2350 1840 2508 1903 quae
2556 1820 2713 1883 dicit

413 1928 583 1991 sacta
638 1946 777 1992 esse
836 1947 984 1991 uere
1031 1928 1200 1991 facta
1247 1928 1376 1991 sint
1424 1931 1487 1991 et
1534 1946 1693 2008 quae
1743 1927 1899 1991 dicit
1946 1928 2117 1991 dicta
2161 1947 2302 1991 esse
2351 1947 2496 1991 uere
2544 1926 2713 1991 dicta

412 2036 557 2098 sint.
619 2035 787 2116 quod
836 2035 1109 2118 exigitur
1156 2036 1347 2099 etiam
1398 2055 1433 2099 a
1479 2035 1906 2099 narratoribus
1957 2035 2300 2118 euangelii;
2351 2053 2498 2099 cum
2544 2034 2709 2097 enim

414 2139 739 2205 Christum
805 2144 1058 2204 narrent
1124 2139 1433 2221 quaedam
1500 2139 1733 2202 dixisse
1800 2159 1958 2221 quae
2024 2139 2085 2203 in
2151 2140 2468 2222 parabolis
2535 2140 2710 2215 dixit,
2754 2167 2806 2206 15

412 2254 623 2311 tamen
700 2248 855 2311 haec
931 2266 1075 2311 eum
1152 2246 1382 2311 dixisse
1449 2265 1573 2310 non
1638 2247 1962 2329 parabola,
2029 2246 2141 2310 sed
2206 2246 2511 2311 historica
2578 2267 2712 2311 nar-

410 2356 570 2419 ratio
620 2365 736 2418 est.

506 2459 746 2526 CLXV.
823 2462 920 2524 Et
986 2464 1158 2525 erat
1223 2459 1339 2525 ibi
1385 2460 1710 2543 Moyses
1766 2460 1844 2524 in
1903 2462 2349 2543 conspectu
2409 2460 2711 2526 domini

412 2568 964 2651 quadraginta
1020 2568 1308 2632 diebus
1368 2572 1445 2631 et
1500 2567 2047 2650 quadraginta
2101 2568 2525 2644 noctibus;
2592 2588 2711 2650 pa-

417 2694 587 2738 nem
645 2693 794 2738 non
854 2675 1390 2738 manducauit
1447 2677 1523 2736 et
1581 2693 1858 2755 aquam
1917 2693 2063 2736 non
2121 2674 2358 2738 bibit.
2435 2674 2603 2756 quod
2651 2678 2714 2738 et
2750 2706 2806 2744 20

412 2786 553 2845 ante
603 2781 859 2856 dixerat,
912 2781 1162 2861 quando
1221 2781 1472 2844 tabulas
1532 2780 1800 2863 accepit,
1861 2799 2017 2861 quas
2077 2781 2287 2864 fregit,
2345 2781 2464 2845 hoc
2523 2781 2712 2845 etiam

409 2888 596 2951 modo
654 2887 905 2970 repetit,
955 2907 1074 2950 non
1123 2886 1599 2971 recapitulando
1650 2886 1819 2967 quod
1865 2887 2105 2950 factum
2156 2891 2272 2964 est,
2323 2887 2435 2951 sed
2481 2887 2710 2952 iterum

410 2995 652 3058 factum
722 3013 863 3057 esse
930 2994 1399 3059 commendans.
1477 2993 1772 3075 repetitio
1842 2994 2074 3076 quippe
2139 2994 2303 3077 legis
2369 2994 2495 3058 iam
2562 2994 2711 3075 quid

413 3100 734 3183 significet
789 3100 1081 3164 diximus.
1160 3100 1329 3183 quod
1388 3104 1600 3164 autem
1658 3099 1778 3163 ait:
1848 3120 2121 3182 panem
2189 3120 2337 3163 non
2402 3101 2714 3165 mandu-

413 3207 640 3271 cauit
679 3210 757 3271 et
795 3228 1074 3289 aquam
1113 3227 1259 3271 non
1299 3207 1536 3282 bibit,
1578 3206 1973 3289 intellegitur
2017 3206 2426 3284 „ieiunauit“,
2467 3226 2502 3269 a
2539 3210 2713 3290 parte
2752 3237 2809 3276 25

411 3317 642 3388 totum,
701 3314 766 3378 id
823 3318 922 3379 est
976 3315 1228 3379 nomine
1286 3314 1466 3395 panis
1526 3331 1776 3377 omnem
1833 3314 2044 3377 cibum
2096 3318 2159 3378 et
2204 3313 2457 3378 nomine
2514 3332 2712 3396 aquae

416 3438 666 3483 omnem
711 3425 933 3502 potum
985 3420 1379 3504 significante
1431 3419 1763 3503 scriptura.

506 3525 777 3590 CLXVI.
845 3528 940 3589 Et
1001 3526 1350 3608 scripsit
1404 3526 1478 3588 in
1535 3526 1852 3589 tabulis
1912 3526 2159 3589 uerba
2205 3525 2710 3602 testamenti,

413 3631 681 3695 decem
742 3633 1005 3696 uerba.
1082 3633 1157 3697 de
1206 3633 1430 3715 Moyse
1488 3632 1731 3695 dictum
1790 3635 1890 3695 est
1946 3632 2113 3715 quod
2168 3632 2306 3713 ipse
2365 3631 2711 3714 scripserit,

597 3824 619 3873 1
663 3821 755 3874 Ex.
796 3823 881 3885 34,
920 3822 988 3875 25
1099 3824 1132 3877 6
1170 3824 1268 3876 Ex.
1308 3825 1396 3889 34,
1437 3825 1506 3877 2⁴3
1621 3826 1680 3877 11
1727 3823 1794 3878 cf.
1833 3822 1930 3876 Ex.
1972 3824 2058 3886 33,
2099 3825 2168 3876 22
2284 3825 2349 3878 18
2387 3823 2488 3877 Ex.
2526 3824 2612 3886 34,
2640 3822 2712 3874 28

411 3909 481 3963 28
517 3909 614 3963 Ex.
654 3911 740 3974 34,
780 3912 848 3963 28

482 4026 516 4078 4
554 4025 787 4078 immane
827 4024 873 4079 S
944 4027 972 4078 7
1010 4026 1151 4094 quod
1193 4027 1282 4080 uel
1327 4027 1377 4079 T
1448 4029 1508 4081 11
1555 4031 1611 4080 et
1648 4027 2048 4082 cauerna—sed
2086 4028 2179 4098 pla
2217 4045 2319 4082 om.
2349 4027 2416 4080 N
2486 4027 2550 4079 12
2589 4043 2713 4080 nar-

410 4115 637 4166 rationis
675 4113 833 4166 PSV
922 4114 985 4167 13
1026 4115 1122 4167 alt.
1163 4115 1342 4169 sactae
1383 4117 1436 4168 P
1562 4117 1802 4169 et—sint
1838 4134 1938 4170 om.
1980 4116 2027 4171 S
2144 4116 2291 4170 dicet
2329 4117 2372 4169 C
2466 4117 2531 4169 14
2570 4116 2712 4168 enim

412 4221 512 4258 om.
562 4203 857 4256 (PNV1T
1000 4207 1064 4258 15
1120 4208 1346 4258 narrant
1388 4206 1439 4258 T
1585 4207 1649 4260 16
1702 4206 1894 4275 parala
1932 4206 1977 4257 C
2118 4207 2186 4259 27
2248 4223 2461 4259 omnem
2513 4221 2615 4259 om.
2667 4204 2719 4257 V

411 4293 480 4345 28
518 4292 735 4346 tabulas
773 4292 960 4360 NEuy
998 4293 1100 4362 (ed.
1139 4293 1353 4347 Knoell
1379 4310 1441 4360 p.
1487 4297 1630 4361 400)
1754 4295 1821 4348 29
1849 4293 2512 4361 sortasse'scribendum:
2548 4293 2717 4347 uerba

411 4381 546 4434 haec
693 4381 758 4434 de
797 4381 983 4452 Moyse
1021 4399 1124 4436 om.
1162 4381 1228 4434 N
