3076 4976
663 490 1137 556 Quaestionum
1175 491 1289 547 lib.
1330 492 1403 545 VI
1445 492 1734 558 (Quaest.
1776 494 1850 548 de
1889 495 2038 549 Iesu
2077 495 2302 561 Naue).
2505 502 2631 565 447

340 692 458 750 est
515 686 602 750 ad
658 706 792 751 uos
851 686 1101 753 hodie:
1170 691 1244 751 et
1308 687 1427 751 hic
1494 688 1642 751 erit
1704 688 1924 753 uobis
1974 690 2046 753 in
2105 691 2628 756 testimonium

337 794 407 857 in
479 794 925 857 nouissimis
993 793 1282 872 diebus,
1353 813 1515 858 cum
1582 796 1889 859 mentiti
1957 797 2265 861 fueritis
2334 798 2627 863 domino

338 900 469 963 deo
517 905 796 965 uestro.
845 900 1003 964 haec
1050 901 1246 965 uerba
1293 899 1401 981 qui
1440 919 1561 964 non
1601 901 1663 964 in
1705 901 2036 982 superficie
2074 906 2323 967 tantum
2363 905 2633 970 audiunt

336 1007 446 1070 sed
496 1007 816 1088 aliquanto
867 1006 1060 1071 altius
1109 1011 1605 1089 perscrutantur,
1670 1028 2062 1090 nequaquam
2121 1013 2370 1074 tantum
2417 1012 2626 1076 uirum

271 1133 297 1171 5
335 1116 462 1176 tam
532 1112 934 1194 insipientem
999 1119 1223 1194 putare
1291 1113 1540 1190 debent,
1605 1118 1675 1178 ut
1722 1116 1916 1179 uerba
1981 1116 2078 1180 dei
2147 1136 2306 1198 quae
2369 1118 2626 1181 locutus

334 1223 431 1284 est
476 1220 710 1301 populo
778 1219 1121 1283 inanimum
1179 1220 1453 1302 lapidem
1524 1220 1776 1285 audisse
1843 1222 2206 1287 crediderit:
2277 1225 2384 1306 qui
2432 1225 2621 1289 etiam

333 1327 387 1389 si
437 1327 511 1389 ab
563 1325 801 1390 artifice
850 1327 911 1390 in
960 1326 1234 1390 hominis
1294 1326 1783 1392 similitudinem
1841 1328 2161 1411 effigiatus
2221 1336 2410 1407 esset,
2460 1329 2627 1394 inter

330 1433 476 1497 illos
515 1433 737 1514 utique
788 1432 1215 1515 deputaretur,
1266 1433 1340 1497 de
1390 1434 1621 1516 quibus
1669 1434 1732 1497 in
1780 1437 2026 1516 psalmo
2078 1437 2351 1501 canitur:
2400 1456 2620 1502 aures

331 1538 608 1602 habent
656 1545 728 1603 et
775 1558 914 1603 non
965 1538 1294 1603 audient.
1356 1559 1558 1622 neque
1608 1541 1771 1603 enim
1822 1541 1994 1606 idola
2050 1543 2336 1625 gentium
2394 1562 2618 1606 aurum

240 1667 290 1705 ιο
330 1649 393 1709 et
457 1649 783 1728 argentum
852 1646 988 1709 sola
1053 1666 1172 1710 non
1242 1646 1508 1710 audiunt
1569 1649 1651 1721 et,
1702 1648 1757 1712 si
1803 1648 2052 1729 lapidea
2118 1650 2265 1727 sint,
2333 1650 2616 1714 audiunt.

330 1752 440 1815 sed
504 1772 615 1835 per
678 1753 847 1817 hunc
910 1753 1183 1835 lapidem
1252 1754 1532 1834 profecto
1604 1755 1784 1818 illum
1853 1755 2260 1839 significauit,
2324 1757 2430 1839 qui
2495 1758 2621 1821 fuit

328 1860 491 1942 lapis
558 1860 917 1924 offensionis
984 1880 1104 1925 non
1175 1860 1578 1926 credentibus
1642 1862 1894 1926 Iudaeis
1963 1866 2027 1927 et
2071 1868 2250 1945 petra
2315 1864 2614 1941 scandali,

328 1967 435 2048 qui
501 1985 645 2030 cum
712 1968 1151 2049 reprobaretur
1199 1968 1274 2031 ab
1332 1967 1836 2043 aedificantibus,
1893 1969 2099 2034 factus
2162 1974 2258 2035 est
2304 1971 2363 2034 in
2425 1976 2619 2052 caput

324 2073 557 2157 anguli.
626 2093 811 2155 quem
870 2074 1321 2157 praefigurauit
1369 2079 1433 2139 et
1478 2075 1591 2139 illa
1637 2080 1813 2157 petra
1871 2096 2028 2157 quae
2086 2080 2307 2160 potum
2368 2078 2612 2142 sitienti

230 2198 282 2237 ιτ»
323 2181 555 2262 populo
602 2182 774 2264 ligno
823 2200 1127 2263 percussa
1173 2181 1473 2262 profudit,
1525 2182 1600 2245 de
1651 2202 1776 2264 qua
1814 2182 1971 2246 dicit
2009 2185 2364 2265 apostolus:
2414 2184 2612 2249 bibe·

320 2288 501 2351 bant
550 2293 799 2352 autem
848 2288 932 2351 de
983 2288 1321 2370 spiritali
1381 2290 1733 2370 sequenti
1789 2294 2030 2370 petra3
2089 2293 2303 2370 petra
2359 2295 2606 2356 autem

321 2400 479 2458 erat
527 2392 901 2458 Christus.
969 2394 1135 2458 unde
1184 2398 1247 2458 et
1294 2394 1573 2458 cultellis
1638 2394 1902 2476 petrinis
1968 2395 2278 2476 populum
2347 2396 2610 2460 circum-

318 2502 475 2565 cidit
517 2502 640 2565 iste
699 2501 926 2565 ductor
974 2502 1294 2586 egregius:
1357 2502 1465 2584 qui
1522 2503 1711 2566 cultri
1769 2502 1998 2584 petrini
2055 2521 2199 2566 cum
2257 2503 2368 2566 illo
2419 2504 2611 2567 etiam

318 2608 552 2690 sepulti
601 2611 768 2685 sunt,
816 2611 891 2672 ut
937 2607 1319 2689 profundum
1365 2609 1742 2691 mysten'um
1791 2609 2293 2674 demonstrarent
2338 2610 2609 2691 posteris

220 2735 276 2772 20
310 2715 733 2797 profuturum.
792 2715 883 2778 sic
943 2733 1088 2797 ergo
1138 2717 1202 2778 et
1246 2714 1442 2779 istum
1493 2713 1768 2796 lapidem
1826 2734 2208 2797 quamquam
2268 2716 2610 2781 uisibiliter

314 2826 628 2886 statutum
668 2820 1037 2903 spiritaliter
1075 2821 1377 2886 debemus
1420 2823 1704 2904 accipere
1744 2822 1804 2886 in
1844 2821 2283 2887 testimonium
2321 2824 2606 2888 futurum

314 2928 565 2992 Iudaeis
648 2929 1031 3004 infidelibuS,
1107 2928 1227 2992 hoc
1295 2931 1393 2992 est
1458 2929 1933 3004 mentientibus,
2003 2928 2078 2992 de
2154 2929 2384 3011 quibus
2453 2930 2611 2994 dicit

313 3036 627 3118 psalmus:
693 3035 987 3099 inimici
1055 3034 1334 3101 domini
1400 3037 1705 3100 mentiti
1774 3039 1950 3099 sunt
2015 3037 2101 3100 ei.
2169 3056 2372 3118 neque
2440 3037 2607 3102 enim

311 3143 565 3221 frustra,
635 3163 778 3207 cum
845 3142 970 3206 iam
1037 3142 1136 3206 dei
1185 3144 1464 3207 famulus
1530 3144 1789 3225 Moyses
1854 3143 1956 3207 uel
2020 3143 2236 3225 potius
2285 3162 2395 3225 per
2460 3164 2605 3208 eum

214 3269 274 3309 25
314 3250 470 3314 deus
545 3249 973 3331 disposuisset
1038 3249 1114 3312 ad
1178 3249 1487 3331 populum
1554 3252 2031 3325 testamentum,
2101 3250 2269 3332 quod
2333 3250 2395 3313 in
2464 3270 2606 3314 arca

312 3361 465 3433 erat,
526 3377 682 3439 quae
741 3356 910 3421 dicta
957 3360 1057 3420 est
1113 3375 1253 3420 arca
1309 3356 1698 3432 testamenti,
1751 3360 1814 3420 et
1860 3356 1922 3420 in
1971 3356 2151 3421 libris
2206 3355 2371 3440 legis
2429 3361 2606 3421 tanta

311 3467 846 3527 sacramentorum
932 3467 996 3528 et
1076 3466 1558 3545 praeceptorum
1641 3463 2118 3545 multiplicitate
2203 3463 2601 3546 conscriptis,

309 3575 522 3633 tamen
572 3570 759 3633 etiam
807 3570 910 3633 hic
960 3570 1201 3634 dictum
1250 3574 1374 3635 est:
1427 3569 1818 3653 disposuit
1856 3570 2072 3635 lesus
2114 3571 2198 3634 ad
2237 3571 2598 3652 populum

308 3678 847 3739 testamentum
888 3677 957 3740 in
998 3676 1136 3740 illa
1175 3676 1313 3741 die.
1352 3678 1647 3759 repetitio
1688 3677 1922 3760 quippe
1961 3677 2328 3742 testamenti
2361 3696 2598 3741 nouum

487 3849 519 3903 8
557 3850 645 3908 ΡΒ.
687 3851 805 3912 113,
850 3851 913 3903 14
954 3853 1029 3915 (6)
1126 3851 1157 3903 9
1198 3850 1261 3904 cf.
1292 3851 1379 3905 Ps.
1415 3852 1533 3914 113,
1568 3852 1666 3915 12;
1711 3853 1829 3916 134,
1865 3854 1928 3906 15
2024 3852 2089 3905 13
2130 3850 2196 3904 cf.
2229 3851 2317 3904 Ps.
2349 3852 2466 3910 117,
2500 3850 2594 3913 22;

302 3941 328 3994 1
370 3939 514 3996 Petr.
554 3941 602 4004 2,
643 3941 689 3996 7.
730 3939 762 3992 8
911 3940 973 3993 15
1014 3939 1041 3992 1
1079 3937 1196 3994 Cor.
1238 3939 1322 4004 10,
1361 3940 1395 3992 4
1544 3941 1608 3994 17
1649 3940 1716 3995 cf.
1755 3940 1861 3994 Ios,
1901 3943 1952 4002 5,
1993 3941 2043 3993 2.
2083 3940 2115 3993 3
2267 3941 2330 3992 18
2385 3938 2448 3992 cf.
2488 3939 2594 3994 Ios.

300 4030 391 4090 24,
431 4029 493 4083 31
541 4029 652 4093 (30)
789 4030 857 4082 23
895 4029 984 4082 Ps.
1023 4028 1108 4091 80,
1153 4029 1215 4083 16
1355 4030 1423 4082 24
1461 4029 1528 4082 cf.
1567 4029 1661 4082 Ex.
1702 4031 1787 4092 24,
1827 4029 1858 4080 3
1898 4045 2014 4098 sqq.
2145 4029 2211 4080 28
2251 4027 2355 4079 Ios.
2396 4027 2485 4090 24,
2524 4027 2595 4080 25

373 4152 406 4203 2
446 4167 566 4203 cum
603 4165 705 4203 om.
742 4149 810 4203 N
911 4151 943 4203 3
985 4149 1126 4220 ὑμῶν
1164 4149 1304 4220 Lay.
1426 4152 1458 4204 6
1496 4152 1854 4204 inanimatum
1901 4151 1951 4203 T
2065 4151 2128 4203 10
2167 4149 2600 4211 et‚si—audiunt

297 4256 403 4293 om.
444 4238 492 4293 S
665 4239 777 4292 sint
813 4254 916 4292 om.
953 4239 1009 4292 P
1152 4240 1212 4293 11
1256 4240 1377 4292 fluit
1414 4240 1478 4292 N
1624 4241 1690 4293 14
1728 4240 1908 4308 angeli
1947 4239 2020 4292 Ρι
2154 4240 2217 4292 15
2255 4236 2498 4308 perfudit
2534 4238 2592 4292 N

302 4327 371 4380 16
410 4329 660 4396 sequenti
700 4344 791 4382 eos
819 4327 882 4380 N
984 4328 1054 4380 20
1094 4329 1343 4396 quamuis
1375 4329 1426 4381 T
1530 4330 1600 4382 24
1638 4329 1746 4381 iam
1784 4344 1886 4381 om.
1917 4328 1980 4381 N
2085 4329 2153 4380 29
2193 4327 2391 4397 quippe
2421 4329 2592 4381 testa-

295 4419 540 4470 mentum
579 4415 635 4469 P
