3076 4976
658 513 1132 579 Quaestionum
1172 515 1283 569 lib.
1322 515 1427 569 VII
1467 516 1756 583 (Quaest.
1797 515 1870 570 de
1908 515 2295 583 Iudicibus).
2498 519 2629 583 479

335 709 526 774 fiebat
572 711 828 786 oriente,
875 710 941 774 id
988 714 1087 775 est
1133 711 1211 775 ad
1260 714 1467 775 ortum
1516 711 1810 776 ueniente
1860 715 1925 775 et
1968 712 2282 796 fulgorem
2321 731 2510 776 suum
2551 713 2629 777 de

337 835 488 880 suae
535 818 925 898 praesentiae
972 811 1440 901 propinquitate
1488 818 1784 883 iactante.
1861 838 2050 900 quam
2105 819 2314 883 lucem
2370 819 2628 901 quidam

335 924 568 989 idiotae
625 925 781 990 solis
839 944 959 989 non
1019 945 1158 989 esse
1214 930 1624 1008 putauerunt,
1675 925 1786 989 sed
1845 944 1984 990 esse
2040 925 2237 1002 illam,
2288 945 2449 1006 quae
2504 926 2628 1008 pri-

336 1033 532 1098 mitus
581 1033 836 1097 condita
884 1036 1003 1109 est,
1054 1035 1387 1116 antequam
1441 1032 1596 1096 deus
1646 1035 1869 1114 quarto
1919 1032 2020 1096 die
2069 1032 2365 1097 conderet
2403 1033 2626 1097 solem.

424 1139 679 1204 XLVII.
747 1140 844 1203 Et
900 1139 1262 1203 surrexit
1316 1142 1501 1222 post
1556 1138 2055 1216 Abimelech‚
2115 1140 2250 1221 qui
2309 1138 2626 1204 saluum

335 1246 652 1311 faceret
712 1246 1064 1323 Israhel,
1132 1246 1386 1310 Thola
1442 1245 1684 1309 filius
1742 1246 1998 1321 Phua,
2057 1247 2298 1310 filius
2359 1243 2628 1328 patris

336 1353 623 1417 fratris
667 1353 865 1429 eius,
906 1353 1032 1416 uir
1067 1353 1468 1416 Issachar.
1510 1352 1714 1417 filium
1752 1354 1963 1434 patrui
2004 1353 2142 1417 eius
2183 1353 2340 1416 dixit
2385 1352 2627 1428 „filium

335 1460 533 1541 patris
582 1460 790 1524 fratris
840 1461 1045 1537 eius“‚
1096 1479 1238 1524 curn
1281 1460 1631 1524 ordinatius
1672 1464 1736 1525 et
1773 1460 2078 1524 usitatius
2118 1464 2306 1542 atque
2346 1460 2628 1541 apertius

338 1565 684 1631 diceretur:
752 1566 951 1631 filium
1008 1567 1220 1630 fratris
1276 1567 1472 1649 patris
1532 1568 1699 1642 eius;
1758 1567 1929 1631 filius
1988 1567 2153 1630 enim
2221 1569 2355 1631 erat
2416 1566 2626 1648 patmi

246 1689 299 1726 ¹0
339 1673 496 1750 eius,
547 1674 719 1737 sicut
772 1673 1131 1738 euidentius
1190 1674 1250 1738 in
1309 1693 1379 1737 ea
1435 1674 1954 1755 interpretatione
2013 1693 2171 1755 quae
2228 1693 2299 1737 ex
2355 1673 2627 1737 hebraeo

339 1783 438 1843 est
492 1781 829 1845 inuenitur.
897 1800 1019 1845 non
1078 1799 1227 1865 ergo
1285 1781 1453 1862 quod
1502 1780 1747 1845 dictum
1795 1783 1894 1845 est
1949 1780 2246 1863 „patris
2297 1779 2618 1844 fratris“

339 1885 414 1948 ab
464 1905 535 1949 eo
586 1887 967 1951 declinatum
1019 1891 1120 1952 est
1166 1887 1333 1969 quod
1382 1890 1482 1952 est
1526 1887 1590 1951 in
1640 1887 2032 1952 nominatiuo
2092 1890 2305 1969 „pater
2348 1886 2626 1963 fratris“‚

339 1991 449 2056 sed
515 1994 591 2057 ab
650 2013 721 2058 eo
781 1994 949 2076 quod
1005 1998 1106 2058 est
1167 1994 1401 2077 „patris
1460 1995 1722 2066 frater“;
1781 1995 1901 2058 hoc
1960 1997 2059 2059 est
2115 1994 2281 2058 enim
2335 1996 2623 2074 patruus,

340 2118 482 2162 nam
541 2099 677 2164 siue
733 2105 1004 2183 ponatur
1057 2101 1122 2166 in
1180 2101 1602 2166 nominatiuoz
1660 2101 1764 2165 hic
1820 2106 1998 2182 pater
2051 2100 2284 2176 fratris,
2334 2099 2471 2163 siue
2517 2118 2625 2181 po·

248 2222 300 2262 ιε»
339 2198 553 2269 natur:
601 2206 702 2270 hic
740 2208 939 2290 patris
977 2209 1188 2283 frater,
1227 2208 1600 2290 genetiuum
1640 2207 1795 2271 facit
1840 2207 2069 2283 „huius
2108 2207 2307 2290 patris
2347 2205 2624 2269 fratris“.

338 2330 561 2376 uerum
610 2313 806 2377 altera
853 2315 1051 2378 oritur
1098 2315 1405 2397 quaesti0‚
1453 2315 1770 2396 quomodo
1819 2314 2012 2378 fuerit
2060 2317 2322 2396 patruus
2370 2313 2625 2376 Abime-

340 2418 477 2481 lech
535 2419 659 2483 uir
713 2421 1114 2495 Issachar,
1164 2421 1229 2485 id
1285 2426 1384 2486 est
1438 2421 1538 2485 uir
1587 2421 1662 2485 de
1709 2421 1876 2484 tribu
1923 2420 2234 2497 Issachar‚
2283 2439 2429 2484 cum
2476 2419 2624 2482 Abi-

338 2524 581 2589 melech
644 2530 887 2608 patrem
952 2527 1248 2591 habuerit
1304 2526 1584 2603 Gedeon‚
1643 2526 1751 2608 qui
1811 2525 2066 2590 Gedeon
2134 2526 2207 2589 de
2271 2524 2443 2589 tribu
2501 2525 2627 2589 fuit

337 2632 651 2697 Manasse.
719 2634 1033 2716 quomodo
1093 2654 1241 2718 ergo
1288 2635 1469 2699 Phua
1525 2638 1589 2698 et
1639 2633 1892 2698 Gedeon
1949 2633 2174 2696 fratres
2228 2632 2502 2707 fuerunt,
2550 2635 2628 2696 ut

241 2758 296 2797 20
335 2739 544 2820 possit
589 2759 728 2805 esse
774 2742 958 2805 Phua
1001 2745 1267 2825 patruus
1315 2740 1707 2818 Abimelecli‚
1749 2739 1930 2805 cuius
1968 2739 2177 2821 patrui
2215 2738 2385 2803 filius
2424 2737 2627 2802 Thola

336 2847 706 2911 succederet
752 2848 1101 2913 secundum
1150 2848 1335 2912 istam
1388 2848 1810 2912 narrationem
1867 2847 1989 2930 ipsi
2036 2845 2450 2910 Abimelech‘?
2516 2864 2625 2927 po-

333 2955 594 3017 tuerunt
651 2973 797 3038 ergo
859 2953 1114 3019 Gedeon
1174 2959 1238 3018 et
1290 2956 1473 3019 Phua
1530 2975 1719 3019 unam
1768 2954 1997 3039 habere
2044 2957 2331 3028 matrem,
2381 2970 2453 3015 ex
2501 2971 2622 3035 qua

336 3058 605 3125 diuersis
662 3062 948 3143 patribus
1007 3066 1416 3126 nascerentur
1472 3064 1536 3125 et
1591 3061 1813 3125 fratres
1871 3066 2086 3125 essent
2148 3062 2337 3125 unius
2402 3059 2626 3123 matris

334 3164 471 3243 filii,
521 3185 642 3231 non
692 3168 880 3231 unius
930 3168 1146 3248 patris,
1199 3168 1487 3233 solebant
1533 3169 1700 3232 enim
1748 3168 1982 3231 nubere
2029 3168 2300 3231 feminae
2348 3167 2425 3230 de
2483 3166 2623 3229 aliis

240 3292 296 3332 2⁵
335 3273 630 3338 tribubus
688 3274 750 3337 in
809 3275 965 3338 alias
1021 3275 1249 3338 tribus.
1316 3274 1482 3338 unde
1541 3277 1605 3338 et
1660 3274 1833 3351 Saul,
1893 3294 2040 3338 cum
2095 3277 2267 3338 esset
2322 3274 2396 3337 de
2451 3272 2622 3336 tribu

336 3379 683 3457 Beniamin,
733 3380 908 3445 dedit
953 3380 1146 3444 filiam
1196 3401 1377 3444 suam
1425 3380 1633 3445 Dauid
1679 3379 1921 3445 homini
1978 3380 2053 3443 de
2109 3380 2278 3444 tribu
2327 3378 2509 3455 Iuda3
2561 3380 2625 3441 et

514 3591 545 3641 5
575 3588 691 3641 Iud.
727 3590 808 3653 10,
846 3590 868 3642 1
966 3590 1026 3642 11
1063 3589 1128 3643 cf.
1159 3590 1378 3643 Hieron.
1408 3593 1449 3643 t.
1479 3589 1713 3644 XXVIII
1742 3608 1795 3659 p.
1827 3590 1930 3643 523
2023 3590 2091 3643 25
2121 3588 2185 3641 cf.
2218 3588 2242 3641 1
2271 3588 2404 3655 Reg.
2439 3586 2522 3651 18,
2552 3587 2620 3639 27

406 3732 440 3784 2
488 3748 585 3783 sua
621 3731 677 3784 P
816 3732 847 3785 3
899 3732 1048 3784 illam
1090 3748 1205 3785 esse
1244 3732 1364 3785 de
1508 3735 1538 3800 ᾧ
1578 3731 1916 3785 habimelech
1957 3731 2020 3783 N
2163 3730 2194 3783 6
2233 3729 2386 3782 Phua
2423 3745 2523 3781 om.
2561 3727 2628 3780 N

332 3820 363 3871 7
405 3821 616 3873 isachar
650 3819 812 3874 PSN
818 3821 922 3874 VT
1060 3820 1205 3874 filius
1244 3820 1312 3873 N
1428 3822 1463 3875 8
1501 3822 1683 3874 fratris
1724 3821 1891 3891 patris
1929 3819 2030 3874 PS
2061 3818 2231 3888 patris
2269 3818 2438 3887 patris
2477 3819 2616 3883 (sup.

328 3925 365 3977 p
399 3924 520 3976 pos.
558 3909 628 3975 fr)
667 3909 735 3962 N
852 3911 884 3963 9
924 3909 1127 3963 diceret
1163 3908 1211 3963 S
1320 3910 1385 3963 10
1424 3926 1531 3979 qua
1578 3909 1705 3963 V¹T
1822 3911 1882 3962 11
1929 3908 2071 3977 quod
2109 3924 2225 3975 exp.
2278 3906 2328 3957 V
2464 3909 2621 3975 pater

330 3996 516 4050 fratris
556 3997 608 4050 V
638 3998 822 4051 fratris
861 3999 1028 4067 patris
1058 3998 1116 4051 N
1251 4006 1381 4067 post
1417 3999 1599 4052 fratris
1636 3999 1908 4066 sequitur:
1946 4014 2006 4050 ex
2045 4013 2149 4065 quo
2188 3993 2525 4062 intellegitur
2552 3993 2618 4045 de

327 4086 477 4139 tribu
515 4087 623 4139 leui
663 4091 719 4139 et
755 4085 970 4139 filiabus
1010 4104 1172 4139 aaron
1213 4087 1306 4140 sed
1347 4087 1412 4140 ab
1443 4104 1506 4141 eo
1534 4103 1647 4155 sqq.
1686 4087 1737 4139 V
1844 4087 1909 4139 12
1949 4083 2293 4152 declinatum]
2334 4082 2533 4136 dictum
2573 4082 2622 4134 T

332 4178 398 4230 13
438 4162 526 4228 fe
564 4176 615 4228 T
723 4177 787 4230 15
824 4177 1019 4246 patris]
1061 4176 1246 4230 fratris
1283 4176 1351 4229 N
1470 4162 1578 4229 fi}
1611 4177 1662 4229 T
1786 4176 2089 4244 genitiuum
2118 4172 2369 4226 NVde
2493 4157 2622 4224 172·

332 4266 398 4319 17
440 4266 542 4318 uiri
579 4264 646 4317 N
766 4265 833 4317 19
871 4281 1144 4317 manasses
1182 4265 1247 4317 N
1279 4282 1495 4318 manase
1533 4264 1581 4319 S
1725 4264 1890 4316 frater
1925 4262 1992 4315 N
2111 4263 2174 4315 21
2218 4259 2524 4314 suscederet
2558 4259 2626 4312 N

324 4355 398 4408 22
434 4358 645 4424 patrem
684 4353 757 4407 Ρ1
877 4355 946 4408 23
982 4354 1228 4422 partibus
1266 4354 1340 4407 P¹
1458 4356 1528 4408 24
1568 4354 1736 4423 patris
1774 4369 1874 4409 om.
1914 4352 1982 4406 N
2102 4353 2169 4405 25
2209 4350 2364 4418 alias]
2407 4349 2530 4403 aliis
2568 4350 2623 4403 P

322 4446 397 4499 26
439 4443 702 4497 et—Iuda
737 4458 838 4497 om.
877 4443 932 4495 P
