3076 4976
528 469 611 531 84
1233 463 1285 517 S.
1344 461 1617 516 Aureli
1676 460 2111 530 Augustini

529 663 677 742 post
743 678 955 722 eorum
1026 656 1583 721 contrectationem
1652 654 1788 718 siue
1850 653 2382 734 qualemcumque
2458 653 2831 715 contactum

525 771 851 847 tamquam
901 765 977 828 ab
1025 762 1405 827 inmunditia
1450 761 1787 845 purificari.
1839 765 1904 824 et
1948 761 2091 824 hinc
2131 761 2240 824 illa
2282 758 2599 822 sententia
2639 758 2830 822 ducta

530 877 655 937 est:
692 872 821 954 qui
852 871 1328 953 baptizatur
1367 889 1400 932 a
1439 871 1756 933 mortuo
1798 871 1873 931 et
1913 867 2208 931 iterum
2250 866 2528 947 tangit
2567 865 2830 936 illum,

532 978 723 1060 quid
752 977 1112 1060 profecit
1146 976 1464 1039 lauatio
1508 975 1728 1039 eius?
1770 974 1887 1037 sic
1926 977 2006 1037 et
2043 974 2181 1055 qui
2219 973 2546 1037 ieiunat
2588 991 2834 1053 super

530 1088 869 1167 peccata
918 1102 1057 1147 sua
1105 1086 1182 1146 et
1229 1083 1524 1145 iterum
1579 1081 1998 1144 ambulans
2049 1080 2242 1144 haee
2283 1079 2560 1144 eadem
2603 1080 2829 1143 facit.
2890 1101 2912 1135 f·

531 1191 859 1272 sepultura
905 1208 1052 1272 ergo
1112 1193 1505 1254 mortuorum
1557 1187 1991 1251 remissionem
2043 1185 2362 1268 significat
2421 1190 2831 1268 peccatorum

533 1316 604 1360 eo
654 1297 972 1378 pertinens
1023 1296 1192 1377 quod
1258 1296 1499 1358 dictum
1552 1297 1677 1358 est:
1745 1294 1966 1357 beati
2034 1312 2370 1374 quorum
2429 1292 2832 1356 remissae

533 1406 726 1467 sunt
797 1403 1302 1483 iniquitates
1372 1402 1447 1464 et
1515 1419 1854 1482 quorum
1921 1402 2141 1463 tecta
2209 1402 2398 1463 sunt
2465 1401 2830 1481 peccata.

532 1510 644 1574 ubi
675 1529 821 1592 ergo
864 1508 1225 1591 sepelienda
1268 1511 1445 1571 erant
1482 1508 1601 1571 hoc
1641 1506 2061 1589 significantia
2101 1506 2408 1569 cadauera
2448 1504 2834 1588 patriarcha-

529 1634 671 1678 rum
734 1613 854 1676 nisi
917 1612 976 1675 in
1040 1631 1111 1674 ea
1159 1614 1322 1673 terra
1389 1610 1496 1673 ubi
1544 1611 1651 1674 ille
1710 1611 2048 1673 crucifixus
2100 1615 2218 1674 est.
2280 1609 2464 1674 cuius
2526 1611 2832 1695 sanguine
2868 1632 2912 1670 ιο

531 1722 699 1785 facta
745 1724 844 1784 est
889 1718 1182 1782 remissio
1234 1721 1679 1799 peccatorum?
1730 1717 2041 1782 mortibus
2102 1718 2268 1781 enim
2327 1718 2832 1799 patriarcharum

530 1829 790 1909 peccata
856 1825 1181 1889 hominum
1248 1825 1513 1906 figurata
1582 1827 1750 1887 sunt.
1819 1822 2052 1886 dieitur
2117 1828 2330 1887 autem
2399 1824 2477 1886 ab
2532 1844 2605 1888 eo
2672 1825 2830 1889 loen.

533 1933 703 2014 quod
775 1931 1231 1995 Abrahamium
1308 1933 1590 2002 uocatur.
1668 1931 1776 1994 ubi
1843 1935 1993 1994 sunt
2057 1930 2185 1994 ista
2253 1950 2541 2012 corpora,
2613 1931 2831 1995 abesse

531 2041 745 2103 locum
792 2039 902 2102 ubi
969 2037 1304 2100 crucifixus
1373 2040 1473 2099 est
1536 2036 1829 2100 dominus
1895 2036 2023 2101 fere
2092 2037 2358 2120 triginta
2425 2037 2717 2116 milibus,
2764 2042 2832 2101 ut

533 2146 725 2208 etiam
754 2144 891 2225 ipse
921 2163 1225 2207 numerus
1259 2162 1404 2206 eum
1436 2142 1792 2225 significare
1823 2143 2254 2226 intellegatur,
2285 2145 2395 2225 qui
2426 2145 2490 2207 in
2512 2145 2830 2227 baptismo
2868 2167 2908 2204 ιε»

535 2251 830 2332 adparuit
876 2251 1068 2313 ferme
1118 2250 1379 2332 triginta
1427 2267 1757 2319 annorum;
1808 2253 1872 2311 et
1919 2250 1973 2312 si
2022 2249 2173 2330 quid
2223 2250 2398 2313 aliud
2440 2250 2518 2315 de
2559 2272 2626 2315 re
2665 2254 2831 2315 tanta

534 2359 639 2421 uel
685 2357 805 2421 hoe
852 2356 1039 2420 modo
1090 2357 1193 2419 uel
1242 2355 1584 2419 sublimius
1633 2355 1921 2438 intellegi
1967 2358 2202 2437 potest,
2252 2356 2404 2420 dum
2456 2360 2672 2421 tamen
2719 2377 2830 2421 non

535 2465 773 2527 frustra
819 2461 1196 2525 arbitremur
1242 2461 1399 2525 tales
1440 2480 1511 2525 ae
1550 2465 1759 2525 tantos
1799 2461 2084 2526 homines
2127 2463 2227 2527 dei
2265 2467 2516 2528 tantam
2559 2465 2832 2548 gessisse

540 2588 755 2632 curam
811 2587 923 2649 pro
993 2568 1370 2649 sepeliendis
1438 2569 1807 2649 corporibus
1877 2570 2032 2645 suis,
2085 2589 2228 2633 eum
2281 2571 2367 2634 sit
2437 2574 2636 2652 atque.
2702 2590 2832 2635 esse

539 2675 767 2739 debeat
812 2673 1099 2737 fidelium
1147 2674 1272 2737 ista
1313 2674 1641 2737 securitas
1683 2674 1849 2755 quod
1887 2675 2277 2758 ubicumque
2317 2695 2588 2759 corpora
2627 2697 2833 2741 eorum
2865 2700 2907 2737 2⁰

540 2781 933 2861 sepeliantur
980 2780 1083 2842 uel
1133 2780 1451 2861 insepulta
1499 2782 1690 2842 etiam
1737 2800 1848 2861 per
1893 2781 2298 2847 inimicorum
2354 2785 2605 2849 rabiem
2659 2786 2834 2849 relin-

543 2892 817 2967 quantur
864 2890 977 2949 aut
1032 2906 1141 2966 pro
1194 2905 1411 2948 eorum
1474 2886 1736 2949 libidine
1803 2886 2142 2952 dilacerata
2208 2891 2657 2971 absumantur,
2720 2910 2832 2956 non

540 2993 683 3056 ideo
733 2993 835 3056 uel
885 2992 1095 3056 minus
1143 2992 1451 3075 integram
1490 2993 1592 3056 uel
1633 2994 1840 3057 minus
1883 2994 2222 3077 gloriosam
2266 3016 2490 3061 eorum
2532 3018 2833 3065 resurrec-

539 3100 775 3162 tionem
826 3100 1124 3162 futuram.

634 3204 876 3269 CLXII.
930 3204 1113 3284 Quod
1160 3204 1396 3267 habent
1442 3205 1620 3267 latini
1679 3206 1956 3271 codices:
2026 3212 2103 3271 et
2151 3209 2540 3277 adorauit
2612 3232 2837 3296 super
2867 3231 2907 3272 τε»

545 3316 785 3393 eaput
825 3311 1107 3394 uirgae
1149 3311 1344 3386 eius,
1384 3312 1667 3374 nonnulli
1708 3313 2111 3378 emendantes
2152 3316 2417 3382 habent:
2461 3319 2837 3384 adorauit

545 3438 784 3499 super
861 3422 1107 3499 caput
1181 3417 1461 3499 uirgae
1541 3438 1764 3495 suae,
1851 3422 1955 3484 uel
2037 3422 2114 3485 in
2195 3425 2474 3506 capite
2556 3428 2834 3511 uirgae

724 3645 755 3696 3
794 3643 958 3698 Eccli.
999 3644 1062 3697 31
1110 3644 1241 3709 (34),
1280 3642 1364 3697 30.
1406 3641 1467 3695 31
1587 3645 1615 3696 7
1655 3644 1742 3697 Ps.
1782 3645 1867 3710 31,
1911 3647 1933 3698 1
2052 3648 2117 3701 10
2156 3650 2220 3702 cs.
2255 3648 2370 3704 Col.
2417 3654 2466 3716 1,
2511 3654 2579 3708 14
2686 3655 2748 3708 13
2776 3654 2836 3706 cs.

547 3732 679 3788 Gen.
718 3733 801 3795 50,
845 3731 909 3785 13
1021 3732 1089 3784 25
1132 3730 1262 3784 Gen.
1301 3732 1389 3793 47,
1432 3732 1493 3783 31

621 3909 643 3961 1
696 3908 1185 3962 contractationem
1224 3907 1335 3958 PT
1378 3907 1798 3960 contractionem
1847 3909 1927 3962 Vb
2074 3913 2474 3985 qualecumque
2523 3920 2580 3971 P
2722 3935 2835 3973 con·

545 4000 775 4051 tractum
807 3996 837 4049 b
912 3998 945 4049 4
973 3994 1186 4065 proficit
1215 3994 1288 4046 bd
1307 3995 1434 4061 Eua
1508 3995 1577 4047 10
1613 3995 2216 4064 nisi—patriarcharum
2249 4019 2353 4057 om.
2384 4005 2462 4058 P¹
2544 4010 2611 4062 12
2640 4008 2785 4062 dicut
2809 4007 2837 4058 b

546 4087 728 4138 autem
767 4088 829 4137 ut
863 4084 909 4137 0
983 4085 1048 4137 13
1089 4083 1181 4152 qui
1214 4082 1257 4136 S
1365 4081 1662 4135 abramium
1691 4082 1895 4153 NEuy
1933 4086 2330 4145 abrahmininm
2370 4094 2423 4146 T
2454 4095 2838 4151 abraemiumb

549 4174 613 4227 16
651 4174 761 4227 sere
795 4173 924 4226 de
1032 4172 1097 4224 21
1142 4188 1238 4240 per
1274 4188 1377 4223 om.
1419 4170 1469 4221 V
1599 4171 1901 4240 iniquorum
1931 4176 2059 4245 Eugy
2201 4180 2354 4234 rabie
2396 4182 2478 4237 Vb
2594 4187 2662 4239 22
2701 4201 2841 4239 assu-

544 4265 759 4314 mantur
795 4261 849 4313 P
920 4262 989 4314 23
1028 4259 1246 4326 integra
1283 4259 1313 4310 b
1426 4257 1665 4327 gloriosa
1704 4261 1734 4313 b
1845 4263 1898 4316 in
1942 4279 2126 4318 eorum
2164 4272 2568 4326 resurrectione
2605 4274 2786 4328 sutura
2812 4273 2840 4325 l»

544 4348 613 4401 26
652 4349 896 4402 nonnulli
936 4347 1150 4400 codices
1189 4346 1308 4400 de
1455 4346 1791 4401 emendantis
1836 4349 1963 4403 0¹T
1996 4354 2339 4411 emendatius
2379 4359 2456 4412 bd
