3076 4976
688 503 1169 569 Quaestionum
1207 503 1317 557 lib.
1360 505 1383 558 I
1428 503 1715 568 (Quaest.
1756 504 1831 557 de
1872 503 2154 571 Genesi).
2473 508 2552 568 41

257 700 645 764 tulationem
725 704 947 782 putare
1012 703 1322 764 narratam
1395 700 1846 783 profectionem
1917 701 2096 763 Isaac
2171 700 2231 762 in
2309 698 2559 766 Gerara.

262 807 375 870 sed
425 807 580 889 quia
625 807 716 870 ibi
764 806 1062 871 diuturno
1110 809 1393 889 tempore
1439 806 1639 870 fuisse
1677 805 1857 870 Isaac
1897 806 2196 870 scribitur
2232 810 2297 869 et
2334 810 2562 889 puteos

258 914 506 979 fodisse
557 916 625 976 et
663 914 737 977 de
778 914 878 977 his
916 913 1313 977 contendisse
1354 916 1420 976 et
1456 912 1728 976 ditatum
1767 911 1965 977 fuisse
2003 912 2291 994 pecunia,
2333 913 2560 976 mirum

262 1022 389 1085 nisi
466 1020 942 1102 recapitulando
1019 1021 1143 1084 ista
1207 1023 1802 1095 commemorantur,
1877 1038 2034 1100 quae
2100 1020 2239 1084 ideo
2315 1020 2567 1083 fuerant

193 1152 220 1187 ὃ
261 1128 737 1210 praetermissa.
788 1131 859 1190 ut
903 1127 1180 1208 primum
1230 1126 1307 1190 de
1354 1127 1503 1190 filiis
1554 1127 1692 1190 eius
1742 1145 1944 1207 usque
1993 1126 2071 1189 ad
2118 1125 2301 1190 illum
2350 1125 2561 1190 locum

265 1235 343 1299 de
390 1235 703 1299 lenticula
748 1235 1018 1298 narratio
1066 1236 1442 1315 perueniret.

355 1342 643 1405 LXXVI.
716 1342 787 1404 In
837 1360 908 1405 eo
977 1341 1143 1422 quod
1216 1341 1523 1423 scripturn
1575 1341 1674 1403 est
1722 1339 1797 1404 de
1864 1340 2076 1403 Isaac:
2143 1340 2566 1404 benedixit

266 1453 537 1512 autem
607 1467 780 1511 eum
845 1448 1239 1511 dominus,
1317 1451 1393 1510 et
1467 1448 1882 1510 exaltatus
1960 1450 2086 1510 est
2168 1448 2396 1511 bomo
2486 1450 2563 1511 et

262 1555 731 1637 procedens
761 1556 1014 1618 maior
1045 1554 1326 1629 fiebat,
1362 1554 1891 1635 quoadusque
1926 1573 2261 1636 magnus
2287 1555 2566 1617 factus

170 1684 221 1719 ιο
265 1667 397 1727 est
442 1661 708 1737 ualde,
758 1661 1108 1725 secundum
1156 1664 1465 1725 terrenum
1516 1661 1885 1724 felicitatem
1939 1660 2180 1724 dictum
2234 1660 2567 1742 sequentia

266 1769 520 1833 docent.
572 1769 934 1849 exsequitur
980 1769 1145 1832 enim
1195 1770 1475 1832 narrator
1522 1767 1776 1831 easdem
1826 1767 1961 1832 eius
2003 1767 2282 1841 diuitias,
2334 1767 2565 1848 quibus

266 1895 539 1959 magnus
598 1875 808 1938 factus
872 1877 1001 1938 est:
1054 1878 1117 1938 et
1162 1874 1309 1938 binc
1374 1878 1590 1937 motus
1656 1873 2024 1937 Abimelech
2098 1872 2316 1937 timuit
2378 1874 2564 1937 illurn

266 1982 357 2045 ibi
411 2000 571 2057 esse,
622 2001 699 2044 ne
748 1980 1032 2062 potentia
1081 1981 1216 2044 eius
1267 1980 1390 2043 sibi
1441 1983 1613 2044 esset
1659 1980 1908 2044 infesta.
1972 2000 2356 2062 quamquam
2417 2000 2566 2064 ergo

264 2087 512 2169 aliquid
570 2087 855 2170 spiritale
924 2087 1053 2150 ista
1115 2087 1493 2169 significant,
1571 2091 1779 2151 tamen
1850 2087 2202 2150 secundum
2271 2086 2334 2150 id
2401 2087 2567 2168 quod

172 2218 230 2257 15
267 2195 698 2277 contigerunt.
732 2194 874 2258 ideo
907 2195 1327 2275 praemissum
1357 2202 1487 2258 est:
1518 2194 1942 2258 benedixit
1972 2213 2136 2257 eum
2173 2193 2571 2269 dominuS‚

264 2308 343 2366 ut
401 2323 553 2366 sana
619 2302 741 2365 fide
812 2301 1261 2383 intellegamus
1333 2301 1522 2365 etiam
1593 2301 2155 2382 ista'temporalia
2229 2300 2386 2363 dona
2455 2319 2569 2363 nec

267 2409 407 2473 dari
454 2428 645 2494 posse
711 2428 825 2472 nec
893 2409 1130 2492 sperari
1197 2409 1423 2473 debere
1492 2409 1684 2472 etiam
1758 2429 1899 2472 cum
1971 2409 2046 2471 ab
2113 2407 2567 2471 infirmioribus

266 2518 664 2600 adpetuntur
728 2516 850 2579 nisi
900 2516 976 2579 ab
1027 2535 1150 2581 uno
1203 2516 1351 2581 deo:
1403 2519 1475 2580 ut
1522 2517 1657 2598 qui
1706 2517 1780 2579 in
1849 2517 2206 2580 minimis
2273 2515 2561 2579 fidelis

268 2627 403 2689 est
453 2623 699 2687 etiam
750 2623 823 2685 in
874 2622 1190 2706 magnis
1240 2623 1530 2686 fidelis
1581 2623 1684 2696 sit,
1736 2627 1799 2686 et
1849 2623 1957 2705 qui
2004 2623 2078 2686 in
2137 2642 2571 2686 mammona

168 2747 225 2784 20
268 2731 559 2812 iniquo
608 2729 818 2792 fidelis
866 2729 1163 2792 inuentus
1214 2732 1330 2794 est.
1382 2731 1569 2793 etiam
1634 2749 1853 2792 uerum
1904 2730 2184 2811 accipere
2233 2730 2567 2804 mereatur.

278 2838 452 2900 sicut
498 2836 790 2900 dominus
838 2835 896 2898 in
948 2837 1279 2917 euangelio
1327 2838 1630 2918 loquitur.
1681 2836 1834 2901 talia
1884 2837 2074 2900 etiam
2125 2836 2200 2899 de
2248 2834 2564 2898 Abrabam

278 2943 453 3008 dicta
499 2945 666 3016 sunt,
717 2941 884 3023 quod
933 2941 992 3005 ei
1038 2961 1298 3005 munera
1343 2942 1443 3005 dei
1488 2943 1910 3023 prouenerint.
1969 2941 2133 3006 unde
2181 2960 2302 3006 non
2347 2961 2570 3023 parum

280 3050 574 3114 aedificat
620 3068 838 3114 sanam
884 3047 1073 3111 fidem
1120 3048 1221 3130 pie
1261 3048 1778 3132 intellegentibus
1817 3050 1944 3113 ista
1980 3049 2273 3124 narratim
2325 3045 2574 3112 etiamsi

281 3158 359 3222 de
397 3157 500 3221 his
546 3158 737 3221 rebus
787 3154 1124 3237 allegorica
1172 3155 1550 3238 significatio
1599 3157 1776 3219 nulla.
1821 3156 2028 3237 possit
2075 3156 2340 3237 exculpi.

186 3284 242 3323 25
372 3263 693 3329 LXXVII.
760 3263 945 3328 Fiat
1009 3263 1415 3327 execratio
1484 3262 1696 3325 inter
1760 3283 1897 3327 nos
1967 3265 2042 3326 et
2088 3262 2302 3325 inter
2349 3264 2444 3336 te,
2508 3259 2571 3322 id

283 3377 385 3436 est
430 3371 660 3435 iuratio
712 3390 869 3452 quae
927 3369 1284 3434 maledictis
1352 3369 1713 3452 obstringit,
1782 3389 1941 3451 quae
2008 3370 2299 3432 accidant
2345 3368 2401 3430 ei
2468 3366 2576 3447 qui

281 3478 683 3562 peierauerit.
724 3476 1076 3542 secundum
1116 3495 1304 3557 quam
1344 3475 1866 3540 considerandum
1907 3480 2006 3541 est
2043 3477 2210 3558 quod
2251 3479 2315 3540 et
2353 3492 2575 3537 seruus

465 3688 500 3739 2
539 3685 607 3739 cf.
641 3684 777 3740 Gen.
816 3684 901 3739 26.
943 3684 1009 3736 14
1034 3698 1150 3750 sqq.
1237 3682 1267 3733 7
1309 3679 1441 3734 Gen.
1481 3681 1567 3746 26,
1609 3682 1692 3734 12.
1734 3681 1798 3734 13
1887 3681 1948 3735 12
1989 3681 2055 3736 cf.
2084 3681 2217 3736 Gen.
2248 3683 2337 3744 26,
2371 3683 2578 3736 14—16

288 3778 354 3832 18
397 3777 465 3830 cf.
504 3776 634 3829 Luc.
679 3776 761 3837 16,
805 3774 885 3828 10.
932 3772 992 3824 11
1105 3772 1174 3824 25
1216 3769 1347 3825 Gen.
1388 3771 1475 3834 26,
1513 3771 1587 3823 *28

356 3901 391 3955 2
430 3915 548 3953 esse
586 3896 747 3951 PSV
876 3897 907 3948 3
946 3895 992 3948 is
1030 3895 1095 3948 N
1216 3897 1249 3948 8
1289 3897 1469 3947 autem
1509 3909 1610 3950 om.
1659 3893 1707 3946 C'
1845 3910 1967 3947 eum
2006 3897 2189 3947 autem
2230 3895 2261 3947 b
2373 3896 2406 3948 9
2447 3912 2578 3963 quo-

283 4006 456 4057 usque
495 3987 561 4040 N
684 3987 744 4038 11
789 3986 1035 4054 sequitur
1077 3982 1127 4038 0
1247 3984 1384 4052 eins]
1429 3982 1666 4036 eiusdem
1707 3983 1772 4034 N
1905 3985 1968 4036 12
2006 3987 2186 4036 motus
2226 3987 2308 4036 est
2347 3982 2580 4036 CPNW

287 4080 356 4132 14
395 4077 641 4147 spiritale
682 4074 868 4143 alquid
908 4075 937 4128 b
1116 4072 1423 4142 significent
1460 4071 1808 4126 PSNVde
1945 4073 2008 4124 15
2047 4072 2128 4124 ita
2166 4072 2511 4140 contigerunt
2549 4071 2579 4123 b

286 4168 354 4223 17
395 4164 753 4220 infimioribus
791 4162 924 4216 PV¹
1036 4164 1102 4216 19
1142 4163 1327 4230 etiam]
1380 4160 1523 4215 etN
1627 4162 2012 4214 et—inuentus
2059 4161 2122 4214 in
2158 4176 2259 4229 my.
2297 4160 2404 4226 inf.
2445 4176 2513 4212 m.
2551 4163 2581 4210 1

286 4255 422 4311 add.
469 4253 518 4307 0
628 4253 699 4306 22
736 4268 954 4306 munere
992 4251 1032 4306 d
1182 4268 1405 4320 paruum
1440 4250 1508 4303 N
1618 4252 1686 4304 24
1723 4250 1770 4303 is
1807 4250 1872 4302 N
2019 4253 2206 4318 posset
2241 4247 2585 4300 PSNVde

285 4343 501 4398 excludi
541 4341 586 4394 C
736 4341 805 4394 26
847 4357 1003 4410 quem
1041 4341 1097 4393 P
1130 4357 1293 4410 quae*
1324 4340 1377 4392 P
1564 4339 1893 4395 maledic-tis
1932 4338 2032 4390 PS
2210 4335 2428 4405 quippei
2468 4353 2580 4388 era-

286 4434 433 4487 uerit
471 4431 537 4484 N
