3076 4976
751 513 1224 580 Quaestionum
1262 515 1373 569 lib.
1414 516 1524 569 1111
1562 514 1862 586 (Quaest.
1902 516 1977 571 de
2014 516 2361 582 Numeris).
2572 520 2696 583 331

406 710 604 775 tentia
681 711 917 775 domini
983 730 1104 776 non
1173 715 1393 777 secuta
1459 715 1577 789 est,
1646 732 1806 796 quae
1872 713 2241 790 uindicaret,
2310 713 2423 777 sed
2486 713 2701 797 potius

405 836 567 899 quae
614 817 887 881 doceret.

490 924 633 988 XX.
698 924 795 989 De
842 944 1032 989 uxore
1079 924 1290 1007 Moysi
1335 924 1749 1008 Aethiopissa
1804 925 2021 1008 quaeri
2078 924 2241 990 solet
2295 928 2510 990 utrum
2563 926 2705 1008 ipsa

407 1030 494 1095 sit
529 1030 659 1094 filia
696 1030 914 1096 Iothor
960 1050 1035 1094 an
1083 1032 1343 1095 alteram
1393 1031 1643 1096 duxerit
1684 1032 1793 1096 uel
1838 1032 2302 1113 superduxerit.
2348 1032 2464 1096 sed
2496 1031 2705 1114 ipsam

345 1162 372 1200 5
407 1136 607 1200 fuisse
647 1135 946 1201 credibile
987 1138 1113 1211 est;
1165 1135 1241 1200 de
1280 1136 1652 1202 Madianitis
1695 1137 1928 1219 quippe
1968 1140 2122 1213 erat,
2165 1137 2273 1219 qui
2307 1138 2708 1220 reperiuntur

405 1243 468 1306 in
508 1242 1031 1324 Paralipomenon
1070 1242 1420 1326 Aethiopes
1470 1243 1647 1319 dicti,
1696 1244 1944 1325 quando
1994 1248 2212 1308 contra
2250 1263 2358 1309 eos
2393 1244 2707 1326 pugnauit

407 1348 728 1430 Iosaphat.
802 1368 947 1412 nam
1014 1349 1077 1412 in
1143 1349 1243 1413 his
1310 1349 1470 1414 locis
1519 1349 1753 1414 dicitur
1817 1368 1925 1415 eos
1988 1353 2364 1431 persecutus
2427 1352 2705 1432 populus

408 1454 668 1529 Israhel,
708 1455 820 1518 ubi
844 1454 1232 1519 Madianitae
1269 1455 1579 1533 habitant,
1611 1455 1720 1538 qui
1757 1475 1924 1520 nunc
1957 1456 2250 1521 Saraceni
2287 1456 2707 1539 appellantur.

407 1562 518 1626 sed
591 1581 755 1627 nunc
822 1581 929 1627 eos
994 1563 1345 1646 Aethiopes
1419 1582 1603 1628 nemo
1679 1564 1806 1627 fere
1874 1563 2179 1646 appellat,
2256 1563 2429 1628 sicut
2499 1564 2705 1627 solent

317 1696 370 1734 ιο
406 1670 690 1736 locorum
739 1674 803 1735 et
849 1671 1134 1754 gentium
1181 1671 1435 1735 nomina
1480 1672 1857 1754 plerumque
1905 1673 2232 1735 uetustate
2277 1670 2534 1736 mutari.

495 1777 668 1843 XXI.
707 1779 800 1841 Et
829 1777 1022 1841 dixit
1059 1777 1146 1841 ad
1189 1796 1343 1842 eos:
1387 1778 1779 1842 ascendite
1818 1777 1970 1842 ista
2011 1777 2307 1842 heremo
2348 1781 2421 1842 et
2457 1796 2702 1842 ascen-

407 1882 608 1948 detis
665 1884 735 1947 in
793 1887 1124 1949 montem
1184 1889 1257 1948 et
1311 1883 1688 1949 uidebitis
1745 1888 2021 1949 terram
2080 1904 2267 1966 quae
2317 1884 2421 1949 sit
2469 1889 2541 1949 et
2586 1903 2703 1968 po-

406 1991 666 2072 pulum
719 1990 850 2071 qui
897 1989 1190 2054 insidet
1237 2009 1464 2072 super
1509 2009 1696 2067 eam,
1745 1989 1809 2053 si
1858 1990 2082 2054 fortis
2140 1992 2257 2054 est
2314 1994 2443 2055 aut
2496 1990 2702 2054 infir-

407 2116 602 2171 mus,
670 2097 734 2161 si
796 2097 1023 2180 pauci
1087 2100 1267 2161 sunt
1333 2100 1462 2161 aut
1524 2095 1770 2160 multi.
1857 2096 2223 2179 exposuisse
2288 2095 2701 2180 intellegitur,

317 2226 372 2265 ιε»
410 2203 758 2267 secundum
820 2202 973 2285 quid
1033 2203 1285 2268 dixerit:
1346 2203 1413 2267 si
1467 2206 1738 2284 potens
1798 2206 1915 2267 est
1969 2205 2097 2266 aut
2151 2202 2535 2279 infirmuS,
2584 2204 2703 2267 hoc

409 2314 535 2374 est:
595 2310 657 2373 si
716 2310 934 2391 pauci
990 2312 1168 2374 sunt
1225 2313 1355 2374 aut
1409 2309 1656 2375 multi.
1733 2329 1877 2373 nam
1935 2309 2250 2391 quomodo
2307 2312 2571 2390 possent
2626 2308 2701 2373 de

407 2420 618 2481 monte
666 2418 1126 2502 prospicientes
1174 2418 1408 2482 sentire
1455 2417 1871 2481 humanarum
1931 2417 2163 2481 uirium
2222 2416 2699 2482 fortitudinem?

405 2527 621 2606 potest
667 2528 730 2589 et
776 2524 939 2589 alius
990 2544 1214 2590 sensus
1264 2544 1404 2590 esse
1451 2524 1656 2589 multo
1706 2525 2154 2608 congruentior
2197 2523 2474 2587 ueritati.
2534 2524 2702 2606 quod

408 2631 525 2695 ait:
584 2631 1015 2696 ascendetis
1072 2632 1143 2695 in
1202 2635 1561 2708 montem,
1618 2630 1680 2694 in
1739 2631 1942 2713 ipsam
1998 2634 2230 2695 terram
2278 2629 2461 2700 dixit,
2512 2648 2701 2710 quam

315 2762 370 2802 ιο
408 2737 724 2819 explorare
761 2739 1079 2803 uolebant.
1131 2756 1251 2803 non
1300 2737 1466 2802 enim
1513 2741 1780 2821 possent
1824 2738 2009 2803 facile
2057 2738 2478 2820 exploratores
2524 2737 2705 2801 intel-

406 2842 556 2928 legi,
605 2844 715 2908 ubi
759 2847 1084 2927 tamquam
1134 2844 1608 2928 peregrinantes
1657 2843 1870 2908 omnia
1915 2842 2383 2926 perquirebant.
2457 2861 2600 2906 nam
2650 2841 2706 2905 si

408 2950 484 3014 de
532 2951 765 3016 montis
815 2952 1053 3016 uertice
1099 2952 1543 3034 putauerimus
1593 2970 1699 3016 eos
1758 2951 2159 3033 conspexisse
2216 2952 2449 3014 terram
2499 2953 2564 3014 et
2609 2968 2707 3013 ex-

406 3055 720 3138 plorasse,
798 3057 1114 3139 quomodo
1191 3062 1456 3141 possent
1530 3058 1851 3140 exquirere
1926 3057 2138 3121 omnia
2212 3075 2374 3138 quae
2445 3056 2703 3138 Moyses

410 3163 786 3247 exquirenda
850 3165 1216 3248 praecepit?
1302 3163 1617 3246 quomodo
1683 3164 1918 3227 intrare
1987 3163 2304 3238 ciuitateS,
2374 3181 2530 3245 quas
2595 3181 2704 3225 eos

317 3297 372 3338 25
409 3271 721 3353 scriptura
761 3270 916 3335 dixit
951 3272 1265 3336 intrasse?
1315 3271 1630 3354 quomodo
1681 3271 1757 3335 de
1804 3271 1916 3335 illa
1962 3269 2129 3335 ualle
2166 3269 2422 3335 botrum
2459 3268 2705 3344 tollere,

404 3383 662 3460 propter
726 3397 917 3460 quem
973 3381 1038 3442 et
1093 3378 1234 3444 loco
1292 3398 1519 3443 nomen
1588 3381 1690 3442 est
1753 3376 2049 3454 inditum,
2107 3381 2181 3440 ut
2236 3375 2425 3440 uallis
2481 3374 2707 3439 Botrui

582 3603 614 3656 3
655 3602 723 3657 cf.
763 3601 922 3657 Num.
966 3604 1050 3666 12,
1094 3603 1117 3656 1
1253 3605 1286 3658 6
1326 3601 1392 3655 cf.
1431 3602 1486 3655 11
1525 3602 1706 3658 Paral.
1749 3602 1830 3662 14,
1873 3602 2050 3656 9—14
2182 3602 2240 3654 11
2284 3601 2449 3654 Num.
2493 3599 2575 3661 13,
2620 3600 2705 3653 18.

415 3691 621 3744 19-26

477 3815 510 3869 3
559 3814 915 3885 ethiopissam
955 3815 1000 3868 C
1036 3814 1337 3884 ethiopissa
1372 3814 1591 3869 PSVT
1726 3815 1763 3867 4
1809 3814 1987 3867 iethro
2035 3815 2084 3867 T
2226 3815 2257 3866 5
2304 3812 2610 3866 mazianitis
2650 3811 2716 3863 N

405 3904 720 3958 maniaditis
759 3905 823 3971 (8.
865 3903 899 3957 1.
940 3921 1008 3957 m.
1050 3907 1109 3969 2)
1149 3904 1205 3956 P
1382 3904 1415 3957 6
1451 3904 1907 3973 paralypomenon
1952 3903 2107 3958 CSN
2318 3902 2564 3971 ethiopes
2601 3900 2711 3953 PT

407 3992 514 4047 dici
562 3993 668 4045 VT
789 3994 819 4046 7
860 3992 1061 4047 iosafat
1102 3991 1148 4046 0
1185 3991 1449 4062 iosaphad
1487 3993 1542 4045 P
1578 3992 1869 4061 iosaphath
1916 3991 1965 4044 V
2106 3993 2152 4045 is
2198 3990 2244 4044 C
2347 3991 2379 4042 8
2418 3988 2707 4043 mazianite

407 4081 537 4134 ΡΠ
564 4081 890 4134 mazianitae
922 4079 968 4134 S
1109 4080 1367 4133 sarracini
1403 4079 1450 4133 C
1474 4081 1743 4134 sarraceni
1783 4078 1905 4132 VT¹
2016 4080 2049 4132 9
2089 4078 2335 4147 etihopes
2371 4076 2417 4131 0
2524 4077 2591 4130 10
2617 4093 2704 4128 ue-

406 4170 602 4223 tustati
648 4168 694 4222 0
840 4170 900 4222 ll
961 4167 1027 4221 de
1075 4168 1183 4221 ista
1222 4167 1311 4233 (de
1348 4184 1392 4222 s.
1433 4167 1491 4234 l.)
1529 4168 1578 4222 S
1754 4184 1782 4220 e
1822 4184 1998 4220 eremo
2037 4166 2103 4219 N
2276 4163 2573 4218 ascenditis
2610 4163 2711 4217 PS

411 4259 475 4311 13
515 4275 635 4311 eum
682 4257 728 4311 0
886 4275 954 4310 an
992 4258 1233 4310 infirmus
1273 4256 1486 4310 PSVT
1630 4258 1694 4310 15
1735 4256 1943 4309 dixerat
1987 4255 2034 4308 C
2198 4255 2416 4324 potens]
2454 4251 2609 4305 fortis
2648 4251 2715 4303 N

406 4347 478 4400 20
515 4347 781 4416 explorari
805 4344 1080 4400 PSVNT
1185 4346 1254 4399 22
1295 4361 1386 4398 eos
1427 4345 1801 4415 putauerimus
1827 4342 2177 4398 PSNVde
2283 4343 2353 4396 26
2394 4341 2565 4395 ualles
2601 4339 2711 4393 CN

411 4435 551 4488 botri
601 4435 777 4489 J'de
