3076 4976
691 486 1166 552 Quaestionum
1206 486 1314 541 lib.
1358 486 1459 539 VII
1497 486 1782 556 (Quaest.
1825 485 1899 540 de
1939 485 2323 555 Iudicibus).
2491 491 2618 554 487

331 683 663 759 iudicauit,
729 682 1058 764 reprobare
1125 682 1384 745 mininie
1451 681 1849 757 dubitamus;
1917 701 2030 746 nec
2095 687 2303 746 tamen
2370 704 2438 747 ex
2505 684 2624 748 hoc

334 792 463 855 ulla
512 792 581 854 fit
627 790 852 854 iniuria
898 789 1155 870 spiritui
1206 789 1461 864 domini,
1512 789 1619 870 qui
1662 808 1806 852 eum
1848 790 2250 864 confortauit‚
2291 795 2365 854 ut
2402 791 2620 854 hostes

334 897 550 978 populi
626 896 763 959 eius
838 898 1012 959 tanta
1087 895 1394 958 facilitate
1472 901 1818 976 superaret.
1893 914 2005 959 cur
2071 915 2218 979 ergo
2286 897 2448 961 inter
2514 917 2621 961 eos

337 1003 1039 1084 commemoratur,qui
1075 1020 1208 1082 per
1240 1000 1479 1064 fidem
1512 1001 1894 1065 uicerunt
1920 1021 2167 1086 regna
2198 1009 2619 1085 operantes

270 1137 296 1176 5
335 1108 770 1185 iustitiam,
821 1109 941 1172 nisi
1003 1108 1149 1190 quia
1197 1111 1413 1171 sancta
1472 1107 1806 1189 scriptura,
1864 1128 2133 1190 quorum
2189 1111 2374 1176 fidem
2434 1117 2624 1194 atque

334 1216 645 1279 iustitiam
714 1216 1021 1280 ueraciter
1084 1214 1322 1290 laudat,
1391 1235 1510 1279 non
1570 1214 1713 1279 hinc
1773 1215 2091 1297 inpedit-ur
2157 1237 2372 1282 eorum
2432 1219 2622 1283 etiam

332 1326 611 1403 peccata,
681 1323 735 1385 si
790 1342 915 1404 qua
973 1323 1152 1386 nouit
1208 1325 1270 1386 et
1329 1326 1616 1403 oportere
1675 1322 1934 1399 iudicat,
1994 1327 2210 1389 notare
2268 1326 2620 1390 ueraciter?

334 1447 475 1491 nam
525 1432 589 1492 et
634 1428 697 1491 in
747 1448 840 1498 eo,
893 1428 1061 1511 quod
1108 1428 1275 1492 idem
1338 1427 1595 1493 Gedeon
1644 1428 1898 1512 signum
1957 1434 2197 1512 petens,
2260 1432 2430 1496 sicut
2485 1433 2621 1513 ipse

311 1536 586 1598 'locutus
637 1540 753 1606 est,
801 1536 1076 1599 tentauit
1122 1535 1183 1598 in
1225 1535 1479 1609 uellere,
1521 1536 1733 1599 nescio
1785 1540 1998 1599 utrum
2036 1555 2159 1600 non
2196 1537 2388 1601 fuerit
2426 1542 2622 1602 trans-

239 1670 295 1710 10
335 1660 595 1723 gressus
635 1646 1065 1724 praeceptum,
1108 1661 1230 1723 quo
1274 1642 1580 1723 scriptum
1620 1649 1743 1706 est:
1795 1663 1940 1706 non
1981 1645 2347 1710 tentabis
2389 1645 2623 1710 domi-

334 1766 507 1811 num
558 1748 782 1811 deum
839 1754 1092 1823 tuum;
1152 1767 1376 1812 uerum
1433 1752 1645 1812 tamen
1705 1750 1896 1813 etiam
1957 1752 2019 1814 in
2078 1752 2213 1815 eius
2270 1752 2621 1817 tentatione

334 1853 627 1919 dominus
704 1854 868 1936 quod
945 1854 1381 1936 praenuntiare
1458 1855 1717 1919 uolebat
1793 1858 2104 1920 ostendit:
2180 1858 2242 1920 in
2321 1859 2619 1939 conpluto

334 1961 578 2024 scilicet
653 1961 885 2024 uellere
972 1966 1032 2024 et
1113 1981 1255 2024 area
1333 1966 1466 2025 tota
1544 1962 2031 2044 circumquaque
2108 1964 2274 2027 sicca
2350 1964 2621 2048 figurare

330 2067 603 2147 primum
646 2067 951 2150 populum
1005 2069 1265 2143 Israhel,
1306 2068 1415 2131 ubi
1455 2074 1630 2131 erant
1671 2069 1871 2132 sancti
1913 2088 2056 2133 cuni
2099 2072 2298 2153 gratia
2339 2072 2618 2146 caelesti,

238 2205 292 2243 15
332 2178 655 2255 tamquam
696 2175 913 2256 pluuia
956 2174 1253 2257 spiritali:
1290 2178 1355 2239 et
1390 2181 1613 2257 postea
1654 2176 1952 2256 conpluta
1991 2195 2132 2239 area
2172 2177 2340 2241 sicco
2380 2178 2618 2241 uellere

330 2279 599 2362 figurare
648 2282 981 2345 ecclesiam
1020 2285 1156 2345 toto
1196 2281 1346 2346 orbo
1387 2282 1702 2344 diffusam.
1745 2281 2080 2345 habentem
2120 2302 2241 2346 non
2282 2283 2343 2346 in
2385 2284 2617 2347 uellere

330 2390 653 2467 tamquam
721 2389 783 2450 in
833 2388 1146 2452 uelamine
1217 2389 1325 2450 sed
1374 2389 1435 2450 in
1487 2393 1701 2469 aperto
1771 2388 2106 2451 caelestem
2175 2389 2441 2471 gratiam
2506 2390 2615 2453 illo

331 2494 534 2575 priore
598 2497 834 2579 populo
902 2497 1083 2560 uelut
1131 2498 1206 2560 ab
1266 2496 1553 2560 eiusdem
1611 2496 1847 2578 gratiae
1905 2514 2040 2558 rore
2099 2496 2369 2560 alienato
2428 2499 2615 2578 atque

331 2601 591 2667 siccato.
639 2622 752 2666 nec
802 2606 1010 2666 tamen
1060 2604 1291 2667 frustra
1339 2604 1501 2666 inter
1547 2602 1764 2665 fideles
1815 2606 1877 2666 et
1925 2606 2254 2683 operantes
2302 2604 2614 2667 iustitiam

223 2741 284 2779 20
328 2712 584 2790 propter
629 2709 855 2773 bonam
904 2708 1279 2791 fidelemque
1329 2711 1551 2781 uitam,
1601 2710 1661 2772 in
1714 2729 1835 2791 qua
1884 2729 2024 2773 eum
2088 2709 2468 2772 credendum
2519 2716 2617 2773 est

330 2835 469 2879 esse
539 2816 928 2892 defunc-tum,
994 2817 1121 2880 tale
1179 2819 1238 2879 in
1299 2817 1572 2898 epistula
1632 2817 1710 2880 ad
1767 2816 2086 2880 Hebraeos
2154 2816 2384 2879 meruit
2439 2818 2618 2880 testi-

328 2922 634 2986 monium.

420 3029 646 3093 Vtrum
694 3034 930 3105 autem,
980 3030 1146 3112 quia,
1205 3034 1617 3112 posteaquam
1678 3030 1919 3094 dictum
1978 3035 2104 3094 est:
2162 3031 2436 3094 factus
2495 3036 2619 3094 est

330 3154 571 3217 super
617 3136 901 3218 Iephte
943 3138 1293 3217 spirit-us
1336 3137 1656 3211 domini,
1700 3156 1768 3199 ea
1811 3140 2028 3200 secuta
2071 3140 2239 3212 sunt,
2282 3142 2355 3200 ut
2392 3143 2615 3201 uotum

223 3275 289 3314 25
326 3242 488 3305 illud
537 3246 799 3307 uoueret
847 3245 1034 3324 atque
1084 3244 1300 3307 hostes
1351 3245 1632 3306 uinceret
1682 3247 1742 3305 et
1791 3242 1958 3324 quod
2008 3247 2273 3307 uouerat
2311 3244 2615 3317 redderet,

329 3350 582 3430 spiritui
652 3350 889 3414 domini
958 3351 1167 3413 omnia
1234 3350 1590 3432 deputanda
1659 3350 1804 3424 sint,
1855 3354 1927 3413 ut
1992 3350 2247 3429 perinde
2314 3350 2619 3413 habeatur

328 3461 391 3519 et
441 3456 557 3520 hoc
608 3456 1008 3533 sacrificium,
1068 3461 1393 3537 tamquam
1441 3457 1505 3519 id
1564 3456 1856 3520 dominus
1918 3456 2084 3519 sicut
2140 3456 2427 3519 Abrahae
2485 3456 2614 3519 fieri

327 3562 609 3626 iussen‘t.
677 3582 797 3626 non
865 3563 1044 3626 facile
1112 3564 1392 3637 dixerim,
1461 3584 1605 3626 cum
1673 3564 1891 3645 utique
1951 3562 2026 3625 de
2087 3546 2616 3643 Gedeon'possit

326 3669 480 3732 haec
548 3670 770 3734 adferri
849 3670 1218 3734 differentia.
1288 3671 1436 3751 quia
1504 3675 1743 3752 (post)
1814 3676 2144 3753 peccatum
2212 3669 2377 3750 quod
2445 3669 2614 3741 fecit,

211 3821 282 3860 30
323 3776 574 3857 quando
634 3778 786 3841 fecit-
842 3778 1050 3860 ephud
1109 3780 1255 3859 post
1312 3778 1479 3859 quod
1543 3778 1878 3841 uniuersus
1935 3775 2209 3858 populus
2267 3776 2611 3839 fornicatus

322 3887 445 3957 est,
514 3884 687 3947 nulla
755 3889 853 3948 est
918 3885 1053 3948 eius
1131 3888 1620 3948 commemorata
1696 3884 2101 3966 prosperitas,
2177 3887 2398 3963 postea
2464 3901 2611 3944 uero

505 4092 538 4143 8
579 4091 643 4143 cs.
685 4090 800 4144 Iud.
842 4093 891 4147 6.
934 4093 999 4144 39
1119 4093 1180 4145 10
1220 4093 1381 4144 Dent.
1424 4098 1471 4146 6.
1517 4095 1580 4145 16
1692 4092 1760 4144 23
1803 4090 1916 4144 lud.
1962 4093 2043 4145 11.
2085 4094 2151 4144 ⁴2»

399 4235 431 4288 3
472 4234 586 4301 eos]
628 4233 750 4286 illos
789 4234 1083 4287 SNVTM
1217 4237 1251 4287 4
1290 4224 1738 4287 scosmemoratur
1783 4233 1832 4285 Τ
1962 4236 1993 4286 6
2033 4232 2220 4286 laudat
2258 4232 2525 4284 ueraciter
2570 4231 2618 4284 T

325 4322 396 4377 10
436 4321 582 4391 quod
618 4321 792 4376 18de
903 4324 968 4376 16
1008 4324 1262 4391 figuraret
1290 4323 1351 4377 N
1456 4324 1523 4377 23
1566 4323 1764 4375 sartum
1790 4321 1906 4375 PS¹
2019 4324 2086 4374 ⁶25>
2125 4319 2368 4389 uouerat]
2402 4320 2615 4373 uouerit

318 4410 449 4466 SV¹
562 4412 630 4464 26
668 4411 892 4481 proinde
942 4413 990 4464 T
1096 4414 1162 4465 ‘29
1200 4418 1325 4482 post
1365 4412 1564 4465 addidi
1601 4429 1721 4464 mem
1759 4411 1859 4464 bd.-
1894 4426 1996 4466 om.
2036 4409 2192 4463 codd.
