3076 4976
706 468 1179 535 Quaestionum
1219 469 1329 523 lib.
1371 469 1472 522 VII
1510 468 1809 540 (Quaest.
1851 468 1924 522 de
1962 465 2350 533 Iudicibus).
2553 471 2683 535 503

383 668 488 728 est
533 665 674 743 hoc,
724 666 890 747 quod
937 666 1086 730 huic
1134 667 1381 730 iussum
1431 670 1549 743 est,
1606 670 1680 730 ut
1733 666 1965 730 ferrum
2024 684 2145 730 non
2207 665 2575 729 ascenderet
2618 665 2714 734 in.

382 776 580 854 caput
627 773 761 837 eius
812 777 875 838 et
922 773 1146 837 uinum
1195 777 1257 837 et
1307 774 1567 837 siceram
1630 793 1749 838 non
1805 773 2069 837 biberet.
2147 773 2264 837 hoc
2322 773 2486 836 enim
2544 774 2682 836 tota

386 878 521 941 uita
560 897 676 942 sua
715 878 1085 943 Obseruauit
1123 876 1410 955 Samson,
1452 877 1622 961 quod
1659 878 1753 942 illi
1794 879 1903 959 qui
1939 878 2153 943 uocati
2191 881 2343 942 sunt
2377 877 2679 942 Nazaraei

386 984 577 1048 certis
627 984 851 1049 diebus
900 984 1323 1049 obseruabant
1369 988 1683 1049 uouentes
1732 988 2083 1067 uotumque
2128 984 2483 1049 reddentes.

320 1112 347 1146 f·
477 1090 644 1153 LIlI.
697 1089 881 1169 Quod
922 1090 1078 1154 dicit
1119 1090 1463 1172 scriptura:
1516 1089 1886 1172 quoniam
1936 1089 2355 1174 ignorauit
2401 1090 2678 1156 Mance

389 1197 579 1279 quia
626 1197 970 1280 angelus
1021 1195 1149 1260 dei
1197 1200 1349 1268 est,
1398 1196 1804 1260 manifestum
1853 1199 1952 1260 est
1997 1196 2189 1261 etiam
2237 1196 2375 1260 eius
2422 1215 2676 1261 uxorem

386 1303 705 1368 hominem
776 1301 1138 1367 credidisse.
1227 1303 1395 1384 quod
1457 1323 1605 1386 ergo
1676 1303 1732 1366 ei
1798 1303 1985 1367 dixit:
2052 1303 2210 1367 uim
2275 1302 2677 1367 faciamus

384 1428 589 1474 nunc
657 1409 815 1473 tibi
882 1414 959 1474 et
1026 1409 1429 1474 faciamus
1498 1410 1572 1473 in
1644 1413 2090 1492 conspectu
2146 1413 2282 1474 tuo
2339 1409 2676 1473 haedum

386 1536 835 1599 caprarum,
903 1519 1228 1598 tamquam
1287 1517 1605 1580 hominem
1662 1517 1989 1594 inuitauit,
2059 1516 2170 1580 sed
2235 1516 2352 1594 ita,
2420 1518 2494 1580 ut
2556 1516 2676 1580 hoc

295 1648 345 1684 ιο
387 1642 534 1687 cum
598 1623 710 1688 illo
778 1622 1160 1704 epularetur.
1220 1624 1389 1706 quod
1454 1624 1831 1688 sacrificium
1899 1624 2178 1688 fecisset.
2261 1641 2405 1687 nam
2471 1623 2675 1686 facere

385 1730 659 1794 haedum
727 1748 1050 1812 caprarum
1119 1749 1238 1794 non
1308 1729 1472 1794 solet
1538 1730 1662 1794 dici
1728 1731 1853 1794 nisi
1919 1748 2062 1793 cum
2129 1729 2201 1793 fit
2275 1728 2674 1796 sacrificium.

386 1835 661 1917 denique
710 1837 774 1899 et
819 1835 929 1898 ille
979 1835 1068 1898 ita
1115 1835 1473 1917 respondit:
1535 1835 1603 1899 si
1660 1835 1818 1899 uim
1877 1834 2181 1900 feceris
2238 1834 2468 1908 mihi,
2527 1853 2671 1898 non

383 1940 880 2006 manducabo
940 1941 1028 2005 de
1085 1941 1431 2023 panibus
1491 1942 1693 2005 tuis:
1752 1942 1862 2005 ubi
1910 1940 2190 2006 ostendit
2235 1959 2302 2004 se
2349 1941 2548 2005 fuisse
2596 1942 2676 2006 ad

386 2050 606 2132 epulas
663 2047 1028 2113 inuitatum.
1108 2047 1330 2111 deinde
1380 2048 1655 2112 addidit:
1714 2052 1789 2112 et
1837 2049 1903 2112 si
1950 2046 2252 2112 feceris
2301 2046 2673 2111 holocau-

293 2181 344 2217 ιε»
386 2159 617 2231 stum,
651 2154 966 2220 domino
999 2155 1305 2219 offeres
1335 2155 1567 2219 illud.
1608 2155 1828 2237 utique
1859 2154 1998 2219 ideo
2034 2154 2221 2220 dixit:
2264 2154 2331 2217 si
2370 2153 2672 2218 feceris

382 2262 983 2337 holocaustum,
1025 2261 1172 2343 quia
1207 2261 1319 2325 ille
1359 2260 1626 2326 dixerat:
1669 2261 2066 2324 faciamus
2106 2261 2179 2324 in
2222 2264 2670 2341 conspectu

378 2372 520 2432 tuo
597 2367 934 2431 haedum
1011 2386 1450 2449 caprarum.
1545 2387 1668 2430 non
1744 2370 1955 2431 autem
2033 2385 2213 2429 omne
2289 2365 2670 2431 sacrificium

380 2474 827 2541 holocaustum
900 2477 1063 2550 erat:
1135 2494 1279 2538 nam
1358 2473 1433 2538 de
1508 2473 1880 2539 holocausto
1952 2493 2074 2538 non
2150 2473 2669 2551 manducabatur,

380 2582 529 2663 quia
575 2585 784 2646 totum
830 2581 1301 2655 incendebatur,
1351 2584 1414 2645 et
1460 2581 1602 2645 ideo
1651 2582 2000 2647 uocabatur
2043 2580 2508 2675 holocaustum.
2559 2579 2672 2644 sed

281 2715 337 2751 eo
379 2687 644 2772 angelus
683 2689 872 2752 etiam
920 2707 1040 2752 non
1089 2688 1587 2751 manducaturus
1633 2687 2078 2752 holocaustum
2126 2686 2259 2751 fieri
2303 2687 2517 2770 potius
2564 2685 2672 2750 ad-

372 2794 623 2859 monuit
687 2814 806 2860 non
874 2798 1083 2859 tamen
1152 2793 1294 2869 sibi,
1362 2794 1471 2859 sed
1541 2793 1825 2870 domino:
1891 2797 2150 2877 propter
2202 2795 2323 2858 hoc
2378 2793 2668 2869 maxime,

373 2901 522 2982 quia
581 2920 736 2985 gens
794 2900 1035 2965 Israhel
1098 2899 1209 2965 illo
1276 2904 1563 2983 tempore
1624 2903 2040 2964 consueuerat
2096 2899 2491 2982 quibuslibet
2546 2899 2668 2963 diis

370 3007 552 3072 falsis
592 3007 976 3071 sacrificare:
1026 3006 1191 3071 unde
1242 3010 1306 3071 et
1348 3010 1503 3071 tunc
1553 3005 1894 3071 offenderat
1942 3007 2148 3083 deum,
2198 3011 2272 3071 ut
2316 3006 2671 3071 traderetur

371 3113 649 3178 inimicis
698 3133 811 3196 per
856 3113 1275 3197 quadraginta
1325 3132 1543 3178 annos,

273 3253 330 3292 25
459 3220 659 3285 LIIlI.
730 3220 897 3300 Quid
955 3220 1077 3283 sibi
1133 3220 1297 3293 uult,
1357 3219 1547 3300 quod,
1602 3222 2017 3302 posteaquam
2073 3218 2518 3283 manifestatus
2568 3224 2669 3282 est

370 3326 598 3391 Mance
658 3330 721 3390 et
777 3325 953 3390 uxori
1012 3325 1147 3389 eius
1207 3324 1493 3408 angeluS,
1554 3325 1661 3406 qui
1720 3344 1864 3388 cum
1922 3325 2010 3389 eis
2065 3325 2462 3406 loquebatur,
2513 3322 2669 3386 dixit

373 3432 545 3496 idem
612 3432 841 3497 Manoe
906 3431 1085 3495 uxori
1159 3451 1343 3496 suae:
1421 3434 1677 3495 morte
1750 3432 2213 3505 moriemur,
2291 3429 2663 3513 quoniam

370 3538 600 3601 deum
658 3538 1063 3602 uidimus?
1131 3557 1202 3602 ex
1259 3538 1371 3602 illa
1419 3539 1668 3602 scilicet
1713 3538 1875 3622 legis
1934 3538 2265 3614 sententia,
2314 3537 2423 3601 ubi
2471 3535 2665 3617 scrip-

546 3781 578 3833 5
614 3779 734 3833 Iud.
777 3779 860 3846 13,
904 3782 986 3834 16.
1029 3782 1093 3835 15
1234 3782 1297 3834 12
1335 3780 1452 3833 Iud.
1498 3782 1581 3841 13,
1625 3781 1689 3834 16
1828 3782 1894 3834 23
1936 3780 2000 3834 cf.
2039 3778 2156 3832 Iud.
2204 3780 2284 3839 13,
2329 3780 2352 3831 1
2485 3778 2553 3831 26
2593 3776 2661 3831 cf.

282 3906 289 3912 .
367 3867 486 3922 Iud.
532 3870 613 3933 13,
653 3869 737 3922 20.
778 3870 843 3922 21
958 3871 1023 3923 27
1065 3868 1182 3923 Iud.
1228 3871 1309 3935 13,
1349 3870 1418 3923 22

443 4027 467 4078 1
528 4026 629 4079 hoc
668 4030 748 4079 cst
798 4026 849 4079 V
988 4028 1021 4080 2
1079 4027 1248 4080 sicera
1286 4028 1343 4079 N
1524 4028 1609 4078 tot
1645 4025 1712 4078 N
1848 4027 1882 4079 4
1938 4025 2134 4077 Manue
2185 4025 2285 4089 (sic
2330 4024 2548 4093 ubique)
2589 4024 2662 4077 bd

363 4116 396 4168 '7
426 4130 526 4169 sec.
556 4114 674 4169 cod.
703 4115 862 4169 Alex.
895 4120 944 4169 et
974 4115 1113 4185 Lay.
1248 4116 1329 4168 uis
1367 4115 1417 4170 T
1513 4115 1549 4169 8
1576 4114 1680 4167 tibi
1708 4130 1848 4167 nunc
1878 4112 2119 4167 121⁷de
2217 4114 2249 4168 8
2282 4118 2353 4179 (et
2381 4116 2467 4179 ll)
2499 4113 2658 4168 haec-

363 4202 494 4257 dum
533 4204 596 4256 N
702 4206 767 4258 12
808 4204 897 4258 ἐάν
938 4204 1093 4276 βιάσῃ
1136 4224 1195 4276 με
1237 4204 1353 4259 cod.
1395 4204 1553 4258 Alex.
1594 4209 1644 4257 et
1680 4204 1819 4272 Lay.
1934 4203 1998 4256 19
2039 4207 2265 4256 uocatur
2308 4203 2359 4256 T
2454 4203 2526 4257 20
2561 4219 2658 4272 po-

362 4292 476 4345 tius
513 4293 630 4346 fieri
669 4292 742 4347 bd
920 4293 988 4347 22
1045 4299 1330 4347 consuerat
1367 4294 1421 4347 P
1599 4293 1667 4347 25
1726 4296 2014 4362 postquam
2060 4296 2208 4361 (post
2243 4307 2284 4346 s.
2327 4292 2360 4346 l.
2399 4309 2467 4348 m.
2508 4295 2567 4358 2)
2607 4292 2663 4345 P

364 4382 435 4434 28
475 4382 550 4434 ibi
601 4381 670 4434 1'1
