<?xml version="1.0" encoding="UTF-8"?>
<!DOCTYPE html PUBLIC "-//W3C//DTD XHTML 1.0 Transitional//EN"
    "http://www.w3.org/TR/xhtml1/DTD/xhtml1-transitional.dtd">
<html xmlns="http://www.w3.org/1999/xhtml" xml:lang="en" lang="en">
 <head>
  <title>
</title>
<meta http-equiv="Content-Type" content="text/html;charset=utf-8" />
  <meta name='ocr-system' content='tesseract 3.04.00' />
  <meta name='ocr-capabilities' content='ocr_page ocr_carea ocr_par ocr_line ocrx_word'/>
</head>
<body>
  <div class='ocr_page' id='page_1' title='image "./corpusscriptoru31wissgoog_0025.png"; bbox 0 0 3076 4976; ppageno 0'>
   <div class='ocr_carea' id='block_1_1' title="bbox 1140 450 2502 517">
    <p class='ocr_par' dir='ltr' id='par_1_1' title="bbox 1140 450 2502 517">
     <span class='ocr_line' id='line_1_1' title="bbox 1140 450 2502 517; baseline -0.002 -15"><span class='ocrx_word' id='word_1_1' title='bbox 1140 450 1574 503; x_wconf 79' lang='lat' dir='ltr'>Praefatio.</span> <span class='ocrx_word' id='word_1_2' title='bbox 2324 453 2502 517; x_wconf 78' lang='lat' dir='ltr'>XXV</span> 
     </span>
    </p>
   </div>
   <div class='ocr_carea' id='block_1_2' title="bbox 188 645 2503 4349">
    <p class='ocr_par' dir='ltr' id='par_1_2' title="bbox 190 645 2503 3389">
     <span class='ocr_line' id='line_1_2' title="bbox 201 645 2503 729; baseline 0.001 -18"><span class='ocrx_word' id='word_1_3' title='bbox 201 666 262 711; x_wconf 73' lang='lat' dir='ltr'>ex</span> <span class='ocrx_word' id='word_1_4' title='bbox 331 648 646 729; x_wconf 89' lang='lat' dir='ltr'>apparatu</span> <span class='ocrx_word' id='word_1_5' title='bbox 716 646 932 710; x_wconf 91' lang='lat' dir='ltr'>critico</span> <span class='ocrx_word' id='word_1_6' title='bbox 1000 645 1184 709; x_wconf 83' lang='lat' dir='ltr'>facile</span> <span class='ocrx_word' id='word_1_7' title='bbox 1250 650 1612 729; x_wconf 80' lang='lat' dir='ltr'>cognoscet.</span> <span class='ocrx_word' id='word_1_8' title='bbox 1683 666 1822 710; x_wconf 90' lang='lat' dir='ltr'>esse</span> <span class='ocrx_word' id='word_1_9' title='bbox 1888 650 2099 711; x_wconf 88' lang='lat' dir='ltr'>autem</span> <span class='ocrx_word' id='word_1_10' title='bbox 2168 649 2311 712; x_wconf 86' lang='lat' dir='ltr'>illas</span> <span class='ocrx_word' id='word_1_11' title='bbox 2361 667 2503 713; x_wconf 92' lang='lat' dir='ltr'>con-</span> 
     </span>
     <span class='ocr_line' id='line_1_3' title="bbox 198 752 2501 835; baseline 0.001 -20"><span class='ocrx_word' id='word_1_12' title='bbox 198 753 475 817; x_wconf 87' lang='lat' dir='ltr'>iecturas</span> <span class='ocrx_word' id='word_1_13' title='bbox 545 753 916 817; x_wconf 77' lang='lat' dir='ltr'>collationes</span> <span class='ocrx_word' id='word_1_14' title='bbox 984 752 1537 817; x_wconf 91' lang='lat' dir='ltr'>Benedictinorum</span> <span class='ocrx_word' id='word_1_15' title='bbox 1604 772 1765 835; x_wconf 89' lang='lat' dir='ltr'>quae</span> <span class='ocrx_word' id='word_1_16' title='bbox 1820 754 1881 816; x_wconf 93' lang='lat' dir='ltr'>in</span> <span class='ocrx_word' id='word_1_17' title='bbox 1948 754 2332 818; x_wconf 81' lang='lat' dir='ltr'>bibliotheca</span> <span class='ocrx_word' id='word_1_18' title='bbox 2380 753 2501 818; x_wconf 88' lang='lat' dir='ltr'>Na-</span> 
     </span>
     <span class='ocr_line' id='line_1_4' title="bbox 200 858 2503 943; baseline 0.001 -21"><span class='ocrx_word' id='word_1_19' title='bbox 200 858 417 923; x_wconf 87' lang='lat' dir='ltr'>tionali</span> <span class='ocrx_word' id='word_1_20' title='bbox 470 862 882 923; x_wconf 89' lang='lat' dir='ltr'>asseruantur</span> <span class='ocrx_word' id='word_1_21' title='bbox 928 860 1346 941; x_wconf 89' lang='lat' dir='ltr'>comparando</span> <span class='ocrx_word' id='word_1_22' title='bbox 1395 860 1810 943; x_wconf 88' lang='lat' dir='ltr'>intellegitur.</span> <span class='ocrx_word' id='word_1_23' title='bbox 1870 860 2159 942; x_wconf 86' lang='lat' dir='ltr'>equidem</span> <span class='ocrx_word' id='word_1_24' title='bbox 2214 861 2280 926; x_wconf 87' lang='lat' dir='ltr'>C.</span> <span class='ocrx_word' id='word_1_25' title='bbox 2334 861 2503 925; x_wconf 87' lang='lat' dir='ltr'>Vrba</span> 
     </span>
     <span class='ocr_line' id='line_1_5' title="bbox 204 964 2499 1050; baseline 0 -21"><span class='ocrx_word' id='word_1_26' title='bbox 204 966 516 1047; x_wconf 81' lang='lat' dir='ltr'>collegam</span> <span class='ocrx_word' id='word_1_27' title='bbox 557 964 1017 1030; x_wconf 87' lang='lat' dir='ltr'>amicissimum</span> <span class='ocrx_word' id='word_1_28' title='bbox 1056 965 1219 1030; x_wconf 87' lang='lat' dir='ltr'>forte</span> <span class='ocrx_word' id='word_1_29' title='bbox 1252 965 1510 1030; x_wconf 88' lang='lat' dir='ltr'>Parisiis</span> <span class='ocrx_word' id='word_1_30' title='bbox 1543 969 1890 1030; x_wconf 85' lang='lat' dir='ltr'>morantem</span> <span class='ocrx_word' id='word_1_31' title='bbox 1922 968 2175 1050; x_wconf 88' lang='lat' dir='ltr'>longam</span> <span class='ocrx_word' id='word_1_32' title='bbox 2215 968 2499 1032; x_wconf 90' lang='lat' dir='ltr'>locorum</span> 
     </span>
     <span class='ocr_line' id='line_1_6' title="bbox 203 1071 2501 1155; baseline 0.001 -20"><span class='ocrx_word' id='word_1_33' title='bbox 203 1072 426 1136; x_wconf 88' lang='lat' dir='ltr'>seriem</span> <span class='ocrx_word' id='word_1_34' title='bbox 489 1072 602 1136; x_wconf 93' lang='lat' dir='ltr'>ubi</span> <span class='ocrx_word' id='word_1_35' title='bbox 659 1071 909 1136; x_wconf 88' lang='lat' dir='ltr'>codices</span> <span class='ocrx_word' id='word_1_36' title='bbox 959 1092 994 1136; x_wconf 90' lang='lat' dir='ltr'>a</span> <span class='ocrx_word' id='word_1_37' title='bbox 1042 1091 1143 1135; x_wconf 91' lang='lat' dir='ltr'>me</span> <span class='ocrx_word' id='word_1_38' title='bbox 1201 1071 1465 1136; x_wconf 85' lang='lat' dir='ltr'>adhibiti</span> <span class='ocrx_word' id='word_1_39' title='bbox 1523 1073 1780 1137; x_wconf 87' lang='lat' dir='ltr'>lacunas</span> <span class='ocrx_word' id='word_1_40' title='bbox 1838 1091 1984 1155; x_wconf 90' lang='lat' dir='ltr'>prae</span> <span class='ocrx_word' id='word_1_41' title='bbox 2042 1092 2109 1136; x_wconf 88' lang='lat' dir='ltr'>se</span> <span class='ocrx_word' id='word_1_42' title='bbox 2156 1073 2393 1137; x_wconf 89' lang='lat' dir='ltr'>ferrent</span> <span class='ocrx_word' id='word_1_43' title='bbox 2437 1076 2501 1137; x_wconf 89' lang='lat' dir='ltr'>in</span> 
     </span>
     <span class='ocr_line' id='line_1_7' title="bbox 199 1176 2500 1258; baseline 0 -16"><span class='ocrx_word' id='word_1_44' title='bbox 199 1178 377 1242; x_wconf 89' lang='lat' dir='ltr'>libris</span> <span class='ocrx_word' id='word_1_45' title='bbox 438 1178 593 1241; x_wconf 83' lang='lat'>296.</span> <span class='ocrx_word' id='word_1_46' title='bbox 652 1178 779 1240; x_wconf 77' lang='lat'>297</span> <span class='ocrx_word' id='word_1_47' title='bbox 840 1177 949 1258; x_wconf 89' lang='lat' dir='ltr'>qui</span> <span class='ocrx_word' id='word_1_48' title='bbox 1004 1178 1066 1241; x_wconf 91' lang='lat' dir='ltr'>in</span> <span class='ocrx_word' id='word_1_49' title='bbox 1123 1176 1509 1243; x_wconf 87' lang='lat' dir='ltr'>bibliotheca</span> <span class='ocrx_word' id='word_1_50' title='bbox 1568 1179 1644 1242; x_wconf 93' lang='lat' dir='ltr'>de</span> <span class='ocrx_word' id='word_1_51' title='bbox 1690 1179 2001 1243; x_wconf 88' lang='lat' dir='ltr'>l’Arsenal</span> <span class='ocrx_word' id='word_1_52' title='bbox 2050 1178 2364 1243; x_wconf 87' lang='lat' dir='ltr'>habentur</span> <span class='ocrx_word' id='word_1_53' title='bbox 2409 1181 2500 1243; x_wconf 91' lang='lat' dir='ltr'>in-</span> 
     </span>
     <span class='ocr_line' id='line_1_8' title="bbox 202 1284 2501 1367; baseline 0.001 -20"><span class='ocrx_word' id='word_1_54' title='bbox 202 1285 441 1367; x_wconf 85' lang='lat' dir='ltr'>spicere</span> <span class='ocrx_word' id='word_1_55' title='bbox 491 1284 683 1359; x_wconf 77' lang='lat' dir='ltr'>iussi3</span> <span class='ocrx_word' id='word_1_56' title='bbox 733 1285 989 1347; x_wconf 91' lang='lat' dir='ltr'>eosdem</span> <span class='ocrx_word' id='word_1_57' title='bbox 1037 1285 1212 1348; x_wconf 90' lang='lat' dir='ltr'>locos</span> <span class='ocrx_word' id='word_1_58' title='bbox 1263 1285 1456 1348; x_wconf 86' lang='lat' dir='ltr'>etiam</span> <span class='ocrx_word' id='word_1_59' title='bbox 1503 1285 1565 1348; x_wconf 91' lang='lat' dir='ltr'>in</span> <span class='ocrx_word' id='word_1_60' title='bbox 1616 1285 1944 1350; x_wconf 82' lang='lat' dir='ltr'>codicibus</span> <span class='ocrx_word' id='word_1_61' title='bbox 1993 1285 2309 1350; x_wconf 84' lang='lat' dir='ltr'>Vaticanis</span> <span class='ocrx_word' id='word_1_62' title='bbox 2360 1305 2501 1350; x_wconf 90' lang='lat' dir='ltr'>con-</span> 
     </span>
     <span class='ocr_line' id='line_1_9' title="bbox 201 1390 2500 1475; baseline 0.002 -22"><span class='ocrx_word' id='word_1_63' title='bbox 201 1391 493 1455; x_wconf 85' lang='lat' dir='ltr'>ferendos</span> <span class='ocrx_word' id='word_1_64' title='bbox 562 1390 809 1453; x_wconf 88' lang='lat' dir='ltr'>curaui:</span> <span class='ocrx_word' id='word_1_65' title='bbox 875 1409 1077 1472; x_wconf 92' lang='lat' dir='ltr'>neque</span> <span class='ocrx_word' id='word_1_66' title='bbox 1140 1391 1238 1453; x_wconf 91' lang='lat' dir='ltr'>illi</span> <span class='ocrx_word' id='word_1_67' title='bbox 1304 1410 1505 1473; x_wconf 92' lang='lat' dir='ltr'>neque</span> <span class='ocrx_word' id='word_1_68' title='bbox 1571 1392 1635 1455; x_wconf 89' lang='lat' dir='ltr'>hi</span> <span class='ocrx_word' id='word_1_69' title='bbox 1704 1392 2049 1475; x_wconf 89' lang='lat' dir='ltr'>quidquam</span> <span class='ocrx_word' id='word_1_70' title='bbox 2096 1392 2330 1456; x_wconf 87' lang='lat' dir='ltr'>habent</span> <span class='ocrx_word' id='word_1_71' title='bbox 2374 1412 2500 1475; x_wconf 91' lang='lat' dir='ltr'>quo</span> 
     </span>
     <span class='ocr_line' id='line_1_10' title="bbox 200 1497 2498 1590; baseline 0 -28"><span class='ocrx_word' id='word_1_72' title='bbox 200 1497 620 1590; x_wconf 58' lang='lat' dir='ltr'>lacpnositati</span> <span class='ocrx_word' id='word_1_73' title='bbox 699 1497 964 1561; x_wconf 89' lang='lat' dir='ltr'>testium</span> <span class='ocrx_word' id='word_1_74' title='bbox 1046 1516 1329 1562; x_wconf 87' lang='lat' dir='ltr'>meorum</span> <span class='ocrx_word' id='word_1_75' title='bbox 1414 1498 1652 1562; x_wconf 83' lang='lat' dir='ltr'>mederi</span> <span class='ocrx_word' id='word_1_76' title='bbox 1734 1499 2071 1580; x_wconf 87' lang='lat' dir='ltr'>potuerim.</span> <span class='ocrx_word' id='word_1_77' title='bbox 2158 1502 2308 1562; x_wconf 90' lang='lat' dir='ltr'>sunt</span> <span class='ocrx_word' id='word_1_78' title='bbox 2391 1500 2498 1581; x_wconf 91' lang='lat' dir='ltr'>qui</span> 
     </span>
     <span class='ocr_line' id='line_1_11' title="bbox 200 1603 2501 1687; baseline 0.002 -21"><span class='ocrx_word' id='word_1_79' title='bbox 200 1603 514 1667; x_wconf 85' lang='lat' dir='ltr'>mirentur</span> <span class='ocrx_word' id='word_1_80' title='bbox 548 1605 854 1684; x_wconf 90' lang='lat' dir='ltr'>opuscula</span> <span class='ocrx_word' id='word_1_81' title='bbox 890 1604 1008 1667; x_wconf 89' lang='lat' dir='ltr'>hoc</span> <span class='ocrx_word' id='word_1_82' title='bbox 1047 1605 1378 1668; x_wconf 90' lang='lat' dir='ltr'>uolumine</span> <span class='ocrx_word' id='word_1_83' title='bbox 1417 1604 1585 1669; x_wconf 82' lang='lat' dir='ltr'>edita</span> <span class='ocrx_word' id='word_1_84' title='bbox 1625 1625 1845 1687; x_wconf 90' lang='lat' dir='ltr'>parum</span> <span class='ocrx_word' id='word_1_85' title='bbox 1881 1625 1916 1669; x_wconf 91' lang='lat' dir='ltr'>a</span> <span class='ocrx_word' id='word_1_86' title='bbox 1944 1604 2501 1672; x_wconf 89' lang='lat' dir='ltr'>Benedictinorum</span> 
     </span>
     <span class='ocr_line' id='line_1_12' title="bbox 200 1709 2498 1793; baseline 0.001 -20"><span class='ocrx_word' id='word_1_87' title='bbox 200 1710 478 1773; x_wconf 87' lang='lat' dir='ltr'>editione</span> <span class='ocrx_word' id='word_1_88' title='bbox 527 1709 801 1784; x_wconf 80' lang='lat' dir='ltr'>differre3</span> <span class='ocrx_word' id='word_1_89' title='bbox 850 1710 944 1773; x_wconf 88' lang='lat' dir='ltr'>illi</span> <span class='ocrx_word' id='word_1_90' title='bbox 994 1710 1162 1792; x_wconf 91' lang='lat' dir='ltr'>quod</span> <span class='ocrx_word' id='word_1_91' title='bbox 1201 1711 1260 1774; x_wconf 93' lang='lat' dir='ltr'>in</span> <span class='ocrx_word' id='word_1_92' title='bbox 1304 1710 1569 1774; x_wconf 88' lang='lat' dir='ltr'>aliorum</span> <span class='ocrx_word' id='word_1_93' title='bbox 1622 1715 1870 1793; x_wconf 86' lang='lat' dir='ltr'>patrum</span> <span class='ocrx_word' id='word_1_94' title='bbox 1923 1713 2498 1776; x_wconf 88' lang='lat' dir='ltr'>ecclesiasticorum</span> 
     </span>
     <span class='ocr_line' id='line_1_13' title="bbox 201 1817 2499 1900; baseline 0.001 -21"><span class='ocrx_word' id='word_1_95' title='bbox 201 1818 498 1897; x_wconf 88' lang='lat' dir='ltr'>operibus</span> <span class='ocrx_word' id='word_1_96' title='bbox 547 1835 671 1880; x_wconf 88' lang='lat' dir='ltr'>usu</span> <span class='ocrx_word' id='word_1_97' title='bbox 719 1817 932 1881; x_wconf 90' lang='lat' dir='ltr'>euenit</span> <span class='ocrx_word' id='word_1_98' title='bbox 968 1818 1101 1881; x_wconf 89' lang='lat' dir='ltr'>fore</span> <span class='ocrx_word' id='word_1_99' title='bbox 1140 1821 1214 1880; x_wconf 90' lang='lat' dir='ltr'>ut</span> <span class='ocrx_word' id='word_1_100' title='bbox 1248 1817 1417 1881; x_wconf 90' lang='lat' dir='ltr'>idem</span> <span class='ocrx_word' id='word_1_101' title='bbox 1457 1817 1652 1882; x_wconf 90' lang='lat' dir='ltr'>etiam</span> <span class='ocrx_word' id='word_1_102' title='bbox 1691 1818 1768 1881; x_wconf 90' lang='lat' dir='ltr'>ad</span> <span class='ocrx_word' id='word_1_103' title='bbox 1808 1818 2151 1900; x_wconf 83' lang='lat' dir='ltr'>Augustini</span> <span class='ocrx_word' id='word_1_104' title='bbox 2192 1820 2499 1900; x_wconf 88' lang='lat' dir='ltr'>opuscula</span> 
     </span>
     <span class='ocr_line' id='line_1_14' title="bbox 199 1922 2495 2007; baseline 0.001 -22"><span class='ocrx_word' id='word_1_105' title='bbox 199 1924 413 1986; x_wconf 89' lang='lat' dir='ltr'>omnia</span> <span class='ocrx_word' id='word_1_106' title='bbox 479 1922 818 2004; x_wconf 86' lang='lat' dir='ltr'>pertineret</span> <span class='ocrx_word' id='word_1_107' title='bbox 881 1924 1238 2005; x_wconf 85' lang='lat' dir='ltr'>sperabant.</span> <span class='ocrx_word' id='word_1_108' title='bbox 1305 1924 1433 1989; x_wconf 91' lang='lat' dir='ltr'>iam</span> <span class='ocrx_word' id='word_1_109' title='bbox 1498 1924 1758 1988; x_wconf 87' lang='lat' dir='ltr'>audiant</span> <span class='ocrx_word' id='word_1_110' title='bbox 1831 1944 1991 2007; x_wconf 89' lang='lat' dir='ltr'>quae</span> <span class='ocrx_word' id='word_1_111' title='bbox 2067 1926 2153 1988; x_wconf 88' lang='lat' dir='ltr'>sit</span> <span class='ocrx_word' id='word_1_112' title='bbox 2226 1944 2347 1988; x_wconf 81' lang='lat' dir='ltr'>res,</span> <span class='ocrx_word' id='word_1_113' title='bbox 2426 1944 2495 1987; x_wconf 88' lang='lat' dir='ltr'>ex</span> 
     </span>
     <span class='ocr_line' id='line_1_15' title="bbox 201 2029 2498 2111; baseline 0.001 -19"><span class='ocrx_word' id='word_1_114' title='bbox 201 2030 496 2093; x_wconf 87' lang='lat' dir='ltr'>omnibus</span> <span class='ocrx_word' id='word_1_115' title='bbox 546 2029 871 2093; x_wconf 89' lang='lat' dir='ltr'>codicibus</span> <span class='ocrx_word' id='word_1_116' title='bbox 921 2049 1188 2111; x_wconf 89' lang='lat' dir='ltr'>quorum</span> <span class='ocrx_word' id='word_1_117' title='bbox 1245 2030 1612 2094; x_wconf 86' lang='lat' dir='ltr'>testimonia</span> <span class='ocrx_word' id='word_1_118' title='bbox 1664 2031 1726 2094; x_wconf 91' lang='lat' dir='ltr'>in</span> <span class='ocrx_word' id='word_1_119' title='bbox 1777 2029 2238 2094; x_wconf 85' lang='lat' dir='ltr'>constituendis</span> <span class='ocrx_word' id='word_1_120' title='bbox 2286 2031 2498 2094; x_wconf 87' lang='lat' dir='ltr'>uerbis</span> 
     </span>
     <span class='ocr_line' id='line_1_16' title="bbox 200 2136 2496 2217; baseline 0.001 -20"><span class='ocrx_word' id='word_1_121' title='bbox 200 2155 417 2199; x_wconf 89' lang='lat' dir='ltr'>eorum</span> <span class='ocrx_word' id='word_1_122' title='bbox 468 2155 727 2216; x_wconf 92' lang='lat' dir='ltr'>operum</span> <span class='ocrx_word' id='word_1_123' title='bbox 778 2155 936 2217; x_wconf 90' lang='lat' dir='ltr'>quae</span> <span class='ocrx_word' id='word_1_124' title='bbox 984 2136 1105 2201; x_wconf 90' lang='lat' dir='ltr'>hoc</span> <span class='ocrx_word' id='word_1_125' title='bbox 1153 2137 1476 2201; x_wconf 89' lang='lat' dir='ltr'>uolumine</span> <span class='ocrx_word' id='word_1_126' title='bbox 1516 2137 1920 2202; x_wconf 87' lang='lat' dir='ltr'>continentur</span> <span class='ocrx_word' id='word_1_127' title='bbox 1956 2156 2166 2199; x_wconf 88' lang='lat' dir='ltr'>meum</span> <span class='ocrx_word' id='word_1_128' title='bbox 2208 2137 2269 2199; x_wconf 91' lang='lat' dir='ltr'>in</span> <span class='ocrx_word' id='word_1_129' title='bbox 2311 2156 2496 2199; x_wconf 91' lang='lat' dir='ltr'>usum</span> 
     </span>
     <span class='ocr_line' id='line_1_17' title="bbox 203 2241 2498 2326; baseline 0 -21"><span class='ocrx_word' id='word_1_130' title='bbox 203 2243 488 2307; x_wconf 85' lang='lat' dir='ltr'>conuerti</span> <span class='ocrx_word' id='word_1_131' title='bbox 544 2261 743 2306; x_wconf 89' lang='lat' dir='ltr'>unum</span> <span class='ocrx_word' id='word_1_132' title='bbox 790 2241 857 2304; x_wconf 88' lang='lat' dir='ltr'><em>E</em></span> <span class='ocrx_word' id='word_1_133' title='bbox 908 2246 1143 2307; x_wconf 89' lang='lat' dir='ltr'>testem</span> <span class='ocrx_word' id='word_1_134' title='bbox 1202 2247 1266 2307; x_wconf 91' lang='lat' dir='ltr'>et</span> <span class='ocrx_word' id='word_1_135' title='bbox 1320 2244 1699 2326; x_wconf 87' lang='lat' dir='ltr'>antiquitate</span> <span class='ocrx_word' id='word_1_136' title='bbox 1749 2248 1813 2306; x_wconf 90' lang='lat' dir='ltr'>et</span> <span class='ocrx_word' id='word_1_137' title='bbox 1859 2244 2139 2307; x_wconf 89' lang='lat' dir='ltr'>bonitate</span> <span class='ocrx_word' id='word_1_138' title='bbox 2186 2242 2498 2325; x_wconf 76' lang='lat' dir='ltr'>insignem</span> 
     </span>
     <span class='ocr_line' id='line_1_18' title="bbox 203 2348 2498 2433; baseline 0.001 -23"><span class='ocrx_word' id='word_1_139' title='bbox 203 2350 276 2411; x_wconf 89' lang='lat' dir='ltr'>ad</span> <span class='ocrx_word' id='word_1_140' title='bbox 359 2349 786 2432; x_wconf 89' lang='lat' dir='ltr'>refingendam</span> <span class='ocrx_word' id='word_1_141' title='bbox 874 2349 1219 2414; x_wconf 89' lang='lat' dir='ltr'>orationem</span> <span class='ocrx_word' id='word_1_142' title='bbox 1307 2351 1514 2433; x_wconf 91' lang='lat' dir='ltr'>operis</span> <span class='ocrx_word' id='word_1_143' title='bbox 1601 2350 1675 2414; x_wconf 91' lang='lat' dir='ltr'>de</span> <span class='ocrx_word' id='word_1_144' title='bbox 1753 2348 1983 2414; x_wconf 88' lang='lat' dir='ltr'>Genesi</span> <span class='ocrx_word' id='word_1_145' title='bbox 2070 2349 2146 2413; x_wconf 87' lang='lat' dir='ltr'>ad</span> <span class='ocrx_word' id='word_1_146' title='bbox 2221 2350 2498 2413; x_wconf 85' lang='lat' dir='ltr'>litteram</span> 
     </span>
     <span class='ocr_line' id='line_1_19' title="bbox 205 2456 2496 2541; baseline 0 -22"><span class='ocrx_word' id='word_1_147' title='bbox 205 2456 344 2520; x_wconf 84' lang='lat' dir='ltr'>libri</span> <span class='ocrx_word' id='word_1_148' title='bbox 392 2456 514 2520; x_wconf 89' lang='lat' dir='ltr'>XII</span> <span class='ocrx_word' id='word_1_149' title='bbox 563 2460 828 2521; x_wconf 88' lang='lat' dir='ltr'>nanctus</span> <span class='ocrx_word' id='word_1_150' title='bbox 878 2476 1041 2531; x_wconf 82' lang='lat' dir='ltr'>sum,</span> <span class='ocrx_word' id='word_1_151' title='bbox 1083 2477 1207 2541; x_wconf 93' lang='lat' dir='ltr'>quo</span> <span class='ocrx_word' id='word_1_152' title='bbox 1246 2457 1544 2522; x_wconf 87' lang='lat' dir='ltr'>Monachi</span> <span class='ocrx_word' id='word_1_153' title='bbox 1586 2477 1621 2522; x_wconf 87' lang='lat' dir='ltr'>a</span> <span class='ocrx_word' id='word_1_154' title='bbox 1661 2457 1723 2521; x_wconf 73' lang='lat' dir='ltr'>S.</span> <span class='ocrx_word' id='word_1_155' title='bbox 1763 2458 1987 2522; x_wconf 88' lang='lat' dir='ltr'>Mauro</span> <span class='ocrx_word' id='word_1_156' title='bbox 2031 2457 2127 2521; x_wconf 87' lang='lat' dir='ltr'>usi</span> <span class='ocrx_word' id='word_1_157' title='bbox 2167 2476 2286 2519; x_wconf 91' lang='lat' dir='ltr'>non</span> <span class='ocrx_word' id='word_1_158' title='bbox 2329 2460 2496 2521; x_wconf 89' lang='lat' dir='ltr'>sunt.</span> 
     </span>
     <span class='ocr_line' id='line_1_20' title="bbox 200 2563 2497 2647; baseline 0 -22"><span class='ocrx_word' id='word_1_159' title='bbox 200 2566 370 2627; x_wconf 88' lang='lat' dir='ltr'>certe</span> <span class='ocrx_word' id='word_1_160' title='bbox 418 2563 575 2626; x_wconf 89' lang='lat' dir='ltr'>mihi</span> <span class='ocrx_word' id='word_1_161' title='bbox 626 2565 847 2647; x_wconf 89' lang='lat' dir='ltr'>culpae</span> <span class='ocrx_word' id='word_1_162' title='bbox 894 2584 1016 2628; x_wconf 91' lang='lat' dir='ltr'>non</span> <span class='ocrx_word' id='word_1_163' title='bbox 1069 2569 1166 2629; x_wconf 85' lang='lat' dir='ltr'>est</span> <span class='ocrx_word' id='word_1_164' title='bbox 1213 2565 1616 2629; x_wconf 88' lang='lat' dir='ltr'>tribuendum</span> <span class='ocrx_word' id='word_1_165' title='bbox 1669 2566 1833 2646; x_wconf 90' lang='lat' dir='ltr'>quod</span> <span class='ocrx_word' id='word_1_166' title='bbox 1897 2565 2146 2628; x_wconf 88' lang='lat' dir='ltr'>codices</span> <span class='ocrx_word' id='word_1_167' title='bbox 2195 2583 2314 2626; x_wconf 89' lang='lat' dir='ltr'>non</span> <span class='ocrx_word' id='word_1_168' title='bbox 2367 2564 2497 2626; x_wconf 92' lang='lat' dir='ltr'>erui</span> 
     </span>
     <span class='ocr_line' id='line_1_21' title="bbox 198 2670 2496 2753; baseline 0 -21"><span class='ocrx_word' id='word_1_169' title='bbox 198 2671 308 2751; x_wconf 91' lang='lat' dir='ltr'>qui</span> <span class='ocrx_word' id='word_1_170' title='bbox 356 2689 560 2751; x_wconf 91' lang='lat' dir='ltr'>neque</span> <span class='ocrx_word' id='word_1_171' title='bbox 611 2670 965 2733; x_wconf 81' lang='lat' dir='ltr'>exstiterint</span> <span class='ocrx_word' id='word_1_172' title='bbox 1010 2690 1311 2752; x_wconf 90' lang='lat' dir='ltr'>umquam</span> <span class='ocrx_word' id='word_1_173' title='bbox 1362 2691 1565 2753; x_wconf 86' lang='lat' dir='ltr'>neque</span> <span class='ocrx_word' id='word_1_174' title='bbox 1626 2675 1888 2735; x_wconf 82' lang='lat' dir='ltr'>exstent.</span> <span class='ocrx_word' id='word_1_175' title='bbox 1938 2691 2014 2735; x_wconf 90' lang='lat' dir='ltr'>ne</span> <span class='ocrx_word' id='word_1_176' title='bbox 2072 2671 2303 2753; x_wconf 86' lang='lat' dir='ltr'>longus</span> <span class='ocrx_word' id='word_1_177' title='bbox 2354 2670 2496 2742; x_wconf 77' lang='lat' dir='ltr'>sim,</span> 
     </span>
     <span class='ocr_line' id='line_1_22' title="bbox 194 2775 2496 2858; baseline -0 -19"><span class='ocrx_word' id='word_1_178' title='bbox 194 2777 257 2839; x_wconf 89' lang='lat' dir='ltr'>id</span> <span class='ocrx_word' id='word_1_179' title='bbox 308 2776 477 2858; x_wconf 91' lang='lat' dir='ltr'>quod</span> <span class='ocrx_word' id='word_1_180' title='bbox 527 2776 590 2838; x_wconf 92' lang='lat' dir='ltr'>in</span> <span class='ocrx_word' id='word_1_181' title='bbox 641 2776 766 2840; x_wconf 90' lang='lat' dir='ltr'>uol.</span> <span class='ocrx_word' id='word_1_182' title='bbox 816 2776 992 2839; x_wconf 90' lang='lat' dir='ltr'>XXV</span> <span class='ocrx_word' id='word_1_183' title='bbox 1053 2775 1127 2839; x_wconf 95' lang='lat' dir='ltr'>de</span> <span class='ocrx_word' id='word_1_184' title='bbox 1184 2777 1744 2841; x_wconf 86' lang='lat' dir='ltr'>Benedictinorum</span> <span class='ocrx_word' id='word_1_185' title='bbox 1805 2777 1973 2840; x_wconf 89' lang='lat' dir='ltr'>curis</span> <span class='ocrx_word' id='word_1_186' title='bbox 2033 2775 2258 2858; x_wconf 87' lang='lat' dir='ltr'>scripsi</span> <span class='ocrx_word' id='word_1_187' title='bbox 2308 2776 2496 2839; x_wconf 85' lang='lat' dir='ltr'>etiam</span> 
     </span>
     <span class='ocr_line' id='line_1_23' title="bbox 194 2881 2497 2966; baseline 0 -22"><span class='ocrx_word' id='word_1_188' title='bbox 194 2881 298 2944; x_wconf 92' lang='lat' dir='ltr'>hic</span> <span class='ocrx_word' id='word_1_189' title='bbox 371 2882 671 2964; x_wconf 84' lang='lat' dir='ltr'>profiteor</span> <span class='ocrx_word' id='word_1_190' title='bbox 743 2883 872 2945; x_wconf 90' lang='lat' dir='ltr'>illis</span> <span class='ocrx_word' id='word_1_191' title='bbox 948 2886 1046 2946; x_wconf 89' lang='lat' dir='ltr'>tot</span> <span class='ocrx_word' id='word_1_192' title='bbox 1120 2882 1343 2947; x_wconf 89' lang='lat' dir='ltr'>debere</span> <span class='ocrx_word' id='word_1_193' title='bbox 1408 2884 1841 2966; x_wconf 88' lang='lat' dir='ltr'>Augustinum</span> <span class='ocrx_word' id='word_1_194' title='bbox 1918 2882 2497 2966; x_wconf 82' lang='lat' dir='ltr'>praestantissimas</span> 
     </span>
     <span class='ocr_line' id='line_1_24' title="bbox 194 2987 2492 3069; baseline 0 -19"><span class='ocrx_word' id='word_1_195' title='bbox 194 2987 670 3052; x_wconf 89' lang='lat' dir='ltr'>emendationes</span> <span class='ocrx_word' id='word_1_196' title='bbox 731 2991 887 3069; x_wconf 85' lang='lat' dir='ltr'>quot</span> <span class='ocrx_word' id='word_1_197' title='bbox 942 2988 1123 3052; x_wconf 90' lang='lat' dir='ltr'>alteri</span> <span class='ocrx_word' id='word_1_198' title='bbox 1181 2993 1323 3051; x_wconf 88' lang='lat' dir='ltr'>ante</span> <span class='ocrx_word' id='word_1_199' title='bbox 1383 3006 1489 3051; x_wconf 92' lang='lat' dir='ltr'>eos</span> <span class='ocrx_word' id='word_1_200' title='bbox 1548 2988 1804 3051; x_wconf 91' lang='lat' dir='ltr'>nemini.</span> <span class='ocrx_word' id='word_1_201' title='bbox 1865 2988 2089 3069; x_wconf 89' lang='lat' dir='ltr'>quodsi</span> <span class='ocrx_word' id='word_1_202' title='bbox 2149 2992 2359 3051; x_wconf 89' lang='lat' dir='ltr'>tamen</span> <span class='ocrx_word' id='word_1_203' title='bbox 2409 2987 2492 3051; x_wconf 89' lang='lat' dir='ltr'>in·</span> 
     </span>
     <span class='ocr_line' id='line_1_25' title="bbox 193 3093 2495 3176; baseline 0 -19"><span class='ocrx_word' id='word_1_204' title='bbox 193 3099 427 3158; x_wconf 90' lang='lat' dir='ltr'>uentus</span> <span class='ocrx_word' id='word_1_205' title='bbox 479 3098 597 3167; x_wconf 86' lang='lat' dir='ltr'>est,</span> <span class='ocrx_word' id='word_1_206' title='bbox 649 3094 756 3176; x_wconf 93' lang='lat' dir='ltr'>qui</span> <span class='ocrx_word' id='word_1_207' title='bbox 805 3095 1107 3158; x_wconf 82' lang='lat' dir='ltr'>scriberet</span> <span class='ocrx_word' id='word_1_208' title='bbox 1153 3093 1241 3176; x_wconf 84' lang='lat' dir='ltr'>(in</span> <span class='ocrx_word' id='word_1_209' title='bbox 1291 3095 1503 3158; x_wconf 88' lang='lat' dir='ltr'>Revue</span> <span class='ocrx_word' id='word_1_210' title='bbox 1554 3093 1863 3176; x_wconf 83' lang='lat' dir='ltr'>Critique)</span> <span class='ocrx_word' id='word_1_211' title='bbox 1912 3114 2011 3158; x_wconf 90' lang='lat' dir='ltr'>me</span> <span class='ocrx_word' id='word_1_212' title='bbox 2051 3094 2495 3158; x_wconf 89' lang='lat' dir='ltr'>Benedictinos</span> 
     </span>
     <span class='ocr_line' id='line_1_26' title="bbox 192 3200 2495 3284; baseline -0 -20"><span class='ocrx_word' id='word_1_213' title='bbox 192 3201 484 3264; x_wconf 86' lang='lat' dir='ltr'>homines</span> <span class='ocrx_word' id='word_1_214' title='bbox 543 3202 949 3284; x_wconf 80' lang='lat' dir='ltr'>neglegentes</span> <span class='ocrx_word' id='word_1_215' title='bbox 1008 3201 1362 3282; x_wconf 84' lang='lat' dir='ltr'>appellasse</span> <span class='ocrx_word' id='word_1_216' title='bbox 1421 3200 1485 3263; x_wconf 91' lang='lat' dir='ltr'>id</span> <span class='ocrx_word' id='word_1_217' title='bbox 1545 3200 1844 3264; x_wconf 85' lang='lat' dir='ltr'>maleuoli</span> <span class='ocrx_word' id='word_1_218' title='bbox 1903 3205 1965 3264; x_wconf 90' lang='lat' dir='ltr'>et</span> <span class='ocrx_word' id='word_1_219' title='bbox 2013 3200 2304 3263; x_wconf 87' lang='lat' dir='ltr'>maledici</span> <span class='ocrx_word' id='word_1_220' title='bbox 2355 3219 2495 3264; x_wconf 90' lang='lat' dir='ltr'>esse</span> 
     </span>
     <span class='ocr_line' id='line_1_27' title="bbox 190 3307 789 3389; baseline 0.002 -20"><span class='ocrx_word' id='word_1_221' title='bbox 190 3311 408 3389; x_wconf 85' lang='lat' dir='ltr'>aperte</span> <span class='ocrx_word' id='word_1_222' title='bbox 458 3307 789 3371; x_wconf 82' lang='lat' dir='ltr'>contendO.</span> 
     </span>
    </p>

    <p class='ocr_par' dir='ltr' id='par_1_3' title="bbox 188 3413 2496 4241">
     <span class='ocr_line' id='line_1_28' title="bbox 284 3413 2496 3496; baseline 0 -19"><span class='ocrx_word' id='word_1_223' title='bbox 284 3414 599 3477; x_wconf 83' lang='lat' dir='ltr'>Editionis</span> <span class='ocrx_word' id='word_1_224' title='bbox 650 3413 953 3496; x_wconf 89' lang='lat' dir='ltr'>principis</span> <span class='ocrx_word' id='word_1_225' title='bbox 1004 3416 1066 3476; x_wconf 90' lang='lat' dir='ltr'>et</span> <span class='ocrx_word' id='word_1_226' title='bbox 1112 3413 1666 3476; x_wconf 86' lang='lat' dir='ltr'>Benedictinorum</span> <span class='ocrx_word' id='word_1_227' title='bbox 1715 3433 1788 3476; x_wconf 86' lang='lat' dir='ltr'>ea</span> <span class='ocrx_word' id='word_1_228' title='bbox 1835 3432 2023 3495; x_wconf 86' lang='lat' dir='ltr'>opera</span> <span class='ocrx_word' id='word_1_229' title='bbox 2069 3434 2228 3496; x_wconf 90' lang='lat' dir='ltr'>quae</span> <span class='ocrx_word' id='word_1_230' title='bbox 2277 3413 2337 3476; x_wconf 92' lang='lat' dir='ltr'>in</span> <span class='ocrx_word' id='word_1_231' title='bbox 2386 3432 2496 3477; x_wconf 88' lang='lat' dir='ltr'>uo·</span> 
     </span>
     <span class='ocr_line' id='line_1_29' title="bbox 193 3519 2494 3602; baseline 0 -19"><span class='ocrx_word' id='word_1_232' title='bbox 193 3521 458 3585; x_wconf 87' lang='lat' dir='ltr'>luminis</span> <span class='ocrx_word' id='word_1_233' title='bbox 500 3519 773 3583; x_wconf 81' lang='lat' dir='ltr'>XXVIII</span> <span class='ocrx_word' id='word_1_234' title='bbox 819 3523 994 3602; x_wconf 85' lang='lat' dir='ltr'>parte</span> <span class='ocrx_word' id='word_1_235' title='bbox 1035 3521 1072 3582; x_wconf 86' lang='lat'><strong>2</strong></span> <span class='ocrx_word' id='word_1_236' title='bbox 1114 3521 1514 3584; x_wconf 86' lang='lat' dir='ltr'>continentur</span> <span class='ocrx_word' id='word_1_237' title='bbox 1552 3520 1686 3601; x_wconf 90' lang='lat' dir='ltr'>ipse</span> <span class='ocrx_word' id='word_1_238' title='bbox 1728 3521 1996 3594; x_wconf 78' lang='lat' dir='ltr'>contuli3</span> <span class='ocrx_word' id='word_1_239' title='bbox 2036 3520 2233 3601; x_wconf 89' lang='lat' dir='ltr'>partis</span> <span class='ocrx_word' id='word_1_240' title='bbox 2272 3520 2494 3583; x_wconf 90' lang='lat' dir='ltr'>tertiae</span> 
     </span>
     <span class='ocr_line' id='line_1_30' title="bbox 194 3626 2496 3708; baseline -0 -19"><span class='ocrx_word' id='word_1_241' title='bbox 194 3628 389 3692; x_wconf 87' lang='lat' dir='ltr'>libros</span> <span class='ocrx_word' id='word_1_242' title='bbox 442 3628 471 3690; x_wconf 92' lang='lat'>1</span> <span class='ocrx_word' id='word_1_243' title='bbox 521 3631 587 3690; x_wconf 90' lang='lat' dir='ltr'>et</span> <span class='ocrx_word' id='word_1_244' title='bbox 640 3627 703 3690; x_wconf 93' lang='lat' dir='ltr'>II</span> <span class='ocrx_word' id='word_1_245' title='bbox 761 3646 960 3708; x_wconf 91' lang='lat' dir='ltr'>usque</span> <span class='ocrx_word' id='word_1_246' title='bbox 1022 3627 1098 3689; x_wconf 89' lang='lat' dir='ltr'>ad</span> <span class='ocrx_word' id='word_1_247' title='bbox 1156 3627 1591 3707; x_wconf 89' lang='lat' dir='ltr'>quaestionem</span> <span class='ocrx_word' id='word_1_248' title='bbox 1659 3627 1732 3689; x_wconf 93' lang='lat' dir='ltr'>de</span> <span class='ocrx_word' id='word_1_249' title='bbox 1791 3627 2000 3690; x_wconf 83' lang='lat' dir='ltr'>Exodo</span> <span class='ocrx_word' id='word_1_250' title='bbox 2058 3626 2258 3689; x_wconf 86' lang='lat' dir='ltr'>LXXI</span> <span class='ocrx_word' id='word_1_251' title='bbox 2317 3626 2496 3688; x_wconf 87' lang='lat' dir='ltr'>editi-</span> 
     </span>
     <span class='ocr_line' id='line_1_31' title="bbox 192 3732 2492 3817; baseline -0.002 -19"><span class='ocrx_word' id='word_1_252' title='bbox 192 3736 332 3798; x_wconf 89' lang='lat' dir='ltr'>onis</span> <span class='ocrx_word' id='word_1_253' title='bbox 386 3733 692 3817; x_wconf 87' lang='lat' dir='ltr'>principis</span> <span class='ocrx_word' id='word_1_254' title='bbox 753 3736 817 3797; x_wconf 91' lang='lat' dir='ltr'>et</span> <span class='ocrx_word' id='word_1_255' title='bbox 861 3733 1419 3797; x_wconf 87' lang='lat' dir='ltr'>Benedictinorum</span> <span class='ocrx_word' id='word_1_256' title='bbox 1472 3733 1702 3795; x_wconf 85' lang='lat' dir='ltr'>librum</span> <span class='ocrx_word' id='word_1_257' title='bbox 1754 3733 1781 3796; x_wconf 93' lang='grc' dir='ltr'><strong>Ι</strong></span> <span class='ocrx_word' id='word_1_258' title='bbox 1830 3752 2032 3814; x_wconf 80' lang='lat' dir='ltr'>usque</span> <span class='ocrx_word' id='word_1_259' title='bbox 2095 3733 2171 3795; x_wconf 92' lang='lat' dir='ltr'>ad</span> <span class='ocrx_word' id='word_1_260' title='bbox 2222 3732 2492 3813; x_wconf 87' lang='lat' dir='ltr'>quaesti-</span> 
     </span>
     <span class='ocr_line' id='line_1_32' title="bbox 190 3837 2492 3921; baseline -0.001 -17"><span class='ocrx_word' id='word_1_261' title='bbox 190 3859 373 3904; x_wconf 89' lang='lat' dir='ltr'>onem</span> <span class='ocrx_word' id='word_1_262' title='bbox 444 3839 756 3916; x_wconf 74' lang='lat' dir='ltr'>CXXXV,</span> <span class='ocrx_word' id='word_1_263' title='bbox 822 3840 1019 3902; x_wconf 90' lang='lat' dir='ltr'>libros</span> <span class='ocrx_word' id='word_1_264' title='bbox 1085 3837 1160 3903; x_wconf 89' lang='lat' dir='ltr'>V.</span> <span class='ocrx_word' id='word_1_265' title='bbox 1232 3839 1339 3902; x_wconf 90' lang='lat' dir='ltr'>VI.</span> <span class='ocrx_word' id='word_1_266' title='bbox 1411 3838 1523 3901; x_wconf 92' lang='lat' dir='ltr'>VII</span> <span class='ocrx_word' id='word_1_267' title='bbox 1595 3839 1730 3921; x_wconf 83' lang='lat' dir='ltr'>ipse</span> <span class='ocrx_word' id='word_1_268' title='bbox 1799 3839 2184 3920; x_wconf 87' lang='lat' dir='ltr'>comparaui;</span> <span class='ocrx_word' id='word_1_269' title='bbox 2255 3841 2492 3901; x_wconf 87' lang='lat' dir='ltr'>ceteras</span> 
     </span>
     <span class='ocr_line' id='line_1_33' title="bbox 188 3945 2491 4028; baseline -0.001 -20"><span class='ocrx_word' id='word_1_270' title='bbox 188 3952 402 4026; x_wconf 88' lang='lat' dir='ltr'>partes</span> <span class='ocrx_word' id='word_1_271' title='bbox 465 3950 529 4010; x_wconf 87' lang='lat' dir='ltr'>et</span> <span class='ocrx_word' id='word_1_272' title='bbox 584 3946 758 4008; x_wconf 85' lang='lat' dir='ltr'>illius</span> <span class='ocrx_word' id='word_1_273' title='bbox 817 3949 880 4008; x_wconf 90' lang='lat' dir='ltr'>et</span> <span class='ocrx_word' id='word_1_274' title='bbox 937 3945 1126 4009; x_wconf 86' lang='lat' dir='ltr'>huius</span> <span class='ocrx_word' id='word_1_275' title='bbox 1190 3945 1486 4008; x_wconf 85' lang='lat' dir='ltr'>editionis</span> <span class='ocrx_word' id='word_1_276' title='bbox 1548 3945 1792 4026; x_wconf 84' lang='lat' dir='ltr'>aliquot</span> <span class='ocrx_word' id='word_1_277' title='bbox 1839 3947 2122 4028; x_wconf 88' lang='lat' dir='ltr'>collegae</span> <span class='ocrx_word' id='word_1_278' title='bbox 2171 3965 2380 4008; x_wconf 85' lang='lat' dir='ltr'>meum</span> <span class='ocrx_word' id='word_1_279' title='bbox 2432 3945 2491 4007; x_wconf 92' lang='lat' dir='ltr'>in</span> 
     </span>
     <span class='ocr_line' id='line_1_34' title="bbox 192 4051 2495 4133; baseline -0.002 -17"><span class='ocrx_word' id='word_1_280' title='bbox 192 4073 379 4116; x_wconf 88' lang='lat' dir='ltr'>usum</span> <span class='ocrx_word' id='word_1_281' title='bbox 452 4053 996 4117; x_wconf 82' lang='lat' dir='ltr'>examinauerunt:</span> <span class='ocrx_word' id='word_1_282' title='bbox 1068 4071 1334 4133; x_wconf 87' lang='lat' dir='ltr'>quorum</span> <span class='ocrx_word' id='word_1_283' title='bbox 1396 4051 1516 4114; x_wconf 84' lang='lat' dir='ltr'>etsi</span> <span class='ocrx_word' id='word_1_284' title='bbox 1583 4052 1717 4115; x_wconf 90' lang='lat' dir='ltr'>sine</span> <span class='ocrx_word' id='word_1_285' title='bbox 1777 4052 2026 4115; x_wconf 90' lang='lat' dir='ltr'>nomine</span> <span class='ocrx_word' id='word_1_286' title='bbox 2080 4071 2218 4115; x_wconf 88' lang='lat' dir='ltr'>esse</span> <span class='ocrx_word' id='word_1_287' title='bbox 2271 4052 2495 4112; x_wconf 89' lang='lat' dir='ltr'>uolunt</span> 
     </span>
     <span class='ocr_line' id='line_1_35' title="bbox 190 4158 1213 4241; baseline -0.001 -19"><span class='ocrx_word' id='word_1_288' title='bbox 190 4160 309 4224; x_wconf 89' lang='lat' dir='ltr'>erit</span> <span class='ocrx_word' id='word_1_289' title='bbox 354 4164 420 4223; x_wconf 89' lang='lat' dir='ltr'>et</span> <span class='ocrx_word' id='word_1_290' title='bbox 468 4158 826 4241; x_wconf 86' lang='lat' dir='ltr'>periculum</span> <span class='ocrx_word' id='word_1_291' title='bbox 875 4165 1213 4239; x_wconf 83' lang='lat' dir='ltr'>praest-are.</span> 
     </span>
    </p>

    <p class='ocr_par' dir='ltr' id='par_1_4' title="bbox 279 4264 2491 4349">
     <span class='ocr_line' id='line_1_36' title="bbox 279 4264 2491 4349; baseline -0.003 -17"><span class='ocrx_word' id='word_1_292' title='bbox 279 4267 435 4332; x_wconf 87' lang='lat' dir='ltr'>Cum</span> <span class='ocrx_word' id='word_1_293' title='bbox 484 4264 873 4349; x_wconf 84' lang='lat' dir='ltr'>Eugippium</span> <span class='ocrx_word' id='word_1_294' title='bbox 915 4264 1104 4328; x_wconf 81' lang='lat' dir='ltr'>etiam</span> <span class='ocrx_word' id='word_1_295' title='bbox 1145 4266 1340 4329; x_wconf 91' lang='lat' dir='ltr'>libros</span> <span class='ocrx_word' id='word_1_296' title='bbox 1383 4266 1489 4346; x_wconf 90' lang='lat' dir='ltr'>qui</span> <span class='ocrx_word' id='word_1_297' title='bbox 1531 4269 1681 4328; x_wconf 84' lang='lat' dir='ltr'>sunt</span> <span class='ocrx_word' id='word_1_298' title='bbox 1720 4265 1792 4327; x_wconf 91' lang='lat' dir='ltr'>de</span> <span class='ocrx_word' id='word_1_299' title='bbox 1828 4264 2057 4329; x_wconf 84' lang='lat' dir='ltr'>Genesi</span> <span class='ocrx_word' id='word_1_300' title='bbox 2100 4264 2171 4326; x_wconf 88' lang='lat' dir='ltr'>ad</span> <span class='ocrx_word' id='word_1_301' title='bbox 2216 4265 2491 4327; x_wconf 88' lang='lat' dir='ltr'>litteram</span> 
     </span>
    </p>
   </div>
   <div class='ocr_carea' id='block_1_3' title="bbox 110 4370 2491 4524">
    <p class='ocr_par' dir='ltr' id='par_1_5' title="bbox 110 4370 2491 4524">
     <span class='ocr_line' id='line_1_37' title="bbox 110 4370 2491 4452; baseline -0.003 -16"><span class='ocrx_word' id='word_1_302' title='bbox 110 4394 122 4406; x_wconf 92' lang='lat'><strong>·</strong></span> <span class='ocrx_word' id='word_1_303' title='bbox 190 4372 305 4436; x_wconf 83' lang='lat' dir='ltr'>XII</span> <span class='ocrx_word' id='word_1_304' title='bbox 374 4379 439 4438; x_wconf 89' lang='lat' dir='ltr'>et</span> <span class='ocrx_word' id='word_1_305' title='bbox 490 4370 954 4450; x_wconf 86' lang='lat' dir='ltr'>Quaestionum</span> <span class='ocrx_word' id='word_1_306' title='bbox 1027 4372 1086 4434; x_wconf 88' lang='lat' dir='ltr'>in</span> <span class='ocrx_word' id='word_1_307' title='bbox 1136 4371 1652 4452; x_wconf 85' lang='lat' dir='ltr'>Heptateuchum</span> <span class='ocrx_word' id='word_1_308' title='bbox 1720 4371 1865 4433; x_wconf 90' lang='lat' dir='ltr'>libri</span> <span class='ocrx_word' id='word_1_309' title='bbox 1927 4371 2042 4435; x_wconf 81' lang='lat' dir='ltr'>VII</span> <span class='ocrx_word' id='word_1_310' title='bbox 2110 4370 2491 4449; x_wconf 75' lang='lat' dir='ltr'>excerpsisse</span> 
     </span>
     <span class='ocr_line' id='line_1_38' title="bbox 2286 4493 2310 4524; baseline 0 -21"><span class='ocrx_word' id='word_1_311' title='bbox 2286 4493 2310 4524; x_wconf 69' lang='lat' dir='ltr'>c</span> 
     </span>
    </p>
   </div>
  </div>
 </body>
</html>
