3076 4976
665 509 1143 576 Quaestionum
1182 510 1292 565 lib.
1334 511 1433 564 vn
1476 510 1768 575 (Quaen.
1810 512 1884 566 de
1922 512 2309 578 Iudicibus).
2494 521 2618 584 451

338 704 519 770 Naue
585 711 1145 771 commemoratum
1214 712 1337 781 est3
1409 706 1518 770 sed
1587 711 1799 771 utrum
1847 707 1994 771 Iesu
2061 709 2320 775 uiuente
2383 712 2625 777 factum

341 813 426 877 sit
488 816 553 877 et
614 832 780 877 nunc
852 831 962 895 per
1032 812 1624 894 recapitulationem
1696 814 2061 894 repetitum,
2131 835 2205 879 an
2271 820 2420 898 post
2483 819 2622 883 eius

338 924 625 997 mortem,
664 924 1076 1003 posteaquam
1118 920 1359 984 dictum
1403 926 1526 984 est:
1568 920 1812 983 Iudas
1861 921 2271 997 ascendet,
2312 928 2377 987 et
2412 926 2626 1007 coepit

337 1027 527 1091 Iudas
594 1026 907 1090 debellare
976 1026 1399 1104 ChanananS‚
1458 1026 1520 1090 in
1582 1045 1705 1108 quo
1771 1026 1939 1091 bello
1996 1026 2123 1092 ista
2178 1030 2388 1093 omnia
2442 1036 2624 1114 gesta

277 1158 303 1197 5
339 1136 682 1211 narrantur,
738 1133 962 1197 merito
1021 1134 1362 1215 quaeritur.
1413 1133 1524 1197 sed
1580 1132 1948 1198 credibilius
2007 1138 2106 1198 est
2151 1138 2298 1217 post
2350 1141 2620 1201 mortem

337 1240 485 1303 Iesu
539 1241 801 1319 factum,
859 1242 1012 1304 tunc
1069 1246 1282 1304 autem
1327 1259 1440 1321 per
1486 1240 1826 1322 prolepsin,
1875 1240 1940 1303 id
1990 1244 2089 1304 est
2132 1261 2244 1323 per
2289 1262 2622 1323 praeoccu-

336 1346 654 1429 pationem
718 1349 1282 1411 commemoratum
1350 1346 1886 1429 quemadmodum
1936 1350 2000 1411 et
2046 1347 2186 1412 alia.
2237 1369 2400 1413 nunc
2451 1350 2616 1415 enim

338 1473 479 1517 cum
516 1472 617 1518 res
655 1457 873 1536 gestae
911 1453 1219 1518 aduersus
1260 1453 1665 1519 Chananaeos
1704 1454 1909 1537 tribus
1951 1454 2109 1518 Iuda
2147 1460 2618 1537 exponerentur,

336 1561 426 1625 ita
463 1579 530 1624 se
569 1560 940 1624 narrationis
981 1561 1131 1625 ordo
1173 1560 1454 1624 continet
1490 1560 1653 1623 inter
1692 1562 1899 1623 cetera
1936 1561 2129 1625 Iudae
2166 1563 2334 1626 facta
2369 1562 2618 1639 bellica,

248 1692 297 1729 ιο
336 1667 411 1731 de
443 1686 565 1748 quo
604 1672 751 1750 post
788 1670 1054 1731 moltem
1094 1667 1240 1730 Iesu
1281 1666 1517 1730 dixerat
1558 1666 1883 1731 dominus:
1922 1668 2165 1732 Iudas
2214 1670 2616 1735 ascendet.

336 1776 413 1837 et
458 1778 749 1855 postea
797 1773 1402 1838 descenderunt
1449 1772 1620 1838 filii
1667 1773 1866 1837 Iuda
1909 1794 2266 1858 pugnare
2306 1777 2396 1840 ad
2438 1776 2618 1841 Cha-

333 1898 719 1944 nanaeum
789 1879 923 1962 qui
979 1880 1412 1944 habitabat
1479 1876 1618 1966 [in]
1688 1886 2062 1945 montana
2118 1886 2197 1946 et
2252 1887 2617 1949 austrum

336 1990 415 2051 et
488 1990 1045 2068 campestrem.
1123 1989 1201 2050 et
1274 1986 1480 2050 abiit
1562 1986 1804 2051 Iudas
1882 1987 1972 2050 ad
2051 1988 2616 2054 chananaeum

332 2093 936 2157 inhabitantem
994 2093 1069 2157 in
1120 2093 1487 2159 Chebron
1549 2096 1626 2157 et
1685 2094 1887 2157 exiit
1945 2094 2309 2160 Chebron
2370 2115 2451 2160 ex
2499 2098 2615 2161 ad-

242 2224 295 2263 15
335 2218 573 2265 uerso
622 2237 708 2247 —
757 2220 1034 2265 nomen
1082 2203 1350 2264 autem
1398 2203 1570 2264 erat
1620 2200 1984 2264 Chebron
2032 2204 2311 2273 (ante)
2361 2202 2614 2267 Caria-

333 2307 984 2391 tharbocsepher
1030 2344 1116 2354 —
1165 2312 1242 2371 et
1288 2306 1705 2389 percussit
1756 2306 1937 2371 Sesi
1986 2309 2062 2370 et
2107 2308 2492 2372 Achiman
2540 2314 2617 2373 et

334 2412 647 2478 Cholmi
687 2414 925 2480 filios
962 2416 1192 2478 Enac.
1234 2418 1312 2478 et
1357 2413 1903 2478 ascenderunt
1948 2413 2130 2477 inde
2180 2414 2271 2477 ad
2308 2414 2612 2478 inhabi-

330 2523 604 2586 tantes
652 2521 919 2586 Dabir.
971 2541 1244 2587 nomen
1296 2525 1562 2584 autem
1612 2519 1858 2584 Dabir
1898 2516 2167 2607 [quod]
2213 2524 2386 2585 erat
2432 2526 2612 2586 ante

332 2626 652 2692 Ciuitas
688 2628 1177 2693 litterarum.
1219 2632 1295 2693 et
1331 2629 1542 2693 dixit
1589 2627 1863 2693 Caleb:
1914 2628 2403 2710 quicumque
2452 2647 2612 2711 per-

231 2759 292 2798 20
330 2735 694 2799 eusserit
742 2734 1181 2800 Ciuitatem
1220 2735 1690 2800 litterarum
1739 2738 1815 2799 et
1862 2733 2376 2817 antecaperit
2422 2753 2612 2810 eam,

331 2844 408 2904 et
438 2840 637 2906 dabo
678 2841 746 2905 ei
787 2841 1049 2905 filiam
1079 2860 1324 2905 meam
1352 2844 1681 2912 <Axam>
1715 2842 1789 2905 in
1823 2859 2165 2904 uxorem.
2191 2842 2612 2924 constatergo

329 2966 402 3011 ex
430 2948 550 3011 hoc
590 2947 801 3012 ordine
837 2953 1159 3031 gestarum
1189 2967 1397 3011 rerum
1438 2953 1567 3011 tam
1606 2948 1939 3030 perspicuo
1980 2951 2126 3029 post
2163 2950 2429 3011 mortem
2467 2947 2614 3011 Iesu

328 3054 447 3120 hoc
496 3074 636 3119 esse
682 3055 943 3119 factum.
1002 3060 1155 3119 tunc
1201 3073 1373 3132 uere,
1423 3074 1568 3120 cum
1636 3055 1932 3118 ciuitates
1982 3053 2163 3117 datae
2229 3053 2354 3134 ipsi
2420 3052 2612 3117 Caleb

327 3165 987 3237 commemorarentur,
1021 3180 1395 3244 progressus
1428 3180 1497 3225 ex
1529 3161 1856 3225 occasione
1887 3164 2168 3223 narrator
2197 3159 2365 3241 quod
2391 3163 2644 3240 postea

219 3292 286 3333 2⁵
325 3269 570 3333 factum
618 3273 717 3333 est
761 3268 1273 3350 praeoccupauit.
1333 3287 1449 3332 nec
1495 3272 1708 3331 tamen
1758 3267 1994 3330 frustra
2050 3265 2317 3330 arbitror
2369 3266 2486 3329 hoc
2538 3265 2613 3329 de

324 3374 457 3438 filia
499 3374 688 3439 Caleb
749 3375 896 3438 data
940 3374 1001 3437 in
1051 3373 1312 3439 uictoris
1370 3374 1718 3456 praemium
1768 3373 1867 3436 bis
1917 3391 2176 3436 numero
2237 3371 2610 3454 scripturam

325 3500 818 3545 commemorare
848 3481 1173 3545 uoluisse.

511 3777 572 3829 11
612 3775 729 3830 Iud.
775 3777 822 3838 1,
859 3775 1034 3827 9—12

397 3901 429 3952 2
468 3900 759 3968 repet-itum
800 3902 883 3952 est
929 3898 1035 3951 VT
1140 3899 1171 3951 6
1210 3898 1380 3950 iesum
1420 3896 1563 3950 P¹S¹
1709 3896 1998 3965 prolemsiu
2037 3893 2310 3948 PSNVT
2424 3893 2491 3946 10
2526 3893 2608 3946 iu-

318 3989 426 4042 dax
462 3988 523 4042 N
634 3989 697 4041 12
736 3989 792 4040 in
828 3987 1030 4040 inclusi
1132 3988 1197 4040 14
1236 3986 1431 4039 cebron
1471 3985 1594 4052 (bis)
1635 3984 1789 4037 PSN
1805 3984 1908 4037 VT
1997 3985 2061 4036 15
2103 3983 2157 4033 τὸ
2199 3981 2251 4032 δὲ
2291 3977 2455 4050 ὄνομα
2491 3981 2607 4035 cod,

316 4077 485 4132 Alex.
605 4080 730 4129 ante
780 4076 981 4129 addidi
1108 4074 1600 4128 cariatharuoxefer
1635 4073 1804 4126 PVT
1847 4071 2316 4125 cariaturuoxeffer
2351 4068 2397 4122 S
2441 4070 2607 4122 caria-

316 4165 628 4220 terboxefer
663 4166 728 4219 N
798 4167 862 4218 16
902 4165 1106 4218 aeiman
1146 4163 1300 4217 PSN
1316 4163 1361 4215 V
1434 4165 1495 4216 17
1537 4179 1698 4214 senae
1737 4160 1782 4215 S
1817 4162 1986 4214 enach
2025 4161 2099 4212 bcl
2174 4159 2238 4212 18
2269 4175 2356 4226 pr.
2395 4158 2540 4211 tabit
2570 4156 2615 4211 S

316 4253 491 4308 dauid
528 4254 590 4306 N
695 4253 836 4324 quod
881 4253 1087 4307 inclusi
1176 4254 1244 4306 20
1283 4251 1618 4322 anteceperit
1652 4251 1875 4318 scripsi:
1905 4249 2173 4318 acceperit
2211 4247 2340 4301 libri
2446 4247 2508 4299 21
2554 4250 2611 4298 et

312 4361 426 4399 om.
466 4342 653 4397 1>th
828 4342 994 4395 Axam
1033 4342 1287 4411 supplem?
1325 4359 1352 4394 e
1389 4342 1667 4409 superiore
1705 4341 1820 4393 loco
1966 4340 2035 4391 24
2075 4338 2533 4389 commerarentur
2568 4332 2615 4387 S

314 4448 638 4504 progressus
679 4435 761 4485 est
797 4429 1031 4484 PSNT¹
1175 4434 1422 4482 narratur
1460 4429 1521 4480 N
1629 4429 1697 4480 26
1738 4428 2000 4496 scriptura
2035 4425 2101 4478 N

2402 4526 2503 4580 29*
