3076 4976
1215 550 1654 602 Praelatio.
2405 552 2588 617 XVII

283 766 421 809 rum
478 742 913 827 Heptateuchi
967 744 1266 807 librorum
1330 743 1677 807 summaria
1722 744 1783 807 in
1835 745 2079 808 ultimis
2131 745 2368 809 codicis
2417 745 2590 809 foliis

284 852 635 936 perscripta
690 853 860 914 sunt.
927 849 1036 914 fol.
1097 850 1209 913 36·
1252 850 1521 934 legitur:
1581 848 1954 930 Explicitum
2000 852 2293 932 capitula.
2355 851 2592 931 Incipit

283 959 431 1022 liber
486 957 544 1019 1'
604 956 681 1019 de
744 955 1161 1035 questionibus
1216 955 1363 1019 libri
1412 956 1675 1036 yenesc‘S.
1746 954 2203 1035 Quaestionum
2269 959 2414 1022 libri
2480 958 2590 1022 fol·

282 1063 617 1130 36—1671’
667 1068 999 1146 occupant.
1063 1062 1124 1125 T
1170 1065 1246 1126 ab
1306 1083 1431 1127 uno
1491 1064 1701 1128 scriba
1746 1065 1979 1129 litteris
2029 1066 2479 1148 pulcherrimis
2526 1065 2589 1128 in

280 1173 647 1237 membrana
701 1171 1109 1253 integerrima
1172 1170 1372 1233 Clara
1431 1169 1603 1234 Valle
1670 1172 2018 1244 confectus.
2066 1173 2287 1236 multis
2343 1172 2503 1236 locis
2554 1192 2590 1236 a

281 1280 596 1343 scribente
662 1280 981 1342 correctus
1030 1281 1160 1350 est;
1212 1278 1373 1341 alins
1421 1298 1648 1342 manus
1700 1279 2073 1362 corrigentis
2124 1299 2434 1361 nusquam
2486 1298 2590 1342 ue-

280 1386 474 1469 stigia
522 1384 1098 1467 deprehenduntur.
1150 1384 1312 1448 liber
1359 1404 1432 1448 ea
1479 1405 1543 1449 re
1593 1386 1820 1450 ceteris
1872 1386 2196 1450 codicibus
2245 1386 2589 1469 praecellit.

289 1492 455 1575 quod
503 1492 790 1556 omnium
837 1491 1209 1573 plenissima
1256 1491 1532 1556 auctoris
1582 1492 1776 1556 uerba
1821 1493 2099 1573 praebet.
2149 1512 2273 1557 uno
2322 1493 2460 1557 loco
2502 1492 2588 1569 (in

285 1601 530 1682 quaest.
583 1598 659 1661 de
710 1596 864 1661 Gen.
915 1596 1191 1681 XXIIII)
1242 1598 1380 1662 eius
1430 1598 1633 1662 solius
1685 1618 1800 1679 ope
1847 1603 2058 1663 textus
2099 1598 2370 1662 mundus
2407 1598 2590 1662 resti-

280 1707 370 1769 tui
427 1704 672 1787 potuit:
743 1704 804 1767 in
871 1715 1115 1785 quaest.
1186 1704 1260 1767 de
1330 1704 1542 1769 Exodo
1604 1704 1712 1769 CII
1777 1705 1914 1768 eius
1973 1706 2310 1769 lectionem
2363 1704 2588 1769 ceteris

280 1813 573 1896 praetuli.
642 1813 705 1875 in
756 1811 1069 1876 reddenda
1118 1812 1431 1893 scriptura
1480 1816 1698 1876 sancta
1746 1813 1999 1894 saepius
2048 1814 2110 1875 in
2159 1832 2296 1876 eam
2345 1818 2588 1894 partem

278 1919 589 2002 peccauit.
639 1922 715 1981 ut
772 1938 874 1982 eas
932 1937 1124 1983 uoces
1184 1937 1342 1999 quae
1399 1919 1807 2001 potissimum
1865 1920 2089 1983 Italam
2147 1922 2412 2002 arguant
2469 1921 2580 1981 aut

278 2027 524 2091 raderet
571 2030 685 2089 aut
732 2028 1135 2109 expungeret.

369 2168 669 2233 Codicem
753 2187 821 2230 ex
896 2167 1285 2231 bibliotheca
1359 2166 1657 2231 Trecensi
1731 2166 1856 2231 huc
1932 2168 2376 2233 transmissum
2450 2167 2588 2249 ipse

284 2276 543 2340 contuli.

370 2417 529 2482 Cum
578 2417 642 2480 in
695 2416 1124 2481 describendis
1175 2417 1505 2482 codicibus
1558 2418 1810 2501 saepius
1875 2418 2300 2500 capitulorum
2351 2417 2587 2481 mentio
2631 2425 2901 2498 capitula.

283 2526 449 2589 facta
534 2525 651 2603 sit,
739 2523 1168 2605 exponendum
1254 2525 1413 2590 mihi
1498 2526 1751 2589 uidetur
1843 2527 1950 2608 qui
2043 2526 2292 2590 codices
2378 2525 2589 2606 qualia

281 2632 626 2696 summaria
693 2629 974 2694 offerant.
1051 2633 1242 2711 atque
1311 2631 1591 2714 capitula
1655 2632 1801 2695 libri
1871 2631 2191 2696 Geneseos
2259 2631 2585 2694 codicibus

281 2737 589 2812 Parisino,
659 2736 1154 2814 Valentianensi‚
1224 2737 1644 2820 Sangallensi.
1715 2739 2008 2802 Trecensi
2081 2738 2484 2821 praebentur,
2553 2757 2588 2800 a

280 2844 607 2908 codicibus
661 2842 1024 2908 Corbeiensi
1074 2848 1138 2906 et
1181 2844 1560 2908 Nouariensi
1610 2846 1867 2917 absunt;
1929 2843 2274 2908 summaria
2317 2844 2586 2925 reliqua-

278 2971 414 3014 rum
464 2950 899 3033 Heptateuchi
946 2950 1242 3031 partium,
1290 2950 1354 3013 id
1405 2954 1504 3014 est
1549 2951 1768 3026 Exodi.
1808 2951 2099 3028 Leuitici,
2141 2951 2584 3024 Numerorum,

277 3057 779 3132 Deuteronomii‚
846 3058 992 3119 Iesu
1059 3055 1261 3127 Naue.
1329 3058 1621 3122 Indicum
1691 3058 1752 3121 in
1820 3059 1956 3122 solo
2016 3058 2230 3121 codice
2291 3057 2584 3120 Trecensi

279 3166 633 3227 seruantur.
686 3166 837 3226 sunt
883 3166 1094 3225 autern
1144 3163 1234 3226 ita
1282 3168 1665 3245 comparata,
1716 3168 1789 3227 ut
1838 3163 1946 3227 ubi
2005 3164 2292 3245 quaestio
2353 3182 2389 3226 a
2443 3165 2583 3226 loco

276 3271 511 3334 biblico
561 3269 818 3333 initium
867 3270 1054 3351 capit,
1095 3269 1183 3332 ibi
1233 3273 1345 3334 aut
1389 3272 1577 3352 plena
1615 3271 1810 3334 uerba
1849 3275 1960 3333 aut
1999 3289 2214 3334 eorum
2255 3287 2398 3351 pars
2441 3269 2585 3331 affe-

270 3381 467 3454 ratur,
517 3376 702 3439 uelut
748 3375 811 3437 in
860 3376 1231 3456 quaestione
1282 3376 1358 3439 de
1409 3375 1643 3440 Genesi
1693 3377 1871 3440 XVI:
1924 3375 2022 3439 De
2071 3397 2135 3438 eo
2184 3375 2347 3458 quod
2389 3376 2585 3454 scrip-

274 3488 402 3546 tum
461 3486 585 3546 est:
642 3485 697 3544 ct
757 3481 830 3544 de
875 3502 1069 3544 mame
1113 3481 1382 3544 homi-nis
1412 3482 1650 3564 fratris
1697 3485 2018 3560 erquircme
2070 3483 2351 3544 animam
2394 3481 2584 3546 homi-

273 3592 406 3666 nis,·
474 3588 538 3652 in
600 3588 967 3670 quaestione
1026 3587 1101 3651 de
1153 3587 1384 3652 Genesi
1432 3589 1578 3652 XV:
1646 3588 1747 3650 Dc
1794 3610 1859 3652 eo
1907 3589 2070 3668 quod
2112 3590 2414 3668 seriptum
2463 3591 2583 3651 esi:

277 3716 401 3760 non
448 3695 726 3759 adiciam
773 3695 975 3758 adhuc
1019 3694 1382 3758 maledicere
1428 3716 1618 3775 snper
1667 3699 1894 3758 terram
1935 3699 2194 3775 propter
2242 3714 2428 3774 ope-ra
2482 3693 2585 3755 leo-

276 3804 512 3865 ntinum
552 3805 607 3864 ct
643 3805 844 3864 cetera
881 3801 967 3863 ad
1002 3802 1263 3864 cenedem
1302 3823 1550 3866 sensnm
1581 3804 1964 3882 pertinentia
1979 3823 1998 3870 ,·
2041 3803 2146 3866 ubi
2178 3820 2330 3865 uero
2362 3819 2583 3881 quaes-

276 3910 362 3972 tio
402 3908 866 3991 expositionem
902 3911 1149 3972 tantum
1191 3909 1380 3971 unius
1440 3909 1710 3973 alicuius
1754 3910 1877 3973 loci
1923 3910 1997 3972 de
2047 3909 2360 3990 scriptura
2407 3925 2583 3970 sacra

276 4014 452 4095 petit-i
524 4013 828 4088 continet,
895 4013 983 4076 ibi
1052 4017 1162 4077 aut
1226 4015 1552 4094 tamquam
1622 4014 1879 4097 aliquod
1956 4017 2394 4098 argumentum
2471 4012 2582 4075 illa

278 4120 619 4184 summaria
685 4119 981 4183 exhibent
1039 4120 1245 4201 (uelut
1306 4125 1551 4202 quaest.
1613 4121 1686 4184 de
1747 4121 1900 4185 Gen.
1950 4121 2159 4184 XXV:
2230 4119 2328 4182 De
2383 4123 2582 4181 aetate.

279 4227 546 4306 Abrahq.
615 4227 767 4306 quia
811 4225 1063 4288 uidetur
1107 4247 1231 4287 non
1279 4227 1606 4289 conuenire
1651 4248 1949 4290 ‘numerus
1996 4247 2303 4289 annorum
2357 4245 2579 4286 narra-

282 4334 429 4395 tioni
473 4334 831 4413 scripture),
881 4337 992 4397 aut
1036 4333 1240 4414 prima
1287 4334 1695 4416 expositionis
1747 4336 1939 4397 uerba
1987 4336 2168 4397 uelut
2216 4337 2461 4414 quaest.
2504 4332 2579 4394 de

285 4438 433 4505 Gen.
481 4440 565 4503 V:
652 4438 874 4502 Vtrum
931 4460 1080 4503 arca
1143 4445 1270 4503 tam
1322 4462 1555 4522 maqna
1609 4445 1788 4502 centa
1841 4443 2029 4502 annis
2086 4463 2124 4502 a
2169 4461 2282 4502 ‘noe
2330 4442 2384 4500 et
2430 4437 2580 4517 filiis

333 4579 515 4618 xxv111
547 4579 666 4628 Aug.
698 4583 805 4617 sect
856 4580 924 4619 111
958 4590 1066 4627 pm
1094 4581 1118 4616 3
1585 4613 1588 4614 γ
2367 4560 2401 4611 b
