3076 4976
466 489 598 550 346
1175 484 1226 537 S.
1285 483 1559 537 Aureli
1618 484 2047 552 Augustini

468 679 833 763 gregatione
884 681 948 744 et
991 679 1377 761 repositione
1433 678 1494 743 in
1553 679 1691 744 loco
1749 679 2006 757 mundo,
2068 678 2122 741 si
2178 679 2334 743 haec
2394 679 2763 762 spiritaliter

465 786 943 869 intellegantur,
994 787 1118 850 iam
1163 786 1548 850 intrinsecus
1597 786 1741 849 uult
1786 785 2070 869 intellegi
2115 786 2315 850 fuisse
2362 785 2757 850 mundatum.

466 892 639 956 sicut
687 891 1014 957 Cornelius
1065 892 1326 958 audiens
1376 895 1441 956 et
1488 892 1747 956 credens
1797 892 1965 973 quod
2010 892 2485 974 praedicanerat
2529 892 2758 956 Petrus

463 999 555 1063 ita
605 998 946 1063 mundatus
996 1003 1114 1078 est,
1162 1002 1237 1062 ut
1283 1004 1426 1063 ante
1474 999 1795 1062 uisibilem
1845 998 2233 1081 baptismum
2284 1017 2428 1061 cum
2478 998 2613 1063 suis
2652 999 2758 1081 qui

463 1106 722 1169 aderant
777 1105 1089 1189 acciperet
1153 1106 1385 1171 donum
1454 1106 1719 1188 spiritus
1779 1105 2008 1181 sancti;
2076 1124 2300 1169 uerum
2365 1108 2576 1169 tamen
2641 1123 2755 1169 nec
2818 1114 2843 1151 ⁵

466 1212 722 1276 nisibile
787 1215 1248 1277 sacramentum
1309 1213 1627 1277 contemni
1682 1212 1913 1295 potuit,
1969 1214 2042 1276 ut
2098 1211 2354 1276 ablutus
2411 1212 2601 1276 etiam
2661 1231 2757 1275 ex-

462 1319 783 1383 trinsecus
812 1319 1056 1384 lauaret
1084 1319 1355 1401 quodam
1384 1319 1574 1385 modo
1613 1320 1997 1383 uestimenta
2031 1337 2167 1383 sua.
2217 1322 2289 1382 et
2328 1319 2490 1393 erit,
2529 1318 2756 1401 inquit,

461 1425 671 1489 filiis
713 1426 1009 1490 Israhel
1058 1430 1131 1489 et
1178 1427 1599 1509 proselytis
1640 1426 1764 1508 qui
1814 1426 2290 1509 adponuntur
2325 1424 2752 1509 legitimum

459 1538 875 1596 aeternum.
926 1531 1080 1614 quid
1127 1532 1299 1596 aliud
1348 1532 1629 1596 ostendit
1674 1532 1798 1596 nisi
1845 1532 2231 1615 baptismum
2273 1531 2528 1608 Christi,
2568 1551 2755 1613 quem

458 1637 864 1722 significabat
891 1657 1054 1720 aqua
1084 1638 1487 1720 aspersionis,
1519 1643 1584 1703 et
1610 1638 1859 1702 Iudaeis
1894 1642 1958 1702 et
1996 1639 2291 1722 gentibus
2329 1638 2752 1721 profuturum,
2796 1652 2846 1688 ¹⁰

456 1744 526 1808 id
575 1749 673 1809 est
720 1744 868 1809 filiis
917 1744 1157 1810 Israhel
1214 1749 1276 1809 et
1331 1745 1669 1828 proselytis
1725 1749 2053 1827 tamquam
2110 1746 2502 1810 naturalibus
2560 1745 2751 1808 ramis

459 1856 526 1916 et
571 1852 807 1917 inserto
853 1851 1225 1936 pinguedini
1272 1851 1502 1916 radicis
1552 1852 1866 1916 oleastro?
1916 1871 2104 1933 quem
2153 1857 2367 1916 autem
2405 1872 2522 1917 non
2564 1852 2755 1916 faciat

458 1958 797 2035 intentum,
848 1958 1018 2040 quod
1055 1961 1204 2041 post
1241 1958 1630 2023 ablutionem
1670 1958 1746 2021 de
1785 1958 2056 2042 singulis
2095 1959 2453 2040 quibusque
2493 1958 2751 2023 dicitur:

457 2068 535 2128 et
581 2064 986 2130 inmundus
1029 2066 1174 2129 erit
1212 2084 1448 2146 usque
1490 2066 1575 2129 ad
1613 2069 2047 2148 uesperam?
2095 2083 2298 2148 neque
2338 2065 2440 2128 hic
2480 2069 2748 2142 tantum,

455 2170 570 2235 sed
617 2171 678 2235 in
729 2172 1021 2237 omnibus
1069 2175 1181 2236 aut
1226 2190 1423 2254 paene
1471 2172 1532 2235 in
1583 2172 1875 2238 omnibus
1933 2172 2171 2236 talibus
2228 2171 2748 2236 mundationibus
2792 2188 2842 2226 ¹⁵

458 2279 578 2342 hoc
634 2277 884 2344 dicitur.
961 2279 1072 2343 ubi
1127 2279 1341 2343 nescio
1399 2282 1617 2343 utrum
1680 2278 1916 2361 aliquid
1975 2279 2148 2343 aliud
2201 2279 2409 2361 possit
2463 2279 2750 2362 intellegi

452 2384 578 2448 nisi
626 2384 795 2465 quod
843 2385 1049 2449 omnis
1099 2386 1286 2450 homo
1343 2388 1491 2468 post
1545 2386 1982 2450 remissionem
2042 2385 2469 2467 plenissimam
2530 2403 2748 2467 pecca·

453 2494 662 2555 torum
708 2491 1124 2573 permanendo
1170 2491 1234 2554 in
1283 2491 1400 2555 hac
1449 2491 1586 2554 uita
1632 2491 1945 2556 contrahit
2005 2491 2264 2573 aliquid,
2313 2490 2479 2556 unde
2528 2492 2612 2555 sit
2659 2491 2747 2556 in·

454 2596 735 2661 mundus
810 2616 1015 2679 usque
1082 2597 1158 2660 ad
1226 2597 1512 2662 eiusdem
1589 2598 1759 2663 uitae
1824 2598 2042 2676 finem,
2118 2598 2227 2662 ubi
2295 2598 2350 2662 ei
2417 2598 2550 2662 dies
2623 2598 2747 2662 iste

455 2702 733 2784 quodam
781 2703 969 2768 modo
1020 2704 1357 2781 clauditur,
1409 2705 1578 2787 quod
1626 2705 1943 2788 significat
1987 2723 2275 2787 uespera.
2780 2726 2834 2764 eo

541 2809 783 2873 Deinde
840 2810 1067 2892 incipit
1113 2811 1429 2894 scriptura
1475 2811 1680 2876 dicere
1729 2814 1793 2875 et
1839 2812 2171 2893 exequitur
2213 2811 2745 2895 quemadmodum

451 2915 740 2980 inmundi
786 2917 938 2981 facti
986 2917 1274 2982 homines
1322 2937 1485 2999 aqua
1531 2919 1644 2982 illa
1691 2918 2069 3001 aspersionis
2114 2917 2542 3000 purificentur.
2618 2919 2744 3000 qni

449 3023 840 3106 tetigerit,
899 3024 1138 3106 inquit,
1195 3028 1602 3103 mortuum,
1662 3025 1901 3090 omnis
1960 3025 2202 3089 anima
2257 3024 2588 3089 hominis
2645 3026 2743 3089 in·

447 3129 724 3193 munda
764 3129 912 3194 erit
951 3135 1237 3213 septem
1277 3130 1575 3207 diebus;
1613 3130 1735 3194 hic
1772 3130 2320 3212 purificabitur
2351 3129 2470 3194 die
2508 3130 2739 3195 tertio

444 3240 520 3300 et
583 3236 699 3301 die
767 3237 1092 3318 septimo
1159 3241 1234 3300 et
1300 3233 1744 3324 [in]n1undus
1812 3236 1976 3300 erit.
2063 3242 2128 3301 et
2183 3237 2284 3301 hic
2353 3236 2510 3301 nihil
2567 3237 2740 3301 aliud
2777 3259 2831 3297 25

445 3342 948 3426 intellegendum
978 3341 1167 3407 uideo
1198 3343 1318 3407 nisi
1350 3348 1712 3407 contactum
1752 3343 1987 3407 mortui
2025 3362 2165 3408 esse
2202 3343 2476 3407 hominis
2512 3343 2741 3425 iniqui·

447 3453 667 3513 tatem.
745 3449 989 3531 septem
1046 3468 1196 3514 uero
1255 3449 1497 3514 dierum
1555 3449 2000 3514 inmunditiam
2056 3454 2311 3533 propter
2356 3450 2626 3514 animam
2676 3454 2740 3514 et

447 3574 676 3639 corpus
715 3555 950 3620 dictam
986 3559 1163 3638 puto,
1205 3557 1477 3621 animam
1514 3556 1578 3619 in
1617 3556 1908 3633 ternario,
1950 3575 2176 3639 corpus
2214 3556 2278 3620 in
2320 3556 2735 3638 quaternario.

443 3661 615 3744 quod
684 3681 874 3743 quare
939 3662 1029 3725 ita
1095 3663 1207 3739 sit,
1283 3663 1547 3747 longum
1612 3666 1710 3727 est
1776 3662 2116 3746 disputare.
2202 3663 2550 3728 secundum
2616 3665 2734 3729 hoc

619 3903 652 3956 3
692 3903 757 3957 cf.
797 3905 914 3958 Act.
958 3904 1042 3966 10,
1079 3905 1295 3960 44-48
1405 3907 1435 3958 7
1475 3904 1635 3960 Num.
1680 3907 1761 3966 19,
1808 3906 1874 3960 10
1988 3906 2053 3960 12
2094 3905 2158 3960 cf.
2198 3906 2354 3960 Rom.
2397 3907 2479 3963 11.
2524 3908 2734 3963 16-24

436 3991 508 4045 22
547 3991 706 4048 Num.
749 3993 832 4056 19,
876 3993 957 4047 11.
1002 3995 1066 4047 12

508 4135 542 4186 4
581 4133 824 4188 nisibile-
855 4134 900 4189 S
1035 4136 1100 4190 10
1138 4136 1475 4206 prosutorurn
1513 4136 1581 4190 N
1703 4138 1769 4190 12
1808 4135 2138 4207 pinguedine
2178 4137 2221 4190 C
2350 4139 2413 4192 13
2452 4137 2733 4191 ablutione

436 4226 528 4286 (ne
578 4222 708 4277 add.
756 4240 800 4278 s.
849 4224 884 4278 l.
931 4242 1004 4278 m.
1050 4228 1108 4288 2)
1158 4224 1205 4279 S
1457 4228 1525 4279 14
1574 4243 1855 4296 uesperum
1901 4225 2013 4280 CS²
2270 4225 2334 4280 18
2371 4226 2473 4280 hac
2510 4227 2629 4279 tiua
2661 4226 2733 4278 12¹

433 4312 506 4365 20
562 4311 830 4366 clauditur
883 4330 985 4367 om.
1045 4314 1096 4368 T
1245 4315 1312 4367 25
1370 4315 1600 4368 mundus
1655 4315 1854 4384 scripsi
1908 4331 2025 4369 cum
2078 4314 2181 4368 bd.-
2236 4314 2524 4368 inmundus
2572 4315 2731 4370 codd.

433 4399 505 4454 28
543 4402 718 4455 anima
763 4401 811 4455 C
