3076 4976
681 450 1163 516 Quaestionum
1202 453 1313 507 lib.
1353 454 1462 508 1111
1503 454 1795 520 (Quaest.
1837 454 1911 509 de
1951 455 2306 521 Numeris).
2525 459 2653 523 367

358 666 502 710 cum
553 665 659 710 eas
709 646 1158 728 adprobauerit
1203 649 1385 727 ratio,
1445 668 1604 732 quae
1655 651 1732 714 ad
1779 650 1988 715 uicem
2036 651 2157 715 uixi
2209 651 2396 715 debet
2439 671 2659 736 regere

358 775 611 820 omnem
661 754 1405 831 animalem·moti0nem,
1447 775 1608 838 quae
1646 757 1718 820 fit
1756 777 1876 822 non
1917 760 2164 821 tantum
2201 758 2266 821 in
2306 758 2657 840 adpetendo

356 881 578 925 uerum
627 862 817 926 etiam
858 861 919 925 in
963 861 1368 927 abstinendo:
1417 868 1511 940 ut,
1554 863 1608 927 si
1644 867 1856 928 mente
1896 868 1959 928 et
1994 865 2235 929 ratione
2276 865 2654 942 decernitur,

353 971 505 1032 tnnc
571 967 711 1044 fiat,
778 968 832 1032 si
902 970 1113 1033 autem
1188 970 1560 1053 inprobatur
1634 971 1900 1036 consilio
1964 971 2259 1047 rationiS,
2333 991 2457 1036 non
2520 971 2648 1036 fiat.

294 1096 318 1134 ε»
359 1074 586 1156 quodsi
633 1075 794 1139 ratio
847 1076 1013 1157 quod
1061 1076 1240 1158 prius
1289 1081 1461 1141 recte
1510 1077 1870 1141 faciendum
1920 1096 2060 1142 esse
2100 1078 2469 1153 decreuerit,
2508 1082 2660 1161 post

352 1181 662 1264 inprobet,
703 1183 789 1246 sit
827 1187 1164 1265 peccatum
1206 1184 1479 1259 consilii,
1521 1185 1711 1249 etiam
1755 1185 1849 1250 sic
1884 1189 2095 1249 tamen
2138 1186 2387 1250 nonnisi
2424 1185 2651 1249 rationi

352 1288 548 1352 motio
596 1289 708 1352 illa
755 1290 1129 1357 consentiat.

447 1395 576 1458 LX.
638 1392 807 1474 Quid
855 1398 982 1461 est:
1042 1399 1116 1460 et
1161 1396 1376 1461 misit
1423 1416 1548 1461 eos
1596 1397 1895 1480 Moyses
1944 1398 2152 1462 mille
2202 1418 2280 1462 ex
2326 1398 2529 1461 tribu
2578 1403 2651 1462 et

349 1502 560 1566 mille
628 1521 709 1566 ex
776 1503 986 1566 tribu
1053 1522 1214 1568 cum
1283 1504 1575 1568 uirtute
1643 1507 1939 1572 eorum?
2021 1510 2236 1569 utrum
2301 1504 2644 1579 „niitutem

263 1631 313 1670 ιο
352 1619 608 1673 eorum“
691 1611 838 1674 uult
908 1609 1197 1694 intellegi
1281 1611 1632 1694 „plincipes
1709 1617 2012 1677 eorum“‘?
2098 1631 2173 1676 an
2240 1611 2545 1675 uirtutem
2612 1632 2646 1675 a

350 1715 604 1781 domino
673 1717 764 1781 eis
833 1717 1044 1782 datam
1111 1718 1218 1782 uel
1281 1738 1392 1801 per
1454 1719 1667 1802 ipsum
1734 1720 1998 1803 Moysen
2055 1720 2501 1801 impetratam?
2569 1739 2644 1783 an

348 1824 564 1906 potius
621 1825 928 1890 uirtutem
978 1844 1192 1890 eorum
1246 1826 1402 1890 dicit
1450 1845 1523 1891 ea
1570 1827 1802 1909 quibus
1860 1827 2067 1891 uirtus
2126 1846 2341 1891 eorum
2400 1831 2647 1890 susten-

347 1933 628 1996 taretur‘?

437 2039 597 2102 LXI.
667 2039 892 2103 Potest
947 2038 1150 2103 uideri
1209 2040 1521 2122 quaestiO,
1581 2041 1899 2122 quomodo
1967 2040 2213 2124 quando
2270 2039 2645 2105 Israhelitae

263 2165 312 2204 ιε»
347 2143 727 2209 Madianitas
778 2146 1262 2210 debellauerunt
1307 2148 1713 2211 interfectum
1773 2147 1943 2211 dicat
1999 2147 2313 2229 scriptura
2358 2147 2644 2219 Balaam,

350 2250 472 2332 qui·
504 2252 709 2315 fuerat
758 2251 1112 2315 conductus
1161 2251 1241 2315 ad
1288 2252 1791 2317 maledicendum
1839 2252 2146 2335 populum
2187 2252 2447 2325 Israhel,
2497 2272 2642 2316 cum

348 2357 642 2439 superius
701 2358 949 2439 quando
1006 2358 1376 2423 benedicere
1427 2362 1686 2423 coactus
1736 2362 1837 2423 est
1880 2360 1970 2423 ita
2018 2359 2277 2423 eandem
2326 2358 2637 2423 actionem

348 2464 662 2547 scriptura
719 2466 1138 2540 concluserat,
1199 2484 1344 2531 cum
1401 2466 1515 2531 ait:
1587 2469 1658 2531 et
1715 2484 2030 2551 surgens
2086 2466 2387 2529 Balaam
2448 2465 2642 2530 abiit

346 2591 706 2637 reuersus
772 2573 841 2636 in
917 2574 1162 2637 locum
1247 2594 1487 2649 suum;
1567 2577 1641 2637 et
1702 2575 1927 2638 Balac
1992 2572 2186 2637 abiit
2250 2572 2336 2636 ad
2402 2578 2640 2637 semet

254 2701 310 2740 ao
347 2680 611 2761 ipsum.
700 2679 755 2744 si
813 2699 960 2763 ergo
1017 2680 1289 2745 redierat
1344 2682 1421 2745 ad
1474 2681 1692 2746 locum
1750 2700 1935 2744 suum
1980 2680 2261 2756 Balaam,
2319 2680 2636 2760 quomodo

345 2785 448 2849 hic
496 2785 872 2850 interfectus
923 2790 1041 2862 est,
1093 2805 1240 2850 cnm
1289 2786 1363 2851 de
1410 2791 1542 2850 tam
1588 2787 1954 2870 longinquO,
1992 2784 2058 2848 id
2097 2788 2197 2849 est
2233 2784 2309 2848 de
2347 2784 2638 2867 Mesopo-

345 2892 538 2956 tamia
597 2893 882 2957 uenerit?
959 2913 1034 2957 an
1090 2895 1254 2959 forte
1309 2912 1606 2958 reuersus
1656 2897 1756 2957 est
1802 2893 1880 2956 ad
1926 2893 2117 2957 Balac
2169 2896 2233 2955 et
2280 2892 2396 2956 hoc
2445 2891 2636 2973 scrip-

344 3004 488 3063 tura
558 3018 682 3063 non
759 3000 956 3064 dixit?
1042 3019 1423 3082 quamquam
1502 3000 1696 3064 etiam
1769 3000 1976 3082 possit
2038 3000 2102 3063 in
2167 3000 2378 3062 locum
2446 3017 2636 3062 suum

342 3105 583 3170 redisse
640 3106 947 3189 intellegi,
1006 3106 1176 3188 quod
1223 3105 1299 3170 ab
1349 3105 1458 3170 illo
1507 3107 1670 3182 loco,
1719 3105 1828 3169 ubi
1877 3105 2186 3169 sacrificia
2232 3103 2521 3181 faciebat,
2569 3105 2633 3169 in

254 3234 306 3272 ιε»
347 3231 489 3276 eum
545 3213 759 3277 locum
806 3229 1102 3276 reuersus
1153 3215 1270 3289 est,
1323 3212 1486 3276 unde
1533 3211 1691 3276 illuc
1740 3211 1992 3289 exierat,
2043 3210 2107 3274 id
2155 3214 2254 3273 est
2312 3210 2420 3298 ubi
2476 3216 2634 3273 tam-

346 3338 530 3400 quam
587 3319 956 3402 peregrinus
1014 3318 1290 3383 habebat
1344 3318 1717 3401 hospitium.
1803 3337 1923 3382 non
1992 3317 2159 3382 enirn
2227 3316 2469 3381 dictum
2536 3320 2636 3382 est

353 3425 450 3501 „in
507 3426 766 3491 domum
824 3433 1041 3489 suam“
1108 3428 1218 3488 aut
1283 3423 1379 3501 „in
1427 3424 1695 3507 patriam
1753 3431 1999 3500 sua1n“,
2058 3423 2199 3488 sed:
2257 3422 2327 3485 in
2384 3423 2631 3486 locum

346 3551 577 3598 suum.
660 3531 855 3596 habet
938 3534 1153 3596 autem
1228 3534 1292 3594 et
1365 3530 1635 3613 quisque
1708 3530 2077 3614 peregrinus
2142 3529 2354 3593 locum
2423 3549 2633 3608 suum,

343 3639 454 3703 ubi
512 3639 590 3703 ad
645 3643 900 3730 tempus
958 3638 1222 3702 habitet.
1300 3638 1375 3702 de
1429 3638 1569 3720 ipso
1628 3641 1840 3702 autem
1888 3637 2081 3701 Balac
2137 3636 2244 3719 qui
2294 3655 2439 3700 eum
2487 3656 2631 3702 con-

518 3883 550 3936 8
587 3881 730 3935 Num
789 3881 874 3944 31,
913 3881 945 3934 6
1058 3881 1126 3934 14
1164 3881 1232 3945 cf,
1268 3879 1426 3935 Num.
1467 3881 1553 3944 31,
1590 3881 1624 3935 8
1736 3881 1802 3934 18
1839 3879 1999 3934 Num.
2040 3881 2126 3944 24,
2165 3882 2234 3934 25

414 4026 438 4078 1
481 4025 712 4089 inuicem
750 4025 804 4078 P
908 4026 943 4078 4
980 4025 1025 4077 si
1066 4028 1247 4078 autem
1285 4023 1626 4092 inprobatur]
1668 4024 1715 4077 si
1755 4023 1988 4077 abanirni
2035 4023 2297 4092 probatur
2332 4023 2393 4075 in
2432 4037 2540 4075 ras.
2587 4021 2632 4075 O

338 4116 371 4169 5
411 4115 652 4168 decreuit
699 4115 749 4168 V
781 4113 1085 4180 decreuerit
1126 4114 1178 4168 T
1291 4114 1323 4167 6
1362 4114 1438 4166 sit
1473 4129 1575 4168 om.
1611 4112 1680 4166 N
1817 4113 2002 4182 etiam]
2045 4115 2226 4165 autem
2262 4111 2392 4165 PT¹
2430 4126 2533 4164 om.
2584 4110 2637 4162 V

338 4206 371 4258 9
409 4205 665 4257 uirtutem
703 4202 920 4257 illorum
959 4201 1004 4256 C
1086 4202 1152 4256 18
1191 4201 1515 4256 concluserit
1551 4200 1955 4256 PSNVUde
2095 4199 2276 4253 balam
2322 4198 2367 4254 C
2447 4200 2512 4254 19
2543 4216 2626 4253 re-

337 4299 552 4347 uertens
589 4291 747 4347 PSN
763 4292 866 4347 VU
869 4292 920 4346 T
1057 4297 1114 4347 et
1150 4308 1251 4345 om.
1284 4290 1524 4346 P¹SVU
1626 4291 1689 4345 21
1731 4290 2175 4359 mesopotamiam
2212 4290 2315 4345 CU
2319 4290 2335 4323 ¹
2443 4290 2512 4342 23
2543 4289 2623 4357 in]

338 4380 407 4436 ad
443 4382 502 4436 N
593 4383 662 4436 24
699 4382 816 4453 illo]
856 4382 973 4451 ipso
1011 4379 1311 4434 PVNde
1425 4379 1542 4434 loco
1581 4394 1684 4433 om.
1732 4378 1786 4432 U
1871 4379 1938 4432 29
1976 4378 2193 4432 habitat
2228 4377 2633 4433 PSNVUde
