3076 4976
454 490 584 554 478
1152 488 1203 543 S.
1260 488 1535 542 Aureli
1591 487 2029 558 Augustini

454 682 749 765 spiritum
796 683 1143 767 malignum
1195 682 1351 747 deus
1388 686 1716 764 tamquam
1753 683 1845 746 ire
1883 683 2047 747 inter
2084 703 2192 748 eos
2233 685 2553 750 uolentem
2594 689 2746 751 emi-

456 790 630 868 serit,
689 789 753 852 id
817 792 917 853 est
978 792 1365 872 potestatem
1432 788 1677 853 dederit
1739 790 2018 874 maligno
2084 790 2339 872 spiritui
2395 791 2467 855 ad
2529 813 2746 859 eorum

455 916 675 980 pacem
723 895 1231 978 perturbandam.
1279 914 1481 977 usque
1524 895 1679 960 adeo
1720 899 1935 960 autem
1974 896 2167 961 etiam
2206 898 2377 962 mitti
2418 919 2452 963 a
2491 898 2746 965 domino

455 1003 806 1087 malignum
854 1002 1149 1084 spiritum
1198 1005 1454 1084 propter
1489 1002 1802 1066 iustitiam
1845 1003 2201 1068 uindicandi
2239 1023 2360 1068 non
2402 1005 2748 1070 absurdum

454 1111 669 1174 uisum
728 1113 849 1187 est,
897 1111 971 1173 ut
1027 1108 1282 1190 quidam
1339 1107 1422 1186 id,
1484 1109 1653 1191 quod
1711 1111 1810 1173 est
1865 1107 2292 1188 ἐξαπέστειλεν,
2353 1112 2545 1176 etiam
2608 1112 2749 1188 „in-
2816 1137 2843 1176 5

456 1237 517 1280 m
535 1218 557 1281 i
575 1217 642 1281 si
659 1220 718 1280 t“
775 1215 1175 1298 interpretati
1223 1215 1368 1280 sint.

542 1322 765 1389 XLVI.
815 1321 1024 1385 Verba
1072 1340 1230 1403 quae
1278 1321 1458 1385 misit
1505 1321 1584 1385 ad
1632 1320 1888 1386 nuntios
1926 1321 2298 1386 Abimelech
2340 1323 2537 1387 Zebul
2583 1325 2751 1405 pn‘n-

458 1449 607 1511 ceps
658 1428 941 1493 ciuitatis
992 1426 1371 1492 Sicimorum
1422 1428 1613 1491 etiam
1659 1427 1725 1491 id
1780 1427 2045 1492 habent:
2114 1431 2192 1492 et
2246 1448 2450 1493 nunc
2510 1450 2754 1514 surge

458 1540 695 1601 nocte
761 1540 844 1599 tu
912 1538 988 1599 et
1051 1535 1403 1617 populus
1471 1537 1663 1599 tuus
1730 1537 1996 1598 tecum
2061 1539 2140 1598 et
2203 1535 2606 1601 insidiare
2673 1538 2752 1601 in

458 1662 665 1726 agro.
734 1645 812 1706 et
868 1641 1028 1705 erit
1081 1659 1301 1705 mane
1361 1640 1610 1704 simul
1656 1643 1742 1704 ut
1788 1641 2054 1705 oritur
2100 1641 2244 1717 sol,
2293 1643 2753 1707 maturabis
2796 1671 2850 1710 ιο

458 1752 535 1813 et
591 1747 874 1811 tendes
932 1766 1173 1828 super
1230 1747 1683 1811 ciuitatem.
1752 1747 1921 1828 quod
1975 1747 2158 1811 latini
2208 1748 2466 1830 quidam
2513 1748 2755 1813 habent

463 1855 1024 1933 „matu1·abis⁴‘‚
1084 1853 1339 1934 quidam
1398 1871 1548 1918 uero
1617 1853 2172 1932 „manicabis“,
2232 1873 2498 1939 graecus
2558 1856 2754 1920 habet

460 1961 629 2043 quod
678 1960 803 2025 dici
847 1964 1070 2043 posset
1114 1978 1234 2022 non
1284 1978 1407 2024 uno
1457 1960 1681 2024 uerbo:
1732 1959 2103 2024 diluculo
2155 1980 2466 2045 surges.
2516 1966 2582 2027 et
2627 1962 2754 2026 for-

460 2071 631 2133 tasse
696 2067 842 2132 binc
910 2067 995 2131 sit
1057 2066 1299 2130 dictum
1364 2066 1891 2142 „maturabis⁴‘
1966 2086 2003 2130 a
2065 2067 2378 2132 matutino
2445 2071 2755 2151 tempore,

462 2175 755 2257 quamuis
822 2174 1010 2238 etiam
1079 2173 1221 2237 aliis
1285 2173 1683 2255 temporibus
1751 2172 1876 2236 dici
1934 2173 2136 2237 soleat
2193 2174 2270 2238 ad
2325 2193 2455 2237 rem
2516 2175 2755 2239 accele-
2795 2203 2854 2242 ιε

458 2281 737 2347 randam.
794 2280 1319 2358 „manicabis“
1375 2283 1590 2344 autem
1637 2279 1905 2342 latinum
1945 2279 2214 2342 uerbum
2253 2299 2393 2344 esse
2433 2280 2590 2344 mihi
2629 2300 2755 2345 non

463 2388 755 2454 occurrit.
806 2387 918 2451 sed
964 2387 1127 2450 illud
1164 2389 1400 2463 mouet,
1443 2385 1611 2468 quod
1653 2404 1797 2448 cum
1838 2385 2134 2450 dixisset:
2185 2386 2428 2450 simul
2476 2390 2563 2451 ut
2610 2388 2756 2450 ori-

462 2500 598 2561 tur
646 2497 787 2571 sol‚
833 2495 1109 2559 addidit:
1160 2495 1533 2559 diluculo
1586 2513 1896 2577 surge8‚
1937 2513 2081 2557 cum
2119 2494 2333 2575 ipsum
2374 2493 2755 2572 diluculum,

462 2603 629 2687 quod
669 2622 889 2687 graece
932 2602 1165 2666 dicitur
1202 2596 1451 2685 ὄρθρος,
1487 2604 1743 2683 tempus
1783 2602 1926 2664 ante
1967 2601 2167 2664 solem
2209 2600 2545 2684 significet,
2587 2602 2758 2683 quod

462 2710 585 2773 iam
646 2708 1068 2773 usitatissime
1127 2706 1381 2781 dicitur,
1439 2725 1586 2770 cum
1642 2706 1962 2770 albescere
2020 2706 2314 2787 coeperit.
2383 2707 2474 2771 sic
2540 2708 2757 2789 itaque
2793 2737 2858 2778 20

463 2814 959 2898 intellegendum
1010 2816 1129 2889 est,
1179 2815 1253 2875 ut
1300 2811 1468 2893 quod
1514 2812 1798 2893 positum
1844 2819 1944 2876 est
1996 2820 2290 2889 „mane“
2338 2813 2550 2895 ipsum
2592 2813 2755 2878 dilu-

465 2922 682 2987 culum
729 2918 1157 3002 intellegatur.
1225 2916 1511 2982 additum
1561 2922 1660 2982 est
1715 2925 1960 2982 autem:
2030 2918 2273 2982 simul
2339 2923 2426 2983 ut
2491 2920 2758 2984 oritur

465 3027 606 3103 sol,
663 3028 737 3090 ut
791 3024 1239 3107 exprimeretur
1295 3043 1415 3088 non
1475 3025 1597 3088 iam
1659 3028 1793 3089 orto
1852 3025 1985 3091 sole
2043 3025 2424 3102 faciendum,
2476 3026 2588 3090 sed
2644 3028 2758 3091 ubi

463 3134 677 3216 fulgor
741 3130 1102 3223 adparuerit
1166 3130 1320 3195 solis
1389 3130 1672 3195 orientis,
1749 3150 1869 3195 non
1938 3131 2104 3195 enim
2171 3132 2424 3196 aliunde
2489 3133 2759 3198 albescit

464 3239 843 3314 diluculum,
892 3236 1012 3300 nisi
1064 3256 1208 3301 cum
1256 3237 1537 3320 coeperit
1582 3239 1824 3318 partem
1874 3237 2053 3314 caeli,
2104 3257 2289 3319 quam
2341 3238 2636 3303 uidemus
2675 3240 2754 3303 ab
2798 3271 2860 3311 25

465 3347 721 3419 oriente,
770 3345 875 3408 lux
927 3344 1082 3408 solis
1132 3344 1210 3407 ad
1260 3364 1397 3408 eam
1443 3343 1769 3407 redeuntis
1819 3343 2164 3427 adtingere.
2227 3343 2374 3408 hinc
2431 3349 2530 3409 est
2585 3346 2758 3426 quod

465 3452 654 3516 etiam
705 3451 766 3513 in
817 3449 1146 3533 euangelio
1196 3470 1385 3514 unam
1433 3454 1625 3532 atque
1671 3449 1932 3513 eandem
1979 3469 2108 3513 rem
2158 3450 2321 3513 alius
2362 3451 2758 3535 euangelista

466 3557 621 3622 dicit
658 3555 940 3620 diluculo
981 3555 1235 3632 factam,
1268 3576 1413 3620 cum
1453 3556 1661 3620 adhuc
1701 3555 2041 3619 obscurum
2081 3559 2269 3632 esset,
2311 3556 2474 3620 alius
2515 3557 2754 3621 oriente

466 3667 619 3745 sole,
679 3664 827 3746 quia
891 3666 955 3727 et
1010 3663 1150 3745 ipsa
1204 3665 1311 3727 lux
1370 3663 1947 3746 quantulacumque
2005 3662 2271 3727 diluculi
2329 3662 2463 3727 sole
2530 3663 2755 3746 utique

642 3901 674 3953 8
712 3898 830 3952 Iud.
868 3898 919 3961 9,
958 3899 1045 3952 32.
1083 3899 1152 3952 33
1261 3898 1329 3952 28
1368 3897 1433 3952 cf.
1470 3898 1588 3951 Ioh.
1627 3898 1713 3960 20,
1758 3900 1782 3951 1
1900 3899 1970 3951 29
2009 3897 2074 3952 cf.
2113 3898 2276 3951 Marc.
2320 3898 2402 3961 16,
2443 3900 2476 3951 2

537 4060 563 4113 1
606 4057 805 4111 malum
843 4056 1004 4111 PSN
1012 4057 1062 4109 V
1145 4060 1177 4111 5
1215 4058 1425 4111 inmisit
1462 4074 1564 4111 om.
1605 4057 1668 4111 N
1754 4059 1784 4111 7
1824 4056 1893 4110 ad
1930 4056 2228 4111 abimelech
2265 4057 2333 4110 N
2435 4058 2467 4110 9
2504 4061 2670 4110 noctu
2696 4056 2770 4110 N

464 4147 533 4202 10
570 4148 653 4216 ut]
697 4152 752 4199 et
788 4145 988 4199 PS¹V²
1135 4146 1336 4199 orietur
1384 4145 1515 4199 1⁷¹1*
1622 4146 1688 4200 12
1725 4146 2062 4199 manichabis
2099 4146 2155 4199 P
2170 4143 2274 4198 1²8¹
2386 4145 2453 4198 15
2493 4144 2559 4208 ad
2600 4161 2757 4199 aece-

460 4234 776 4290 lebrandam
805 4233 854 4288 S
959 4236 1026 4287 16
1063 4234 1396 4289 manichabis
1424 4235 1479 4288 P
1588 4235 1652 4287 17
1692 4235 1892 4287 orietur
1927 4234 1977 4286 Τ
2085 4235 2149 4288 19
2182 4233 2514 4289 ORTHROS
2542 4232 2769 4288 PSVT

461 4325 713 4379 horthros
748 4322 816 4375 N
1007 4322 1173 4392 quod]
1214 4340 1331 4376 curu
1370 4324 1436 4377 N
1610 4322 1678 4376 20
1716 4339 1835 4376 cum
1874 4339 1975 4376 om.
2014 4321 2176 4377 PSN
2350 4322 2420 4375 22
2458 4321 2665 4375 orietur
2711 4323 2766 4377 Τ

463 4415 534 4469 24
571 4410 1024 4467 aliuddealbescit
1058 4411 1126 4464 N
