3076 4976
724 492 1195 558 Quaestionum
1235 491 1347 546 lib.
1385 491 1498 545 1111
1536 490 1827 561 (Quaest.
1868 489 1942 544 de
1982 490 2333 557 Numeris).
2550 472 2680 555 359

384 691 593 766 tisset,
644 689 758 754 sed
805 690 970 772 quod
1019 688 1113 752 illi
1160 689 1506 771 placuerat,
1559 706 1630 751 ex
1678 687 1789 752 illa
1828 706 2047 751 sonare
2087 686 2348 751 fecisset
2387 685 2463 749 ad
2499 685 2675 749 illius

385 798 708 862 uesaniam
760 796 1193 871 cohibendam,
1234 794 1393 859 illud
1433 795 1705 858 fortasse
1743 794 2193 877 praefiguranS,
2246 793 2392 876 quia
2441 791 2681 856 stulta

387 904 638 968 mundi
689 904 1078 968 electurus
1129 906 1290 966 erat
1337 903 1550 977 deuS,
1609 905 1690 964 ut
1739 900 2235 965 confunderet
2292 899 2677 981 sapientes

386 1029 498 1094 pro
546 1010 655 1074 illo
707 1010 979 1092 spiritali
1037 1012 1100 1074 et
1155 1027 1306 1073 uero
1355 1009 1620 1087 Israhel,
1678 1007 1799 1071 hoe
1857 1010 1957 1071 est
2008 1006 2451 1088 promissionis
2506 1004 2678 1068 filiis.

322 1140 350 1180 ε»
476 1118 578 1182 LI.
653 1118 743 1181 Et
810 1118 1060 1182 factus
1128 1120 1244 1181 est
1310 1115 1632 1198 spiritus
1702 1115 1818 1179 dei
1876 1132 2099 1195 super
2153 1113 2403 1189 illum,
2459 1112 2522 1175 id
2583 1114 2680 1176 est

388 1243 578 1306 super
622 1224 906 1288 Balaam.
985 1243 1102 1289 non
1154 1224 1364 1289 faetus
1415 1228 1514 1288 est
1561 1224 1824 1307 spiritus
1883 1222 2002 1297 dei,
2060 1225 2383 1305 tamquam
2438 1223 2681 1285 factura

389 1331 472 1395 sit
511 1331 776 1414 spiritus
817 1331 945 1407 dei;
998 1331 1108 1395 sed
1157 1332 1411 1395 faetus
1460 1333 1576 1395 est
1623 1349 1847 1413 super
1892 1329 2131 1404 illum,
2179 1329 2245 1392 id
2294 1330 2392 1392 est
2436 1328 2678 1392 factum

388 1442 505 1514 est,
562 1441 637 1502 ut
695 1457 887 1520 snper
939 1438 1122 1502 illum
1182 1441 1380 1502 esset:
1449 1436 1794 1519 quomodo:
1864 1437 1985 1518 qui
2054 1440 2225 1519 post
2280 1454 2388 1499 me
2445 1434 2675 1509 uenit,

388 1549 556 1609 ante
612 1564 722 1609 me
779 1545 1030 1609 factus
1091 1547 1234 1619 est,
1292 1544 1359 1608 id
1406 1547 1506 1608 est
1553 1544 1790 1607 factum
1843 1547 1968 1617 est,
2026 1546 2099 1607 ut
2147 1548 2289 1607 ante
2336 1561 2438 1606 me
2486 1546 2675 1615 esset,

299 1674 353 1715 ιο
390 1656 462 1716 ut
505 1654 998 1734 praeponeretur
1041 1652 1230 1728 mihi,
1280 1651 1452 1733 quia
1500 1651 1705 1733 prior
1750 1670 1889 1726 me,
1947 1651 2181 1734 inquit,
2239 1651 2428 1725 erat,
2478 1648 2674 1712 sicut:

389 1757 732 1821 dominus
798 1756 1049 1821 faetus
1119 1760 1235 1820 est
1300 1756 1603 1820 adiutor
1664 1773 1901 1829 meus;
1969 1774 2092 1819 non
2162 1754 2327 1817 enim
2383 1752 2675 1817 dominus

386 1864 625 1928 factura
674 1867 792 1941 est,
841 1863 953 1927 sed
1001 1867 1242 1927 laetum
1290 1866 1408 1938 est,
1457 1863 1530 1926 ut
1575 1880 1676 1924 me
1725 1861 2073 1937 adiuuaret,
2123 1862 2215 1924 et:
2263 1860 2512 1923 faetus
2562 1861 2680 1922 est

388 1971 733 2036 dominus
789 1970 1169 2054 refugium
1227 1987 1667 2052 pauperum,
1726 1966 1790 2030 id
1849 1970 1947 2032 est
2001 1967 2240 2031 factum
2291 1970 2417 2043 est,
2476 1969 2549 2029 ut
2597 1965 2674 2029 ad

388 2097 535 2142 eum
579 2078 941 2162 refugerent
984 2096 1318 2160 pauperes,
1379 2077 1469 2138 et:
1535 2074 1738 2138 faeta
1798 2076 1914 2138 est
1969 2092 2194 2156 super
2248 2092 2357 2137 me
2414 2093 2673 2137 manus

297 2208 350 2247 ιε
389 2184 687 2249 domini.
736 2184 803 2247 id
851 2187 950 2249 est
995 2184 1236 2247 factum
1286 2184 1402 2255 est,
1452 2185 1527 2245 ut
1566 2201 1755 2265 super
1790 2201 1891 2246 me
1933 2183 2131 2257 esset;
2182 2184 2244 2244 et
2281 2182 2485 2245 multa
2523 2180 2674 2244 talia

387 2290 449 2354 in
497 2290 828 2371 scripturis
876 2289 1289 2371 reperiuntur.

475 2398 610 2461 LII.
675 2398 765 2461 Et
813 2395 1004 2461 dixit
1052 2396 1397 2461 dominus
1447 2395 1532 2459 ad
1581 2395 1916 2477 Moysen:
1976 2393 2232 2476 accipe
2283 2394 2509 2458 duces
2556 2411 2673 2474 po-

387 2506 544 2589 puli
597 2508 669 2570 et
715 2507 1017 2571 ostenta
1058 2522 1182 2568 eos
1222 2502 1517 2568 domino
1560 2507 1818 2568 eontra
1859 2502 2124 2578 solem3
2176 2505 2247 2566 et
2284 2504 2675 2567 auertetur

387 2613 494 2676 ira
542 2612 1036 2677 animationis
1086 2610 1366 2675 domini
1415 2611 1500 2674 ab
1540 2611 1853 2674 Israhel.
1908 2609 2109 2673 iratus
2158 2610 2315 2673 deus
2365 2609 2439 2673 de
2486 2607 2673 2672 forni-

293 2745 350 2783 20
388 2719 742 2783 nationibus
806 2718 1049 2782 Israhel
1116 2721 1178 2780 et
1244 2716 1603 2781 carnalibus
1672 2719 1734 2780 et
1799 2715 2195 2798 spiritalibus
2260 2753 2347 2763 —
2401 2734 2543 2778 nam
2611 2717 2675 2778 et

385 2825 636 2890 filiabus
692 2824 883 2890 Moab
944 2843 1010 2888 se
1066 2822 1361 2905 inpudice
1420 2824 1810 2888 miscuerant
1866 2825 1929 2886 et
1981 2822 2172 2887 idolis
2227 2823 2477 2887 fuerant
2532 2839 2675 2885 con-

386 2932 614 2997 secrati
661 2968 747 2980 —
796 2932 914 2996 hoc
965 2930 1041 2995 ad
1089 2930 1350 3013 Moysen
1402 2929 1579 3007 dixit,
1635 2933 1711 2993 ut
1766 2932 2115 2993 ostentaret
2168 2928 2421 2994 domino
2479 2928 2676 2993 duces

384 3039 601 3123 populi
670 3042 888 3102 eontra
957 3037 1176 3101 solem.
1259 3037 1324 3100 in
1392 3055 1514 3120 quo
1582 3036 1775 3101 uerbo
1841 3035 2236 3120 intellegitur
2298 3054 2405 3099 eos
2460 3035 2671 3099 iussos

384 3164 523 3210 esse
591 3145 906 3230 crucifigi,
974 3147 1047 3208 ut
1110 3144 1228 3208 hoe
1296 3144 1408 3208 sit:
1485 3144 1785 3207 ostenta
1861 3161 1985 3207 eos
2054 3141 2347 3205 domino
2416 3145 2671 3206 contra.

289 3281 345 3320 25
385 3253 640 3328 solem,
680 3252 744 3315 id
784 3257 882 3316 est
919 3252 1132 3333 palam
1167 3251 1229 3315 in
1270 3250 1613 3332 conspicuo
1641 3249 1807 3313 lueis
1836 3249 2048 3312 huius.
2087 3268 2233 3312 nam
2261 3266 2523 3332 graecus
2554 3248 2671 3312 ait:

379 3357 934 3442 παταδειγμάτισον,
994 3358 1163 3440 quod
1210 3357 1333 3421 diei
1379 3360 1604 3441 posset
1656 3355 2042 3437 „exempla“,
2101 3354 2249 3436 quia
2294 3353 2671 3438 παράδειγμα

381 3464 739 3548 exemplum
788 3464 1041 3529 dieitur.
1091 3484 1234 3528 nam
1282 3467 1532 3547 praeter
1579 3463 1983 3547 septuaginta
2031 3461 2405 3544 interpretes
2442 3459 2675 3543 Aquila

379 3571 749 3654 perhibetur
796 3571 1030 3636 dixisse
1077 3570 1456 3654 „confige“
1514 3571 1619 3635 uel
1665 3570 1881 3653 potius
1930 3588 2262 3642 „sursum
2304 3566 2667 3650 confige“,

557 3763 590 3815 2
626 3761 652 3814 I
693 3760 811 3817 Cor.
855 3764 901 3828 1,
939 3762 1008 3815 27
1142 3765 1173 3816 5
1213 3761 1376 3815 Num.
1412 3762 1498 3824 23.
1537 3762 1570 3813 6
1708 3761 1740 3813 8
1778 3759 1894 3814 Ioh.
1939 3760 1983 3822 l,
2024 3759 2094 3813 30
2242 3760 2301 3812 11
2344 3757 2432 3812 Ps.
2472 3758 2559 3812 29.
2602 3757 2661 3809 11

382 3852 446 3904 12
483 3850 571 3904 Ps.
610 3852 661 3913 9,
703 3852 769 3905 10
900 3852 964 3904 14
1003 3849 1197 3904 Ezech.
1238 3851 1285 3915 1,
1323 3852 1384 3914 3;
1427 3851 1477 3915 3,
1516 3851 1588 3903 22
1711 3851 1772 3904 17
1812 3849 1973 3903 Num.
2015 3850 2103 3914 25,
2141 3849 2175 3900 4
2298 3847 2361 3900 19
2400 3845 2466 3902 cf.
2508 3844 2667 3898 Num.

377 3940 462 4002 25,
505 3941 642 3994 1-3

447 4063 480 4117 3
518 4063 780 4132 sapientis
825 4063 872 4117 C
1012 4066 1043 4117 5
1084 4062 1286 4117 domini
1334 4062 1437 4116 VT
1582 4062 1647 4115 10
1692 4063 2055 4131 praeponetur
2098 4059 2163 4113 0¹
2341 4074 2427 4112 me
2473 4072 2578 4112 om.
2620 4056 2672 4110 T

373 4152 507 4205 mihi
545 4155 660 4206 erat
707 4153 758 4206 Τ
906 4156 961 4206 et
998 4153 1139 4206 sieut
1176 4152 1251 4206 bd
1396 4152 1462 4205 18
1499 4155 1778 4204 auertetur
1812 4150 2035 4218 scripsi.-
2071 4148 2347 4203 auferetur
2383 4146 2536 4209 libri,-
2572 4146 2670 4200 sed

374 4241 445 4307 ef.
488 4244 623 4303 360,
662 4244 735 4294 12
770 4246 821 4296 et
848 4240 978 4295 Loc.
1019 4241 1085 4296 de
1112 4241 1281 4294 Num.
1311 4240 1487 4294 LXX
1501 4239 1697 4293 VIIII
1765 4239 1829 4293 19
1857 4239 2027 4292 iratus
2058 4242 2141 4291 est
2176 4237 2300 4290 de
2369 4237 2432 4289 21
2467 4234 2588 4288 ioab
2624 4235 2671 4289 G

373 4328 704 4383 miscuerunt
749 4330 797 4383 C
972 4329 1191 4383 fuerunt
1234 4329 1281 4383 C
1428 4329 1499 4382 23
1537 4327 1707 4382 uerbu
1751 4327 1798 4382 C
1946 4328 2013 4380 26
2052 4325 2442 4396 paradigmatis
2482 4341 2576 4377 son
2623 4323 2671 4377 C

373 4417 832 4488 paradigmatison
871 4418 1142 4473 PSNVT
1247 4417 1563 4489 paradigma
1589 4416 1903 4471 CPSNVT
1969 4416 2038 4469 28
2077 4414 2445 4483 uel-confige
2474 4428 2577 4466 οηι.
2607 4411 2667 4465 N
