3076 4976
470 515 601 579 514
1184 511 1236 565 S.
1294 510 1570 563 Aureli
1626 509 2059 581 Augustini

465 705 821 789 principum
881 705 1163 771 ciuitatis
1221 706 1397 771 illius
1459 705 1770 790 dissipata
1828 711 1946 784 est,
1997 706 2104 789 qui
2152 707 2284 771 nati
2333 711 2482 772 sunt
2529 709 2606 774 de
2652 710 2766 774 illa

467 812 795 877 societatis
845 813 1108 877 ciuitate
1158 816 1223 878 et
1269 813 1521 878 diabolo
1570 813 1675 877 uel
1714 813 1863 895 quia
1902 832 1969 878 se
2005 814 2284 878 inuicem
2321 818 2764 882 uastauerunt.

465 918 611 983 inde
651 922 781 983 est:
823 923 1212 1002 exsurget
1255 938 1450 1004 gens
1500 922 1783 984 contra
1832 922 2174 1004 gentem.
2223 920 2434 984 nihil
2481 922 2764 987 horum

452 1025 626 1104 tibi
675 1024 1166 1090 accidisset:
1215 1027 1321 1090 uel
1368 1026 1480 1090 illa
1528 1026 1755 1090 damna
1802 1029 1866 1090 et
1913 1026 2147 1091 orbitas
2195 1030 2259 1092 et
2305 1027 2495 1111 plaga
2540 1030 2766 1093 uulne-

463 1131 579 1205 ris;
632 1131 741 1196 uel
786 1135 850 1196 te
898 1151 1021 1196 non
1070 1136 1428 1213 penetraret
1464 1132 1644 1197 dolor
1680 1132 1893 1211 animi,
1933 1133 2083 1216 quia
2121 1136 2186 1197 et
2220 1135 2284 1198 te
2324 1134 2763 1214 consolareris,
2830 1159 2864 1198 s

465 1239 521 1303 si
560 1238 700 1303 aliis
740 1257 811 1303 ex
850 1239 1035 1304 corde
1077 1238 1375 1304 dixisses:
1425 1240 1813 1320 numquid
1860 1259 2002 1304 non
2052 1240 2276 1322 capit
2322 1241 2545 1305 auris
2594 1261 2765 1306 mea

463 1344 908 1430 magnifica
971 1345 1059 1409 ab
1119 1349 1257 1409 eo?
1315 1345 1463 1428 quia
1516 1345 1646 1410 ista
1699 1364 1859 1426 quae
1917 1345 2073 1410 dicit
2128 1365 2200 1410 ex
2244 1347 2635 1412 reuelatione
2694 1367 2764 1413 se

469 1450 624 1515 dicit
702 1450 929 1516 dicere.
1007 1453 1085 1515 et
1159 1451 1512 1534 spiritus
1586 1451 1662 1515 in
1737 1452 2030 1517 faciem
2094 1453 2288 1517 mihi
2358 1454 2762 1519 occurrit:

467 1557 651 1640 quasi
698 1557 919 1622 flatum
967 1558 1246 1622 sensisse
1294 1558 1439 1622 uult
1483 1558 1807 1642 intellegi;
1857 1577 2001 1623 nam
2040 1562 2233 1643 negat
2268 1560 2330 1623 in
2372 1579 2766 1643 consequen·

464 1665 638 1729 tibus
704 1664 907 1729 fuisse
971 1663 1262 1748 figuram.
1328 1664 1864 1730 reminiscendum
1928 1666 2020 1730 ita
2085 1667 2277 1731 etiam
2342 1667 2639 1750 spiritum
2698 1668 2763 1731 in
2805 1695 2866 1734 ιο

469 1770 794 1852 apostolos
887 1770 1316 1837 descendisse.
1410 1772 1603 1853 quid
1695 1772 1947 1837 enim?
2041 1773 2430 1856 numquid
2531 1775 2764 1839 homo

471 1896 729 1941 coram
789 1876 1104 1941 domino
1162 1878 1505 1943 mundus
1564 1878 1767 1943 erit?
1825 1883 1938 1944 aut
1982 1881 2136 1944 haec
2184 1880 2441 1945 audisse
2490 1900 2557 1945 se
2608 1880 2768 1945 dicit

467 1985 579 2047 aut
625 1983 780 2048 dicit
814 1982 956 2048 ideo
998 2004 1067 2050 se
1105 1984 1449 2064 horruisse,
1497 1986 1647 2067 quia
1693 2005 1875 2051 nemo
1924 1987 2198 2051 mundus
2237 2005 2445 2052 coram
2485 1987 2766 2056 domino.

467 2094 580 2153 aut
631 2089 772 2155 ideo
831 2091 923 2156 sic
979 2092 1244 2167 uidisse,
1304 2093 1453 2174 quia
1507 2112 1689 2158 nemo
1748 2112 1961 2158 coram
2018 2094 2133 2159 deo
2180 2094 2271 2158 ita
2317 2094 2593 2159 mundus
2644 2099 2765 2162 est.

468 2198 543 2261 ut
589 2197 777 2261 deum
826 2198 994 2263 sicut
1042 2203 1142 2263 est
1188 2198 1424 2264 uideat.
1474 2199 1665 2265 modo
1712 2200 2022 2264 mundum
2074 2201 2423 2265 secundum
2470 2201 2766 2284 perfecti·
2806 2226 2865 2267 ιι

467 2321 647 2368 onem
695 2304 1152 2387 accipiendum,
1192 2310 1268 2370 ut
1303 2306 1471 2388 quod
1522 2307 1814 2387 superius
1865 2309 2054 2391 negat
2092 2308 2402 2373 mundum
2438 2307 2765 2373 hominem

466 2411 689 2494 perire,
742 2411 1098 2476 secundum
1134 2470 1138 2473 Α
1168 2413 1479 2496 quendam
1530 2412 1792 2477 modum
1838 2414 2306 2499 intellegamus,
2367 2415 2434 2478 si
2483 2421 2765 2479 contra

466 2538 760 2583 *seruos
819 2538 1011 2584 suos
1059 2539 1207 2584 non
1258 2520 1541 2585 credit.
1592 2520 1762 2603 quod
1810 2521 2024 2586 euenit
2071 2541 2218 2586 cum
2265 2522 2505 2587 diceret
2550 2522 2762 2587 Elias:

470 2624 826 2701 domine,
900 2625 1346 2708 prophetas
1422 2629 1611 2690 tuos
1689 2626 2202 2705 occiderunt,
2279 2631 2344 2692 et
2409 2627 2567 2693 dicit
2630 2629 2762 2694 illi:

466 2728 768 2809 reliqui
832 2728 1026 2791 mihi
1103 2733 1412 2810 septem
1486 2730 1717 2795 milia
1770 2732 2151 2796 uirorum.
2210 2752 2332 2797 non
2392 2733 2559 2797 enim
2614 2734 2864 2801 indezo

469 2837 712 2915 septem
778 2834 955 2897 milia
1033 2833 1317 2899 uirorum
1391 2835 1516 2899 iam
1584 2838 1820 2901 munda
1883 2840 2080 2902 erant.
2136 2858 2284 2902 nam
2341 2840 2550 2923 angeli
2607 2840 2764 2905 dicti

471 2942 621 3003 sunt
669 2942 733 3003 et
778 2940 1145 3023 prophetae.
1198 2943 1275 3004 et
1330 2941 1729 3007 aduersus
1788 2946 2122 3029 angelos
2180 2964 2372 3009 suos
2427 2965 2763 3028 prauum

472 3044 663 3127 quid
709 3046 1054 3127 reperit:
1105 3047 1211 3110 uel
1258 3047 1425 3129 quod
1475 3048 1782 3114 aduersus
1833 3069 1939 3115 eos
1988 3051 2222 3115 dicitur
2268 3052 2372 3115 uel
2420 3053 2590 3134 quod
2638 3054 2762 3136 ipsi

472 3151 709 3216 dicunt.
783 3153 901 3217 hoc
974 3156 1182 3216 tamen
1257 3156 1470 3234 potest
1544 3155 1734 3220 etiam
1809 3156 1885 3221 de
1961 3157 2129 3221 ueris
2213 3158 2454 3241 angelis
2539 3160 2759 3243 accipi.

470 3259 951 3323 habitantes
1021 3262 1286 3324 autem
1344 3259 1616 3326 domos
1673 3262 2303 3345 luteaszquorum
2361 3266 2759 3330 conuersatio
2797 3294 2866 3335 as

473 3385 594 3430 non
656 3370 755 3429 est
810 3365 869 3430 in
928 3365 1140 3432 caelis.
1190 3366 1611 3448 percussit
1655 3367 1853 3432 illos
1902 3372 2309 3451 tamquam
2356 3371 2601 3437 tinea.
2653 3376 2763 3437 aut

650 3523 683 3577 3
720 3522 883 3575 Marc.
928 3523 1010 3585 13,
1052 3524 1084 3575 8
1228 3522 1325 3576 Iob
1364 3524 1415 3585 4,
1458 3523 1524 3575 12
1634 3525 1666 3578 6
1703 3524 1802 3578 Iob
1840 3526 1891 3587 4,
1927 3525 1990 3578 12
2101 3526 2133 3581 8
2169 3525 2268 3579 Iob
2296 3528 2347 3589 4,
2380 3527 2445 3580 15
2561 3527 2622 3581 11
2664 3527 2760 3581 Iob

469 3614 520 3673 4,
562 3612 628 3664 17
741 3612 805 3664 17
845 3609 941 3664 Iob
980 3613 1029 3673 4,
1073 3612 1139 3665 18
1250 3613 1317 3666 19
1356 3611 1439 3665 111
1476 3611 1611 3681 Reg.
1653 3614 1737 3675 19,
1771 3614 1855 3667 14.
1890 3614 1956 3667 18
2066 3614 2133 3668 22
2169 3614 2266 3667 Iob
2296 3617 2347 3679 4,
2382 3616 2445 3669 18
2555 3617 2625 3670 25
2664 3617 2759 3670 Iob

469 3701 522 3762 4,
566 3701 630 3753 19
778 3699 844 3753 cf.
882 3700 1025 3754 Phil.
1065 3700 1115 3762 3,
1155 3700 1225 3753 20
1334 3700 1404 3753 26
1441 3699 1538 3754 Iob
1577 3703 1629 3765 4,
1672 3702 1736 3755 19

542 3806 574 3859 2
605 3806 828 3860 ciuitate
860 3805 1138 3859 societatis
1167 3807 1210 3858 0
1317 3807 1349 3861 3
1380 3808 1589 3876 contra]
1619 3825 1780 3878 supra
1815 3808 1865 3861 T
1890 3825 2053 3879 snpra
2081 3809 2170 3863 uel
2201 3812 2389 3863 contra
2423 3808 2501 3863 Cb
2612 3813 2647 3865 4
2676 3827 2760 3865 ac-

471 3893 706 3948 cedisset
730 3893 778 3948 S
918 3892 1113 3946 damna.
1151 3895 1229 3962 et]
1263 3893 1483 3948 damnet
1516 3894 1568 3948 G
1715 3896 1938 3967 orbitas]
1970 3896 2268 3967 torpedinis
2299 3898 2329 3951 b
2440 3900 2473 3952 6
2513 3900 2695 3968 capiet
2722 3898 2768 3953 S

472 3985 502 4036 7
542 3983 609 4037 ab
650 3998 712 4035 eo
748 3981 1039 4051 magnifica
1081 3981 1203 4035 de
1374 3984 1440 4037 10
1478 3972 1570 4055 {p}
1614 3984 1665 4038 G
1839 3986 1898 4038 11
1941 3986 2205 4056 apostolis
2247 3986 2298 4040 G
2473 3988 2539 4041 12
2576 3988 2678 4043 hoc
2722 3987 2769 4041 G

475 4073 541 4125 14
571 4074 825 4138 aus—est
852 4088 953 4124 om.
991 4069 1125 4124 TPb
1270 4070 1532 4126 ideo—ut
1560 4089 1660 4127 om.
1693 4072 1739 4126 G
1847 4074 1910 4129 15
1940 4074 2105 4143 sicut]
2133 4080 2196 4129 ut
2228 4075 2465 4130 GCde
2605 4092 2758 4130 mun·

471 4159 620 4229 dum]
662 4157 894 4212 mundus
930 4158 1060 4212 Pod
1171 4159 1234 4213 16
1275 4160 1624 4230 accipimlus
1662 4161 1736 4215 bd
1847 4163 1909 4216 17
1949 4165 2158 4231 contra]
2199 4165 2455 4217 continno
2489 4162 2542 4218 G
2581 4181 2689 4235 qua
2720 4164 2767 4218 0

472 4249 539 4303 18
579 4264 696 4301 cum
739 4246 942 4300 diceret
978 4262 1081 4301 om.
1126 4247 1178 4302 G
1285 4250 1349 4302 21
1390 4248 1591 4303 munda
1628 4250 1735 4303 iam
1781 4249 1828 4303 G
1931 4253 2000 4305 22
2040 4254 2096 4305 et
2125 4252 2224 4306 alt.
2252 4267 2353 4306 om.
2389 4252 2497 4307 GP
2637 4270 2756 4323 pra-

358 4358 368 4366 ·
471 4338 622 4405 uum]
659 4336 889 4405 primum
933 4334 984 4389 G
1127 4336 1196 4389 25
1253 4337 1508 4391 habitant
1550 4337 1602 4392 G
1784 4340 1986 4408 antem]
2038 4340 2201 4394 etiam
2248 4339 2325 4394 Ob
2505 4340 2683 4396 loteas
2718 4340 2764 4394 S

470 4425 540 4479 26
577 4423 890 4495 percussisti
929 4423 976 4478 S
1112 4425 1285 4495 tinea]
1327 4426 1380 4478 in
1420 4442 1536 4480 eam
1575 4427 1619 4481 S
