3076 4976
597 467 722 529 116
1301 463 1353 516 S.
1413 462 1689 515 Aureli
1747 462 2181 530 Augustini

594 660 704 724 sed
768 679 931 723 nunc
997 679 1108 741 per
1170 659 1757 740 recapitulationem
1821 659 2144 740 repetitur.
2223 678 2366 722 nam
2422 663 2735 722 narratum
2784 665 2868 722 est

595 767 842 848 quando
903 769 1144 830 factum
1207 770 1325 830 est.
1401 766 1589 830 modo
1654 766 1820 829 enim
1875 765 2008 829 fieri
2056 766 2370 847 quomodo
2419 769 2653 848 posset,
2703 766 2864 829 utin

595 877 770 938 tanto
832 874 1014 937 luctu
1081 892 1151 936 ex
1216 873 1528 936 mort-ibus
1595 891 1855 936 suorum
1934 872 2487 936 adcommodarent
2549 872 2674 937 ista
2737 872 2865 936 filiis

594 982 878 1047 Israhel?
961 981 1083 1043 nisi
1140 981 1302 1044 sorte
1361 979 1502 1061 quis
1573 979 1743 1043 dicat
1807 979 1996 1043 etiam
2061 980 2190 1043 ista
2251 981 2442 1064 plaga
2502 1000 2622 1044 non
2690 979 2867 1042 fuisse

593 1107 930 1171 percussos
988 1087 1334 1171 Aegyptios
1404 1086 1510 1169 qui
1579 1106 1722 1150 cum
1788 1087 2094 1151 Hebraeis
2159 1087 2597 1151 inhabitabant
2659 1091 2867 1151 terram
2911 1114 2928 1146 ,a

599 1195 885 1260 Gessem.

684 1301 905 1365 XLVI.
957 1300 1124 1380 Quid
1165 1300 1470 1381 estquod
1509 1299 1624 1363 ait:
1668 1299 2082 1382 accipietis
2131 1304 2381 1364 autem
2429 1299 2868 1364 fasciculum

596 1409 908 1491 hyssopi
950 1407 1490 1490 ettinguentes
1525 1425 1605 1469 ex
1636 1406 2002 1490 sanguine
2043 1408 2171 1488 qui
2212 1410 2331 1471 est
2367 1407 2573 1472 iuxta
2612 1408 2867 1471 ostium

595 1515 894 1580 linietis
954 1534 1178 1597 super
1233 1513 1459 1577 limen
1510 1517 1582 1577 et
1630 1533 1854 1594 super
1902 1514 2154 1579 ambos
2201 1517 2514 1596 postes?
2576 1514 2872 1596 quaeritur

596 1622 760 1687 enim
828 1641 1014 1704 quem
1083 1623 1459 1706 sanguinem
1526 1622 1696 1685 dicat
1761 1622 1933 1686 iuxta
1998 1622 2257 1698 ostium,
2326 1642 2470 1686 cum
2520 1623 2696 1686 illius
2743 1622 2866 1703 agni
2898 1647 2932 1682 ιο

595 1730 817 1812 utique
863 1729 1023 1793 uelit
1067 1729 1353 1812 intellegi
1394 1728 1787 1811 sanguinem,
1829 1728 2011 1792 cuius
2055 1728 2489 1812 immolatione
2529 1729 2600 1793 fit
2637 1728 2868 1810 pascha.

597 1857 671 1901 an
723 1856 793 1900 eo
842 1836 1029 1901 modo
1081 1839 1537 1916 consequenter
1584 1835 1911 1916 praecipit,
1964 1835 2255 1917 quamuis
2314 1836 2433 1899 hoc
2479 1836 2767 1908 tacuerit,
2810 1838 2870 1896 ut

594 1944 763 2008 idem
814 1962 1013 2026 agnus
1062 1943 1236 2005 iuxta
1285 1942 1518 2006 ostium
1570 1942 1934 2006 occidatur?
1993 1961 2089 2017 an,
2142 1942 2309 2023 quod
2358 1946 2456 2005 est
2504 1942 2866 2018 credibilius,

596 2051 738 2115 ideo
789 2050 972 2114 dixit:
1025 2069 1105 2114 ex
1153 2048 1519 2132 sanguine
1571 2049 1695 2130 qui
1747 2051 1860 2112 est
1897 2050 2105 2112 iuxta
2145 2049 2443 2124 ostium,
2487 2050 2634 2129 qnia
2672 2050 2867 2130 utique

596 2157 704 2221 ille
753 2157 860 2239 qui
907 2157 1205 2222 liniturus
1256 2158 1354 2219 est
1401 2174 1591 2236 super
1636 2155 1828 2218 limen
1880 2158 1943 2218 et
1979 2158 2195 2237 postes
2236 2174 2348 2217 uas
2388 2154 2622 2237 ipsum,
2665 2156 2723 2218 in
2765 2176 2867 2236 quo
2902 2181 2933 2216 15

599 2264 969 2348 sanguinem
1020 2261 1282 2343 excepit,
1330 2260 1505 2323 iuxta
1554 2261 1786 2325 ostium
1836 2261 2161 2343 positurus
2212 2265 2329 2339 est,
2388 2264 2462 2325 ut
2510 2262 2587 2326 ad
2634 2281 2868 2326 manum

599 2371 829 2434 habeat
874 2368 1121 2451 quando
1169 2368 1449 2450 tinguit?

688 2475 943 2541 XLVII.
995 2473 1494 2539 Sustulerunt
1552 2478 1798 2539 autem
1857 2474 2008 2538 filii
2059 2474 2350 2538 Israhel
2400 2474 2486 2539 de
2534 2476 2867 2540 Ramesse

599 2583 670 2646 in
723 2582 996 2646 Soceot
1052 2581 1119 2644 in
1181 2586 1527 2645 sescenta
1583 2582 1792 2645 milia
1847 2582 2186 2664 peditum
2246 2582 2391 2646 uiri
2450 2588 2750 2664 praet-er
2790 2583 2869 2646 in-

602 2692 973 2753 structum
1042 2691 1148 2752 uel
1214 2708 1540 2763 censum,
1609 2688 1663 2751 si
1729 2688 1867 2770 ipso
1933 2688 2120 2753 modo
2187 2691 2401 2771 potest
2464 2694 2636 2753 recte
2709 2692 2931 2754 inter-:n

599 2796 828 2878 pretari
893 2795 1061 2877 quod
1129 2814 1389 2879 graecus
1458 2795 1546 2858 ait
1611 2792 1970 2878 ἀποσκευήν.
2049 2815 2171 2877 quo
2241 2797 2431 2859 uerbo
2500 2817 2622 2861 non
2687 2798 2871 2862 solum

600 2903 862 2967 mobilia
926 2922 1145 2965 uerum
1213 2901 1399 2966 etiarn
1467 2900 1790 2964 mouentia
1855 2901 2193 2985 significari
2261 2903 2496 2967 indicat
2562 2906 2871 2985 scriptura,

600 3009 711 3075 ubi
776 3009 965 3073 Iudas
1031 3009 1294 3091 loquens
1363 3008 1441 3071 ad
1505 3010 1747 3089 patrem
1813 3027 1998 3071 suum
2068 3010 2249 3077 dicit:
2317 3010 2535 3075 mitte
2583 3030 2872 3093 puerum

600 3136 908 3191 mecum,
994 3118 1067 3179 et
1151 3119 1547 3198 surgentes
1630 3113 1930 3191 ibimus,
2017 3120 2100 3179 ut
2186 3116 2529 3180 uiuamus
2608 3122 2680 3181 et
2753 3137 2870 3181 non

601 3224 1009 3288 moriamur
1066 3226 1139 3286 et
1194 3242 1324 3286 nos
1385 3225 1457 3286 et
1505 3224 1583 3284 tu
1637 3226 1707 3285 et
1755 3222 2192 3285 substantia
2237 3226 2514 3287 nostra.
2594 3224 2680 3287 ibi
2729 3224 2933 3287 enimes

783 3452 812 3502 7
852 3450 946 3503 Ex.
990 3451 1074 3513 12,
1113 3449 1181 3501 22
1295 3450 1359 3501 18.
1398 3448 1491 3500 Ex.
1537 3448 1619 3509 12,
1664 3448 1732 3501 37
1844 3449 1911 3500 23
1952 3446 2085 3502 Gen.
2128 3450 2214 3511 43,
2255 3450 2285 3501 7

676 3593 709 3644 2
749 3591 970 3644 comodo
1016 3591 1062 3644 G
1096 3590 1360 3660 quomodo
1399 3591 1488 3659 (do
1527 3607 1569 3643 8.
1613 3591 1647 3643 Ζ.
1685 3607 1751 3642 m.
1794 3594 1854 3649 23
1904 3591 1955 3640 V
2095 3593 2179 3659 ut]
2223 3596 2277 3643 et
2315 3595 2376 3644 ut
2420 3593 2466 3643 C
2590 3594 2621 3646 3
2661 3593 2800 3645 lucto
2840 3589 2876 3641 C

606 3680 1153 3733 adcommodauernnt
1197 3680 1243 3732 C
1392 3682 1421 3732 7
1461 3680 1709 3747 quaestio
1751 3679 1956 3733 XLVI
1991 3681 2052 3732 in
2091 3680 2369 3733 codicibus
2406 3686 2456 3733 et
2495 3681 2650 3751 apud
2685 3680 2871 3749 14314φρ-

595 3770 757 3837 pium
797 3775 924 3821 ante
961 3769 1329 3836 quaestionem
1366 3768 1482 3820 LV
1508 3785 1636 3836 pay.
1677 3772 1781 3821 1⁶25
1819 3768 2079 3831 harbaum
2125 3769 2223 3822 sed
2259 3771 2464 3822 retinui
2501 3771 2742 3823 ordinem
2769 3769 2872 3836 pri·

606 3873 761 3910 orum
799 3857 1065 3909 editorum
1222 3858 1252 3907 8
1289 3856 1445 3925 ysopi
1489 3855 1766 3908 CPVNT
1796 3856 1979 3924 yssopi
2019 3855 2064 3909 S
2098 3855 2237 3925 isopi
2277 3856 2307 3908 b
2454 3857 2728 3926 tingentes
2773 3851 2875 3907 de

605 3947 638 3999 9
677 3945 862 3998 linetis
903 3942 1119 3996 CPSV¹
1303 3945 1368 3996 10
1407 3946 1672 4013 sanguine
1710 3944 1777 3997 N
1954 3947 2018 3998 12
2065 3946 2155 4013 an]
2206 3949 2384 3998 utrum
2433 3963 2500 3999 ne
2539 3948 2600 3999 in
2635 3963 2744 3999 ras,
2789 3942 2871 3999 VJ>

606 4035 882 4105 praecepit
919 4032 1110 4087 SVTb
1149 4035 1460 4102 praecoepit
1497 4034 1557 4086 N
1742 4035 1805 4087 15
1843 4035 2106 4088 leniturus
2152 4034 2199 4088 G
2374 4037 2452 4103 et]
2495 4041 2550 4088 et
2588 4052 2747 4104 super
2788 4031 2876 4085 VT

606 4141 707 4179 om.
748 4123 795 4176 S
935 4123 998 4175 17
1038 4123 1221 4191 tingat
1258 4122 1289 4175 b
1326 4123 1496 4192 tingit
1534 4124 1573 4175 d
1711 4126 1776 4176 18
1813 4141 2099 4177 rammesse
2148 4124 2200 4175 V
2334 4126 2399 4177 19
2439 4126 2655 4179 soccoth
2695 4120 2872 4176 PTNb

607 4213 829 4266 socchot
872 4211 923 4263 V
959 4210 1227 4264 Socehoth
1268 4212 1306 4263 d
1448 4218 1699 4264 sexcenta
1733 4211 2022 4265 PVSTbcl
2129 4214 2198 4265 20
2234 4213 2375 4282 ipso]
2411 4214 2519 4266 isto
2557 4207 2874 4267 PSM'de

605 4306 752 4354 recte
800 4317 902 4353 om.
959 4300 1005 4352 0
1216 4300 1279 4352 21
1334 4301 1436 4367 ait]
1486 4302 1570 4353 uit
1622 4300 1667 4353 C
1708 4300 1876 4353 habet
1912 4300 2084 4354 Pde
2299 4320 2600 4372 aposceuen
2646 4296 2877 4355 CPSVT

610 4405 870 4459 aposceue
907 4388 972 4440 N
1074 4389 1141 4442 22
1181 4389 1484 4457 significare
1531 4389 1578 4442 G
1681 4391 1749 4444 23
1790 4389 1971 4443 dicens
2017 4390 2064 4444 G
2167 4392 2235 4445 25
2274 4391 2368 4445 ubi
2417 4392 2466 4444 V
