3076 4976
513 481 641 543 482
1220 477 1272 532 S.
1330 476 1604 531 Aureli
1663 476 2098 545 Augustini

510 674 958 738 moriturorum
988 673 1049 736 in
1081 673 1198 737 hac
1229 692 1421 737 causa
1451 673 1883 736 exhorrescere
1927 675 1990 736 et
2030 672 2363 736 formidare
2405 673 2798 749 deberemus,

510 780 563 843 si
612 780 725 855 illi,
779 780 885 862 qui
934 780 1087 844 haec
1146 780 1221 844 de
1270 799 1336 843 se
1384 778 1518 842 fieri
1568 782 1888 860 gratanter
1945 779 2320 859 acciperent,
2369 779 2429 841 in
2481 783 2797 843 aeternam

506 887 1072 950 remunerationem
1123 885 1712 950 commendarentur
1758 885 1894 949 deo.
1945 885 2054 948 sed
2094 885 2148 949 si
2187 884 2306 948 hoc
2347 906 2567 949 uerum
2607 891 2796 960 esset,

508 993 626 1058 hoo
676 1011 875 1076 genus
925 992 1375 1057 sacrificiorum
1427 993 1542 1057 deo
1591 1012 1711 1056 non
1763 992 2152 1074 displiceret3
2204 991 2536 1073 displicere
2584 997 2798 1056 autem

507 1099 621 1163 deo
673 1100 829 1163 satis
879 1099 1202 1164 euidenter
1249 1100 1468 1164 eadem
1516 1100 1828 1180 scriptura
1875 1103 2166 1163 testatur.
2218 1118 2358 1162 nam
2402 1119 2547 1163 cum
2588 1100 2798 1163 omnia

506 1206 929 1290 primogenita
977 1207 1099 1270 sibi
1149 1206 1341 1271 dicari
1392 1211 1455 1270 et
1503 1226 1619 1270 sua
1658 1225 1796 1270 esse
1845 1207 2121 1270 uoluerit
2159 1211 2345 1288 atque
2384 1208 2795 1288 praeceperit.

503 1313 725 1376 redimi
755 1317 964 1376 tamen
1006 1333 1041 1375 a
1081 1333 1147 1377 se
1187 1314 1394 1378 uoluit
1431 1313 1846 1396 primogenita
1879 1313 2227 1386 hominum.
2259 1332 2334 1377 ne
2373 1313 2796 1377 immolandos

506 1418 620 1483 deo
671 1419 994 1483 crederent
1048 1419 1212 1483 filios
1263 1439 1433 1494 suoS,
1501 1439 1659 1500 quos
1727 1423 1906 1483 natos
1973 1419 2270 1500 primitus
2338 1420 2794 1501 suscepissent.

505 1525 725 1590 deinde
775 1527 894 1591 hoe
944 1527 1221 1608 apertius
1270 1526 1359 1589 ita
1406 1526 1712 1607 loquitur,
1763 1526 1931 1607 quod
1979 1527 2252 1590 humana
2289 1526 2664 1590 holocausta
2703 1527 2796 1590 sic

508 1631 664 1695 deus
711 1632 1020 1715 inprobet,
1074 1637 1145 1696 ut
1191 1633 1523 1714 prohibeat
1581 1632 1901 1696 detestans
1953 1652 2025 1696 ea
2068 1633 2129 1695 in
2181 1632 2322 1694 aliis
2383 1632 2680 1714 gentibus
2731 1635 2797 1696 et

504 1739 736 1820 populo
788 1758 902 1804 suo
950 1738 1344 1821 praecipiens
1393 1758 1469 1803 ne
1518 1738 1748 1802 audeat
1803 1738 2056 1802 imitari.
2109 1739 2173 1802 si
2233 1742 2417 1802 aute
2437 1758 2519 1812 m,
2565 1739 2794 1820 inquit,

510 1846 1186 1910 exterminauerit
1235 1845 1607 1910 dominus
1658 1848 1853 1909 deus
1903 1850 2092 1909 tuus
2134 1848 2440 1930 gentes,
2480 1846 2555 1908 in
2598 1864 2794 1927 quas

505 1956 587 2016 tu
654 1953 915 2017 intras
982 1952 1448 2016 hereditare
1514 1956 1813 2016 terram
1881 1971 2170 2028 eorum,
2242 1972 2277 2015 a
2342 1957 2794 2034 conspectu

503 2062 642 2123 tuo
694 2063 770 2124 et
817 2060 1328 2124 hereditabis
1370 2079 1503 2124 eos
1548 2062 1625 2124 et
1665 2060 2086 2123 habitabis
2125 2061 2200 2123 in
2242 2063 2458 2124 terra
2497 2078 2791 2133 eorum,

504 2167 849 2231 adtende
889 2167 1045 2231 tibi
1084 2167 1270 2250 ipsi,
1310 2187 1400 2230 ne
1442 2166 1820 2249 exquiras
1872 2167 2105 2248 sequi
2154 2185 2308 2243 θος,
2358 2169 2792 2247 postquam

503 2274 1026 2338 exterminati
1083 2275 1394 2338 fuerint
1452 2294 1487 2337 a
1543 2274 1752 2338 facie
1811 2277 1965 2348 tua,
2023 2293 2110 2337 ne
2160 2273 2537 2354 exquiras
2600 2272 2790 2337 deos

503 2400 772 2446 eorum
823 2381 1133 2447 dicens:
1186 2380 1852 2463 quemadmodum
1901 2380 2224 2444 faciunt
2284 2382 2567 2462 gentes
2628 2378 2789 2444 diis

504 2487 697 2565 suiS,
776 2488 1073 2554 faciam
1140 2495 1217 2553 et
1281 2508 1444 2572 ego.
1524 2509 1673 2554 non
1739 2488 2000 2553 facies
2072 2487 2191 2551 ita
2258 2486 2575 2552 domiuo
2645 2484 2788 2549 deo

498 2602 665 2667 tuo:
718 2597 1366 2661 abominamenta
1413 2596 1638 2673 enim,
1682 2614 1881 2678 quae
1930 2594 2302 2658 dominus
2352 2593 2544 2672 odit,
2587 2593 2788 2657 fece-

499 2707 687 2767 runt
762 2702 921 2767 diis
990 2702 1185 2778 suiS,
1255 2702 1632 2782 quoniam
1700 2706 1776 2766 et
1844 2702 2077 2765 filios
2147 2720 2335 2765 suos
2405 2704 2481 2764 et
2544 2700 2783 2764 filias

502 2828 690 2873 suas
740 2808 1223 2873 comburunt
1274 2808 1439 2879 <in>
1489 2807 1660 2892 igni
1712 2809 1871 2872 diis
1923 2808 2113 2873 suis,

590 2915 757 2994 Quid
806 2914 1161 2978 euidentius
1211 2915 1458 2979 ostendi
1505 2918 1720 2997 potest
1765 2916 1865 2979 his
1916 2919 2173 2979 sanctae
2222 2915 2569 2997 scripturae
2609 2915 2787 2977 testi·

500 3021 749 3099 moniiS,
799 3024 871 3085 ut
920 3020 1044 3084 alia
1109 3020 1374 3085 huiusce
1439 3022 1613 3086 modi
1681 3023 1992 3088 omittam.
2061 3041 2248 3103 quam
2317 3021 2526 3085 deum.
2577 3040 2612 3084 a
2662 3040 2784 3103 quo

497 3129 654 3192 haee
702 3128 1017 3209 scriptura
1063 3128 1338 3193 humano
1387 3128 1598 3212 generi
1650 3130 2010 3194 contributa
2057 3132 2174 3205 est,
2224 3147 2344 3193 non
2405 3128 2611 3192 solum
2663 3147 2784 3192 non

498 3234 761 3317 diligere
810 3254 1032 3298 uerum
1083 3235 1271 3298 etiam
1315 3235 1524 3299 odisse
1566 3237 1719 3299 talia
1756 3236 2082 3312 sacrificia,
2122 3237 2186 3299 in
2227 3236 2457 3317 quibus
2497 3234 2786 3298 homines

496 3341 945 3405 immolantur?
994 3341 1104 3404 illa
1149 3342 1335 3422 plane
1385 3342 1597 3425 diligit
1642 3346 1707 3406 et
1752 3346 2027 3417 coronat,
2083 3362 2224 3407 eum
2268 3342 2534 3423 quisque
2572 3341 2786 3405 iustus

496 3447 896 3529 iniquitatem
960 3446 1208 3528 patiens
1274 3466 1477 3529 usque
1536 3447 1613 3510 ad
1669 3449 1938 3512 mortem
2001 3468 2114 3530 pro
2170 3448 2439 3511 ueritate
2507 3447 2790 3510 decertat

496 3553 597 3618 uel
648 3553 723 3616 ab
762 3552 1059 3634 inimicis,
1100 3572 1257 3635 quos
1295 3573 1407 3635 pro
1449 3554 1697 3617 iustitia
1735 3553 2017 3630 offendit,
2060 3555 2388 3631 occiditur,
2428 3554 2785 3618 retribuens

497 3660 588 3723 eis
637 3658 798 3723 bona
853 3678 963 3741 pro
1012 3660 1220 3736 maliS,
1270 3660 1332 3723 id
1383 3663 1481 3724 est
1533 3680 1643 3742 pro
1704 3661 1845 3725 odio
1905 3660 2328 3725 dilectionem.
2386 3661 2576 3724 talem
2630 3661 2790 3724 dicit

496 3765 787 3830 (lominus
829 3765 1199 3848 sanguinem
1238 3766 1480 3830 iustum
1531 3785 1566 3829 a
1614 3767 1917 3850 sanguine
1964 3767 2122 3831 Abel
2172 3786 2373 3849 usque
2412 3766 2489 3830 ad
2529 3769 2787 3851 saugui-

494 3892 635 3936 nem
686 3871 1040 3937 Zachariae.
1104 3873 1439 3955 praecipue
1497 3878 1709 3936 autem
1772 3873 1937 3955 quod
1997 3875 2366 3958 sanguinem
2425 3874 2591 3938 fudit
2644 3875 2788 3955 ipse

672 4081 703 4132 5
732 4079 796 4133 cf.
826 4079 920 4132 Ex.
955 4079 1037 4134 13.
1070 4079 1119 4132 2.
1156 4080 1237 4133 12.
1274 4080 1337 4133 13
1450 4082 1511 4133 11
1542 4079 1707 4132 Dent.
1743 4081 1823 4139 12,
1853 4081 2061 4134 29—31
2175 4082 2244 4135 30
2275 4081 2339 4134 cf.
2371 4082 2565 4136 Matth.
2595 4084 2678 4145 23,
2710 4084 2787 4137 35

564 4222 597 4274 2
636 4221 681 4273 si
720 4221 820 4291 illi]
862 4222 958 4274 ulli
995 4222 1061 4275 N
1199 4238 1255 4274 se
1297 4221 1451 4275 deum
1490 4223 1606 4275 fieri
1653 4222 1703 4275 T
1843 4228 2118 4276 aeteruum
2149 4223 2216 4276 N
2318 4224 2350 4278 8
2388 4226 2685 4294 suscepisse
2719 4224 2793 4277 N

493 4313 525 4365 9
565 4311 758 4365 neinde
796 4311 859 4365 N
967 4314 1030 4367 16
1070 4313 1287 4365 fuerant
1314 4313 1376 4366 N
1484 4314 1548 4366 17
1588 4313 1793 4366 sacient
1819 4311 1885 4365 N
1987 4315 2048 4366 21
2094 4314 2146 4365 in
2174 4313 2374 4366 addidi
2481 4314 2547 4368 26
2590 4315 2704 4382 quis
2739 4316 2794 4369 S

490 4403 556 4455 27
597 4402 883 4455 ueritatem
920 4401 977 4455 N

2834 1653 2883 1691 10

2832 2187 2882 2226 15

2823 2719 2883 2760 20

2829 3251 2885 3290 25

2834 3787 2894 3827 30
