3076 4976
1495 1181 1545 1246 l.

535 1338 1145 1418 QVAESTIONVM
1192 1339 1282 1403 IN
1330 1339 2028 1405 HEPTATEVCHVM
2074 1343 2300 1406 LIBRI
2351 1343 2490 1407 VII.

848 1478 1067 1532 LIBER
1102 1478 1390 1532 PRIMVS.
1431 1479 1728 1543 QVAEST.
1770 1480 1866 1533 DE
1907 1479 2186 1534 GENESI.

463 1620 622 1685 Cum
672 1621 1019 1703 scripturas
1067 1624 1319 1685 sanctas
1368 1642 1527 1705 quae
1577 1622 1978 1704 appellantur
2024 1623 2357 1687 canonicae
2395 1624 2663 1705 legendo

283 1753 313 1790 ε.
360 1731 436 1792 et
482 1748 624 1792 cum
675 1728 819 1791 aliis
868 1729 1192 1792 codicibus
1243 1730 1591 1793 secundum
1643 1728 2061 1813 Septuaginta
2116 1729 2663 1812 interpretationes

360 1835 749 1899 conferendo
816 1855 1341 1917 percurreremus,
1407 1837 1651 1917 placuit
1718 1856 1821 1900 eas
1888 1838 2310 1919 quaestioneS‚
2378 1856 2535 1918 quae
2599 1837 2662 1901 in

357 1944 648 2004 mentem
722 1942 1030 2017 uenirent,
1100 1943 1238 2006 siue
1313 1942 1593 2006 breuiter
1665 1944 2212 2007 commemorando
2290 1944 2393 2007 uel
2468 1942 2660 2006 etiam

358 2048 807 2129 pertractando
864 2049 1303 2112 tantummodo
1363 2054 1862 2131 proponerentur
1917 2050 2056 2113 siue
2113 2050 2302 2113 etiam
2369 2049 2662 2131 qualiter-

359 2174 642 2236 cumque
706 2159 1029 2236 tamquam
1080 2174 1116 2217 a
1162 2155 1613 2219 festinantibus
1681 2157 2096 2232 soluerentur,
2166 2157 2313 2219 stilo
2381 2155 2660 2238 alligare.

252 2288 313 2325 ιο
355 2280 444 2325 ne
493 2261 570 2324 de
618 2263 925 2326 memoria
969 2264 1299 2347 fugerent:
1358 2283 1478 2326 non
1536 2266 1611 2326 ut
1668 2281 1772 2326 eas
1823 2264 1977 2327 satis
2028 2264 2501 2344 explicaremUS‚
2552 2262 2662 2327 sed

356 2372 461 2439 ut,
503 2387 648 2431 cum
695 2388 856 2450 opus
907 2372 1095 2443 esset,
1134 2388 1469 2449 possemus
1517 2370 1846 2451 inspicere,
1898 2370 2036 2433 siue
2075 2374 2147 2432 ut
2185 2369 2666 2432 admoneremur

358 2474 524 2558 quid
572 2474 776 2540 adhuc
827 2478 1000 2539 esset
1045 2476 1509 2558 requirendum,
1553 2476 1690 2540 siue
1738 2478 1811 2541 ut
1859 2497 1927 2540 ex
1978 2496 2049 2541 eo
2100 2476 2269 2558 quod
2315 2476 2440 2539 iam
2490 2474 2661 2540 uide-

352 2584 555 2645 batur
616 2582 969 2656 inuentum,
1039 2587 1110 2647 ut
1174 2587 1562 2666 poteramus,
1632 2603 1917 2647 essemus
1985 2588 2048 2647 et
2103 2584 2181 2647 ad
2252 2583 2658 2666 cogitandum

352 2689 660 2752 instructi
710 2693 774 2752 et
820 2689 897 2752 ad
934 2689 1440 2771 respondendum
1479 2691 1704 2771 parati.
1755 2691 1808 2753 si
1848 2691 1990 2772 quis
2029 2691 2224 2774 igitur
2260 2691 2414 2753 haec
2453 2691 2661 2772 legere

248 2821 309 2860 ιε,
349 2798 625 2876 propt-er
672 2797 985 2859 incultum
1035 2798 1097 2859 in
1146 2799 1359 2861 nostra
1404 2797 1810 2860 festinatione
1860 2816 2214 2861 sermonem
2257 2816 2377 2861 non
2418 2796 2662 2860 fastidi-

357 2902 507 2978 erit,
558 2921 713 2984 quas
780 2903 1185 2984 quaestiones
1250 2902 1608 2985 propositas
1672 2902 1985 2966 inuenerit
2043 2920 2156 2966 nec
2215 2903 2478 2978 solutas,
2539 2922 2659 2965 non

354 3007 509 3073 ideo
559 3009 682 3073 sibi
720 3008 880 3072 nihil
920 3009 1240 3073 conlatum
1278 3012 1499 3090 putet:
1549 3009 1854 3073 nonnulla
1892 3009 2058 3072 enim
2094 3028 2238 3091 pars
2276 3009 2660 3072 inuentionis

356 3118 468 3178 est
513 3134 702 3179 nosse
751 3115 903 3197 quid
951 3135 1234 3196 quaeras.
1287 3134 1550 3196 quarum
1601 3118 1814 3178 autem
1872 3116 2106 3178 solutio
2163 3115 2491 3196 placuerit,
2542 3127 2702 3177 non‘

352 3221 456 3284 ibi
521 3221 652 3284 uile
720 3224 1080 3285 contemnat
1157 3221 1501 3302 eloquium,
1570 3221 1681 3284 scd
1756 3221 1830 3284 de
1905 3221 2114 3303 aliqua
2187 3219 2661 3302 participatione

246 3356 309 3395 20
356 3327 689 3391 doctrinae
735 3328 950 3409 potius
1000 3330 1391 3411 gratuletur3
1443 3345 1561 3391 nou
1614 3328 1780 3391 enim
1833 3328 2181 3410 disputatio
2232 3326 2501 3389 ueritate
2552 3326 2662 3388 sed

353 3434 606 3498 ueritas
655 3434 1083 3518 disputatione
1128 3434 1487 3515 requiritur.
1538 3435 1814 3516 exceptis
1864 3453 2012 3516 ergo
2062 3434 2160 3497 his
2210 3453 2367 3515 quae
2418 3453 2453 3495 a
2500 3432 2662 3513 prin-
2739 3463 2754 3476 κ

357 3541 559 3621 cipio,
618 3540 726 3604 ubi
784 3540 941 3604 deus
1000 3542 1247 3604 caelum
1305 3545 1368 3604 et
1422 3543 1654 3604 terram
1702 3541 1931 3605 fecisse
1979 3544 2282 3616 narratur,
2333 3559 2534 3622 usque
2585 3537 2662 3602 ad

437 3732 474 3782 2
524 3729 833 3799 Expliciunt
881 3730 1120 3799 capitula
1169 3730 1436 3798 incipiunt
1483 3730 1827 3814 quaestiones
1875 3729 1998 3782 libri
2049 3747 2309 3798 geneseos
2357 3731 2454 3795 fol.
2511 3731 2568 3782 7¹>
2611 3731 2665 3782 P

356 3819 575 3887 Incipit
616 3818 756 3872 liber
802 3819 1178 3887 quaestionum
1227 3820 1303 3871 sci
1343 3836 1451 3887 aug
1488 3819 1576 3886 epi
1616 3820 1670 3871 in
1719 3821 1958 3886 genesim
1990 3824 2234 3887 pa9.14
2272 3818 2318 3871 S
2353 3819 2660 3887 Expliciunt

355 3908 613 3977 capitula
658 3891 755 3961 {ffi-
801 3892 934 3977 ιιίιῖἑ
986 3894 1088 3977 epi.
1137 3907 1413 3976 Incipiunt
1460 3908 1772 3976 questiones
1823 3909 1875 3960 in
1915 3907 2052 3960 libro
2093 3924 2353 3974 geneseos
2381 3907 2488 3974 sol
2536 3911 2571 3958 6
2619 3907 2668 3957 V

354 3998 680 4066 Expliciunt
718 3998 972 4067 capitula.
1008 3998 1162 4067 Incip
1202 3997 1341 4050 liber
1369 3997 1392 4050 I
1421 3997 1485 4049 de
1527 3997 1901 4064 questionibus
1931 3997 2056 4049 libri
2084 4012 2344 4065 geneseos
2370 3997 2469 4062 fol
2503 4001 2580 4046 3(
2617 3995 2665 4045 T

354 4086 648 4156 Incipiunt
686 4087 997 4156 questiones
1034 4087 1160 4139 libri
1198 4087 1411 4155 genesis
1448 4087 1547 4153 fol.
1592 4088 1669 4138 38
1715 4086 1768 4139 U
1888 4088 1919 4140 5
1958 4085 2465 4153 interpretationem
2505 4085 2558 4135 P
2560 4083 2661 4135 &A

372 4176 427 4227 t
434 4174 620 4228 Ude
690 4176 720 4227 7
758 4178 938 4227 mente
974 4174 1190 4227 PSUT
1262 4175 1326 4228 10
1364 4175 1497 4228 satis
1537 4191 1638 4230 om.
1686 4175 1732 4227 0
1805 4175 1868 4226 15
1906 4174 2239 4227 fastidiuerit
2274 4174 2340 4226 N
2411 4174 2473 4224 16
2505 4173 2660 4238 quas]

360 4265 413 4318 si
453 4280 588 4333 quas
628 4264 667 4316 d
880 4264 1079 4316 solatas
1116 4264 1181 4317 N
1359 4264 1423 4315 18
1463 4268 1644 4316 autem
1686 4280 1786 4317 om.
1833 4265 1881 4315 P
2094 4263 2291 4315 solutio
2331 4264 2510 4313 autem
2561 4259 2607 4309 1
2614 4259 2664 4311 Τ

359 4353 441 4406 20
478 4352 730 4405 ueritatis
766 4352 831 4406 N
935 4352 999 4404 21
1041 4353 1108 4405 iis
1148 4353 1185 4404 cl

2458 4452 2519 4506 1*
