3076 4976
457 491 585 555 330
1159 487 1214 541 S.
1270 486 1544 540 Aureli
1599 486 2035 557 Augustini

456 686 519 748 et
566 684 744 747 uocis
796 700 1132 765 oppressae
1181 700 1382 765 poena
1418 683 1744 765 plectitur.
1795 686 2029 765 quare?
2070 681 2207 747 uisi
2238 682 2388 763 quia
2426 680 2583 745 deus
2623 698 2743 744 non

456 789 532 853 de
608 789 848 866 uerbis,
928 788 1038 852 sed
1105 787 1179 852 de
1248 788 1543 853 cordibus
1602 788 1870 853 iudicat.
1956 788 2233 872 alioquin
2299 793 2364 853 et
2427 787 2507 852 ad
2569 787 2745 851 illam

447 900 699 981 petram
756 895 921 961 unde
973 915 1142 978 aqua
1205 896 1502 978 profluxit
1564 898 1857 978 poterant
1918 895 2202 960 excusari
2264 896 2459 960 uerba
2513 893 2744 977 Moysi,

453 1003 577 1068 nisi
626 1003 688 1066 in
738 1022 884 1067 eum
934 1002 1104 1067 clara
1149 1004 1323 1066 esset
1370 1001 1585 1065 diuina
1634 1002 1944 1067 sententia
1991 1001 2160 1084 quod
2206 1001 2546 1067 diffidendo
2593 1001 2745 1064 talia

456 1109 706 1175 dixerit.
758 1128 901 1173 nam
951 1108 1042 1172 ita
1087 1128 1155 1173 se
1197 1127 1270 1173 ea
1307 1106 1504 1172 uerba
1542 1107 1805 1172 habent:
1856 1106 2113 1171 audite
2159 1127 2290 1183 me,
2339 1106 2743 1171 increduli:

453 1214 821 1297 numquid
870 1214 953 1280 de
1001 1219 1219 1297 petra
1263 1214 1416 1278 ista
1464 1213 1869 1279 educemus
1908 1212 2130 1278 uobis
2169 1217 2473 1295 aquam?
2522 1212 2745 1277 deinde

454 1322 773 1403 sequitur:
814 1325 888 1385 et
927 1320 1230 1385 eleuata
1266 1320 1572 1404 Moyses
1610 1339 1826 1385 manu
1869 1339 2000 1385 sua
2035 1318 2423 1401 percussit
2457 1324 2743 1401 petram

451 1428 675 1511 uirga
731 1426 848 1492 bis
907 1430 982 1491 et
1043 1426 1233 1491 exiit
1301 1446 1489 1509 aqua
1554 1427 1793 1491 multa
1847 1431 1921 1491 et
1972 1425 2171 1491 bibit
2235 1445 2617 1511 synagoga
2673 1429 2743 1491 et

450 1554 722 1619 pecora
768 1553 1042 1598 eorum.
1091 1533 1317 1616 utique
1366 1533 1443 1597 ad
1492 1533 1613 1598 hoc
1662 1533 2077 1617 congregauit
2120 1534 2450 1615 populum,
2501 1533 2579 1597 ad
2626 1534 2743 1597 hoc

451 1641 628 1705 illam
686 1640 933 1724 uirgam
992 1640 1054 1704 in
1114 1659 1236 1721 qua
1293 1643 1469 1704 tanta
1536 1639 1840 1703 miracula
1903 1641 2139 1704 fecerat
2205 1640 2483 1724 sumpsit
2546 1659 2744 1722 eaque

449 1749 695 1828 petram
759 1746 1082 1828 percussit
1147 1750 1337 1829 atque
1402 1744 1550 1811 inde
1608 1746 1832 1811 solitae
1890 1746 2151 1811 1111111113
2209 1750 2309 1811 est
2364 1750 2742 1811 consecutus

451 1853 737 1917 effectus
787 1853 983 1917 uerba
1031 1871 1181 1936 ergo
1232 1852 1345 1916 illa
1383 1852 1615 1933 quibus
1655 1853 1770 1916 ait:
1822 1852 2178 1935 numquid
2227 1872 2305 1917 ex
2353 1853 2486 1916 hac
2534 1856 2743 1936 petra

448 1960 855 2024 educemus
931 1958 1148 2024 uobis
1226 1964 1533 2042 aquam?
1619 1961 1882 2041 possent
1955 1959 2045 2023 sic
2121 1959 2352 2042 accipi,
2418 1963 2741 2040 tamquam

449 2066 797 2131 diceretur:
856 2086 1082 2148 nempe
1139 2084 1207 2130 ex
1266 2066 1384 2131 hac
1438 2071 1617 2147 petra
1676 2065 2026 2130 secundum
2079 2071 2362 2131 uestram
2408 2066 2745 2132 increduli-

447 2177 644 2237 tatem
703 2192 864 2255 aqua
922 2172 1104 2237 educi
1161 2191 1282 2237 non
1343 2176 1577 2255 potest,
1627 2175 1699 2236 ut
1747 2172 2015 2255 denique
2072 2173 2479 2256 percutiendo
2538 2177 2742 2238 osten-

448 2279 701 2344 deretur
772 2279 906 2344 fieri
984 2278 1294 2344 diuinitus
1367 2280 1689 2362 potuisse,
1767 2279 1935 2361 quod
2009 2279 2104 2343 illi
2175 2280 2546 2345 infidelitate
2620 2300 2741 2345 non

446 2386 790 2464 crederent,
838 2386 1106 2450 maxime
1155 2385 1300 2467 quia
1350 2384 1619 2450 dixerat:
1679 2385 1940 2450 audite
1987 2405 2128 2464 1110,
2178 2386 2577 2451 increduli.
2651 2386 2740 2451 ita

448 2495 704 2577 quidem
768 2493 1059 2578 intellegi
1122 2495 1384 2577 possent
1447 2493 1605 2557 haec
1670 2494 1884 2570 uerba,
1948 2494 2074 2558 nisi
2138 2495 2293 2559 deus
2361 2495 2469 2577 qui
2534 2495 2740 2560 cordis

446 2602 766 2684 inspector
813 2606 933 2678 est,
982 2621 1106 2684 quo
1155 2600 1361 2664 animo
1411 2598 1581 2664 dicta
1619 2601 1853 2665 tuerint
1888 2601 2211 2665 indicaret.
2251 2601 2540 2684 sequitur
2578 2601 2741 2666 0111111

446 2709 760 2789 scriptura
806 2711 872 2772 et
917 2707 1102 2772 dicit:
1152 2712 1225 2771 et
1262 2706 1461 2770 dixit
1498 2706 1845 2771 dominus
1888 2707 1974 2771 ad
2010 2707 2315 2790 Moysen
2358 2711 2432 2771 et
2467 2708 2737 2776 Aaron:

446 2815 790 2896 quoniam
840 2834 975 2878 non
1027 2812 1479 2878 credidistis
1531 2814 2031 2879 sanctificare
2068 2834 2179 2879 me
2218 2814 2287 2878 in
2328 2818 2739 2898 conspectu

445 2920 793 2984 filiorum
843 2920 1161 2996 Israhel,
1210 2923 1519 3003 propter
1564 2921 1704 2986 hoc
1752 2939 1890 2985 non
1939 2921 2321 2987 inducetis
2366 2940 2495 2985 uos
2535 2939 2742 3004 syna-

448 3045 715 3108 gogam
768 3025 956 3090 1131ιο
1006 3026 1074 3088 111
1123 3029 1396 3090 terram
1448 3045 1665 3107 quam
1713 3026 1881 3091 dedi
1930 3027 2059 3090 eis.
2118 3046 2191 3091 ac
2237 3046 2349 3108 per
2392 3026 2513 3091 hoc
2559 3028 2739 3091 intel-

444 3132 682 3215 legitur
737 3132 848 3196 illa
903 3133 1099 3196 uerba
1155 3133 1244 3197 ita
1301 3133 1533 3198 dixisse
1581 3133 1867 3216 Moysen.
1917 3138 2241 3216 tamquam
2297 3133 2372 3198 ad
2427 3134 2738 3198 incertum

443 3240 862 3321 percusserit,
929 3244 1002 3304 nt
1067 3239 1121 3303 si
1186 3259 1305 3304 non
1375 3244 1749 3322 sequeretur
1812 3241 2105 3317 effectus,
2173 3241 2292 3306 1100
2354 3241 2738 3323 praedixisse

454 3349 810 3428 putaretur,
881 3366 1024 3410 cnm
1092 3346 1208 3410 ait:
1289 3346 1647 3429 numquid
1714 3367 1792 3411 ex
1857 3346 1991 3411 hac
2055 3352 2266 3429 petra
2333 3347 2735 3411 educemus

444 3452 668 3517 uobis
719 3457 1024 3535 aquam?
1101 3453 1271 3535 quod
1316 3453 1378 3517 in
1428 3452 1638 3518 animo
1689 3455 1826 3518 eius
1873 3454 2099 3518 lateret
2146 3454 2418 3529 omnino,
2466 3453 2587 3518 nisi
2637 3454 2736 3519 dei

446 3559 760 3623 sententia
816 3558 1206 3641 proderetur.
1294 3579 1326 3624 e
1394 3559 1705 3624 contrario
1769 3561 1983 3642 itaque
2047 3560 2172 3624 isto
2239 3562 2377 3625 loco
2435 3561 2736 3625 debemus

443 3665 812 3749 intellegere
895 3665 1091 3728 uerba
1161 3665 1369 3748 Moysi
1444 3665 1518 3729 de
1590 3667 1920 3749 promissis
2005 3667 2294 3731 carnibus
2380 3669 2735 3749 quaerentis

2783 1663 2834 1703 10

2781 2194 2831 2233 15

2776 2729 2830 2770 20

2773 3260 2827 3301 85

443 3771 656 3853 potius
719 3771 1032 3853 quomodo
1099 3770 1279 3835 fieret
1334 3792 1521 3854 quam
1588 3773 1933 3838 diffidentis
2000 3775 2217 3851 fuisse,
2285 3774 2531 3856 quando
2599 3794 2731 3839 sen-
2770 3795 2824 3836 so

623 3928 654 3978 5
692 3925 854 3980 Num.
893 3926 981 3990 20,
1024 3926 1104 3980 10.
1150 3927 1211 3980 11
1328 3930 1392 3982 18
1434 3928 1499 3982 cf.
1537 3929 1699 3983 Prou.
1740 3930 1825 3992 24,
1871 3932 1935 3984 12
2043 3930 2111 3983 20
2151 3931 2311 3985 Num.
2350 3887 2436 3992 20,
2481 3931 2545 3984 12

517 4051 541 4102 1
585 4066 872 4118 suppresse
916 4050 968 4103 Τ
1109 4051 1142 4104 3
1181 4058 1321 4119 aqua
1357 4051 1541 4106 P¹SV
1680 4055 1711 4106 5
1752 4054 1957 4109 dixerat
2002 4055 2048 4107 C
2187 4058 2219 4110 6
2268 4055 2543 4108 educimus
2580 4053 2739 4108 1281·

441 4137 474 4192 8
513 4138 724 4207 uirgam
769 4137 814 4192 C
979 4139 1133 4192 bibet
1172 4141 1215 4194 C
1357 4142 1389 4194 9
1427 4143 1785 4211 congregabit
1831 4144 1875 4197 C
2020 4145 2084 4199 10
2122 4145 2176 4197 in
2217 4145 2364 4197 illam
2402 4145 2467 4198 N
2624 4160 2729 4212 qua

440 4229 620 4297 tanta]
663 4233 870 4297 quanta
906 4226 967 4280 N
1118 4245 1343 4299 eamque
1381 4231 1668 4286 P¹S¹2v1³¹
1787 4234 1852 4287 13
1891 4233 2166 4288 educimus
2204 4234 2318 4287 Pr
2464 4235 2650 4303 posset
2689 4230 2735 4285 S

441 4316 508 4369 18
539 4316 758 4386 quidam
793 4317 840 4371 C
931 4319 1002 4372 22
1029 4317 1292 4372 inducitis
1319 4319 1441 4373 P¹S
1537 4322 1606 4374 26
1637 4321 1913 4376 educimus
1941 4323 2124 4377 1²¹S1'
2218 4324 2284 4376 29
2315 4321 2639 4377 carminibus
2672 4319 2733 4373 N

441 4405 510 4458 30
547 4404 714 4460 fuisse
751 4423 916 4476 super
953 4425 1072 4476 exp.
1113 4424 1268 4461 carne
1305 4426 1372 4461 m.
1414 4412 1453 4461 2
1492 4409 1623 4464 add.
1663 4411 1716 4462 P
