3076 4976
490 452 619 514 512
1189 446 1243 500 S.
1300 445 1575 500 Aureli
1631 445 2068 515 Augustini

488 647 654 707 tum
704 643 867 707 fuit
915 661 1225 706 aurum:
1268 640 1597 723 sapientia.
1648 640 1783 722 qui
1833 640 2462 723 compleuerunt·
2509 639 2783 704 domos

492 769 683 814 suas
750 753 1121 832 argento:
1192 748 1445 830 eloquio
1504 747 1766 811 domini.
1836 752 1973 811 aut
2026 750 2430 829 tamquam
2489 745 2786 810 aborti·

493 877 673 921 uum
730 855 1206 938 prolapsum
1264 853 1353 918 de
1411 855 1661 918 uulua
1716 854 2035 918 matris:
2103 858 2178 919 ut
2233 872 2578 936 numquam
2638 852 2788 917 emi·

490 966 689 1030 neret.
758 965 894 1027 aut
950 964 1355 1042 tamquam
1411 960 1773 1024 infantes
1832 960 1966 1042 qui
2023 980 2169 1025 nou
2227 960 2616 1024 uiderunt
2680 959 2788 1023 lu·

491 1089 688 1134 cem:
758 1067 837 1132 ad
892 1067 1290 1132 nobilitatem
1348 1066 1626 1148 aliquam
1704 1086 1824 1131 non
1890 1070 2329 1149 pemenerunt.
2395 1066 2511 1130 ibi
2578 1066 2788 1147 inpii
2854 1089 2882 1128 5

493 1177 1059 1257 deposuerunt
1113 1173 1468 1236 furorem
1529 1191 1791 1237 suum:
1857 1173 1917 1236 iu
1982 1175 2181 1237 morte
2231 1173 2306 1236 ab
2354 1172 2475 1237 boc
2525 1171 2790 1236 mundo,

492 1282 612 1345 ibi
678 1280 1274 1362 requieuerunt
1337 1279 1683 1361 fatigati
1749 1298 2117 1361 corpore:
2187 1283 2297 1343 aut
2350 1278 2608 1362 fatigati
2657 1297 2791 1343 cor-

492 1408 661 1472 pore,
712 1408 829 1453 non
891 1387 1122 1462 anim0‚
1172 1390 1285 1450 aut
1337 1386 1528 1449 finem
1585 1387 2006 1468 corporalium
2056 1386 2403 1451 consecuti.
2471 1405 2618 1450 non
2669 1405 2790 1450 au-

494 1497 828 1560 dierunt
873 1513 1152 1559 uocem
1202 1491 1643 1558 exactoris:
1691 1491 1930 1555 iudex
1978 1491 2252 1556 tradet
2297 1495 2373 1555 te
2422 1491 2789 1555 exactori

492 1604 636 1667 inde
686 1606 812 1676 est;
863 1601 984 1666 hoc
1032 1604 1157 1665 est:
1209 1600 1438 1664 donata
1484 1599 1619 1663 illis
1668 1618 1811 1663 esse
1847 1601 2137 1681 peccata;
2189 1598 2262 1662 de
2312 1597 2505 1681 inpiis
2554 1598 2790 1679 quippe
2830 1621 2881 1657 ιο

495 1709 767 1774 dicebat.
838 1706 1208 1790 pusillus
1276 1709 1353 1771 et
1417 1725 1755 1789 magnus
1820 1705 1936 1770 ibi
1999 1709 2154 1770 est:
2223 1704 2299 1769 de
2355 1724 2480 1769 uno
2544 1704 2790 1769 dictum

495 1819 649 1899 puto
696 1816 855 1879 bene
903 1813 1192 1896 intellegi
1240 1813 1585 1878 secundum
1627 1812 1807 1889 illud,
1848 1812 2017 1894 quod
2065 1812 2202 1894 qui
2250 1831 2329 1876 se
2376 1811 2790 1886 humiliat,

497 1920 1025 1987 exaltabitur.
1126 1924 1204 1983 et
1296 1937 1586 1984 seruus
1679 1938 1824 1983 non
1921 1921 2287 1983 metuens
2383 1917 2791 1983 dominum

497 2048 755 2103 suum3
818 2027 954 2091 siue
1012 2025 1359 2090 secuudum
1419 2024 1613 2089 illud:
1682 2025 1807 2089 uis
1866 2043 2012 2089 non
2080 2025 2368 2088 timere
2432 2027 2792 2107 potesta-

497 2134 700 2201 tem?
778 2135 1061 2199 bonum
1126 2132 1272 2208 fac,
1342 2132 1478 2196 siue
1546 2131 1893 2196 secundum
1960 2131 2152 2196 illud:
2223 2133 2881 2196 consummatam

499 2241 847 2307 dilectio
896 2241 1115 2305 foras
1163 2239 1434 2303 mittit
1478 2239 1871 2303 timorem.
1923 2241 2011 2302 ut
2057 2238 2248 2320 quid
2296 2238 2504 2302 enim
2553 2237 2794 2302 datur

499 2350 617 2414 eis
676 2348 811 2431 qui
869 2347 943 2410 in
1004 2345 1551 2410 amaritudine
1618 2348 1806 2409 sunt
1865 2344 2045 2411 lux?
2107 2348 2513 2427 peccatorum
2569 2343 2789 2408 honor.

490 2459 567 2520 et
631 2455 809 2519 uita
875 2453 1297 2518 animabus
1357 2471 1557 2535 quae
1607 2451 1916 2517 suntin
1967 2451 2446 2517 doloribus?
2503 2450 2565 2515 in
2617 2450 2790 2515 dolo·

488 2583 631 2626 rum
677 2563 964 2638 matoria,
1013 2560 1131 2625 hoc
1182 2563 1310 2624 est:
1359 2560 1423 2623 in
1473 2559 1776 2642 peccatiS.
1828 2577 2024 2641 quae
2074 2558 2552 2623 desiderant
2598 2575 2787 2621 mor·

490 2676 646 2732 tem
707 2671 785 2732 et
840 2685 988 2731 non
1039 2666 1459 2749 contingit
1502 2665 1719 2729 illis:
1779 2664 2177 2746 adeptionem
2225 2664 2472 2728 fructus
2519 2663 2787 2746 peccati.
2828 2684 2884 2722 20

495 2793 706 2837 mors
766 2773 942 2837 uiro
1001 2773 1349 2854 requies,
1402 2771 1638 2836 cuius
1695 2771 1870 2836 uita
1927 2771 2417 2835 abscondita
2474 2772 2632 2834 est:
2684 2770 2789 2833 uel

490 2878 638 2958 quia
685 2896 897 2942 coram
946 2877 1061 2940 deo
1110 2877 1217 2940 uel
1266 2877 1414 2958 quia
1459 2877 1683 2958 paucis
1732 2879 1897 2942 nota.
1950 2876 2024 2940 de
2074 2894 2149 2939 ea
2194 2894 2345 2939 uero
2402 2875 2529 2940 iam
2586 2876 2788 2937 morte

491 2983 955 3067 accipiendum,
1005 3002 1114 3065 per
1163 3003 1352 3065 quam
1400 2983 1707 3047 morimur
1751 2982 2022 3058 mund03
2072 2982 2134 3046 iu
2173 2982 2286 3046 illa
2324 2982 2490 3046 euim
2529 3000 2653 3045 non
2692 2984 2788 3045 est

490 3090 761 3173 requieS.
814 3089 1233 3154 conclusit
1281 3089 1485 3153 enim
1534 3088 1728 3153 deus
1778 3088 2177 3154 aduersus
2229 3108 2434 3154 eum:
2476 3106 2600 3152 non
2640 3107 2784 3151 eum

494 3197 698 3262 dando
758 3197 818 3261 in
878 3196 1191 3261 desideria
1248 3195 1453 3260 cordis
1503 3195 1624 3260 sui.
1693 3199 1873 3260 ante
1931 3214 2160 3259 escas
2218 3195 2517 3277 quippe
2574 3213 2785 3258 meas
2823 3215 2881 3255 25

492 3303 847 3388 gemitus
915 3301 1179 3366 adest:
1250 3305 1395 3366 ante
1463 3301 1770 3386 gaudium
1838 3301 2121 3366 ciborum
2181 3300 2281 3366 dei
2343 3301 2785 3365 tribulationes

414 3494 417 3499 μ
489 3409 879 3492 praecedere.
923 3411 999 3472 et
1045 3408 1206 3473 fleo
1249 3411 1675 3473 coartatus
1723 3407 2050 3472 timore:
2092 3408 2319 3473 uidens
2358 3407 2506 3490 quia
2546 3407 2786 3472 euitare

668 3669 700 3721 2
739 3667 837 3721 Iob
877 3669 927 3730 3,
962 3669 1027 3722 16
1103 3669 1134 3721 5
1164 3667 1261 3721 Iob
1292 3669 1340 3731 3,
1375 3669 1439 3722 17
1515 3668 1672 3721 810b
1705 3668 1754 3727 3,
1790 3668 1854 3720 18
1930 3668 1962 3720 9
1990 3667 2120 3724 Luc.
2155 3669 2235 3731 12,
2266 3668 2333 3722 58
2412 3667 2471 3721 11
2506 3667 2605 3721 Iob
2637 3668 2688 3731 3,
2721 3669 2785 3721 19

493 3760 558 3812 12
605 3759 734 3812 LuC.
777 3758 862 3824 14,
905 3758 964 3810 11
1119 3758 1185 3810 14
1230 3757 1383 3811 Rom.
1427 3756 1511 3819 13,
1551 3758 1583 3809 3
1734 3758 1797 3810 15
1846 3756 1871 3809 Ι
1908 3756 2025 3810 Ioh.
2063 3758 2115 3818 4,
2159 3758 2223 3811 18
2373 3757 2437 3811 16
2487 3756 2584 3809 Iob
2624 3758 2676 3819 3,
2717 3757 2784 3811 20

492 3848 556 3900 19
583 3847 680 3899 Iob
708 3848 757 3909 3,
787 3848 847 3900 21
964 3847 1027 3900 21
1061 3846 1158 3899 Iob
1190 3847 1240 3909 3,
1270 3846 1338 3899 23
1450 3848 1520 3899 24
1556 3845 1652 3899 Iob
1685 3848 1735 3910 3,
1761 3847 1830 3899 23
1934 3848 2000 3898 25
2030 3845 2127 3898 Iob
2158 3848 2210 3910 3,
2242 3846 2311 3900 24
2405 3848 2473 3899 27
2503 3844 2602 3900 Iob
2634 3846 2688 3913 3,
2718 3846 2786 3899 24

563 4022 595 4073 3
635 4018 888 4088 prolapsu
927 4018 973 4071 S
1113 4019 1323 4087 matris]
1360 4018 1520 4071 matri
1558 4034 1688 4071 suae
1726 4018 1773 4073 S
1841 4020 1876 4072 4
1914 4023 2010 4073 aut
2046 4036 2147 4074 om.
2187 4019 2234 4075 S
2302 4021 2334 4074 8
2362 4021 2468 4090 fin.
2507 4038 2608 4077 nec
2644 4022 2784 4077 Hier

494 4107 559 4161 10
585 4112 666 4161 est
688 4112 817 4174 post
844 4106 946 4161 hoc
976 4122 1077 4160 om.
1116 4108 1161 4159 C
1260 4109 1320 4160 11
1356 4106 1448 4161 ubi
1479 4106 1526 4160 S
1625 4108 1688 4160 13
1716 4109 1986 4177 metuens]
2013 4108 2211 4161 timens
2248 4108 2440 4163 THier
2533 4110 2601 4164 14
2629 4112 2780 4164 uis—

489 4195 625 4249 illud
665 4212 765 4249 om.
814 4198 858 4249 (J
994 4194 1059 4249 18
1099 4196 1153 4248 in
1192 4195 1478 4249 animabus
1517 4196 1549 4248 b
1689 4197 1754 4249 19
1793 4197 1953 4265 quae]
1993 4197 2082 4264 qui
2121 4196 2151 4250 b
2289 4198 2352 4251 21
2396 4199 2536 4267 uiro]
2576 4216 2703 4252 uero
2742 4197 2785 4252 S

489 4286 627 4354 uita]
672 4285 762 4337 uia
800 4283 987 4339 SHier
1111 4285 1181 4338 22
1217 4285 1325 4337 iam
1344 4292 1464 4338 ’σπι
1511 4284 1590 4337 Cb
1717 4286 1785 4339 24
1826 4286 2107 4339 conclusus
2152 4285 2200 4339 0
2341 4303 2447 4339 non
2487 4289 2633 4357 eum]
2675 4304 2778 4340 non

489 4374 631 4427 enim
675 4373 726 4428 G
833 4374 904 4427 26
943 4373 1100 4427 adest
1136 4373 1206 4427 ad
1246 4372 1521 4427 dominum
1560 4373 1705 4428 Hier
