3076 4976
503 448 589 510 34
1211 448 1262 501 S.
1320 447 1596 503 Aureli
1653 448 2093 516 Augustini

504 640 757 722 signum
822 643 1065 722 petere,
1132 660 1209 704 ne
1276 640 1465 704 deum
1530 643 1773 704 tentare
1841 641 2162 715 uideatur,
2242 661 2383 704 cum
2462 643 2578 707 hoc
2655 663 2796 706 eum

503 745 818 810 dominus
847 747 1182 811 admoneat
1225 767 1336 830 per
1381 747 1779 830 prophetam,
1831 750 2036 825 credo,
2087 748 2454 812 existimans
2504 749 2672 830 quod
2721 751 2796 813 ab

504 853 642 935 ipso
689 855 1000 936 propheta
1047 857 1476 937 exploraretur
1519 859 1738 919 utrum
1785 856 2106 937 praecepti
2152 875 2397 919 memor
2443 862 2634 929 esset.
2675 876 2795 939 quo

498 964 740 1025 tentare
791 961 978 1026 deum
1025 963 1450 1045 prohibemur.

588 1068 849 1132 LXIIII.
910 1068 1146 1133 Seruus
1186 1069 1472 1134 Abrahae
1521 1090 1778 1134 narrans
1829 1089 1987 1152 quae
2038 1070 2159 1134 sibi
2206 1070 2504 1134 mandata
2549 1072 2798 1134 fuerant
2855 1096 2879 1131 ,ς

502 1194 535 1236 a
585 1174 838 1237 domino
889 1194 1002 1239 suo
1055 1176 1209 1240 dicit
1256 1196 1399 1240 eum
1451 1177 1576 1240 sibi
1623 1177 1888 1241 dixisse:
1949 1197 2094 1241 non
2155 1196 2422 1241 sumes
2472 1196 2792 1241 uxorem

503 1280 698 1344 filio
776 1301 939 1346 meo
1007 1302 1043 1344 a
1106 1283 1455 1347 filiabus
1524 1282 2226 1362 Chananaeorum‚
2303 1286 2519 1348 inter
2595 1303 2792 1365 quos

502 1406 642 1471 ego
682 1388 964 1453 habito
998 1390 1076 1453 in
1114 1393 1334 1454 terra
1366 1411 1655 1465 eorum,
1694 1391 1830 1455 sed
1871 1392 1943 1454 in
1987 1392 2295 1457 domum
2338 1392 2597 1473 patris
2641 1392 2794 1454 mei

498 1492 662 1557 ibis
743 1500 819 1558 et
896 1495 969 1558 in
1049 1498 1350 1560 tribum
1423 1516 1670 1560 meam
1740 1501 1817 1561 et
1883 1517 2148 1561 sumes
2217 1517 2536 1562 uxorem
2604 1497 2792 1561 filio

500 1620 664 1665 meo
713 1601 895 1665 inde
946 1607 1009 1667 et
1056 1606 1284 1668 cetera.
1336 1604 1387 1668 si
1435 1605 1730 1688 legantur
1778 1605 2310 1686 quemadmodum
2357 1605 2452 1668 illi
2499 1604 2796 1668 mandata
2835 1628 2880 1666 10

500 1708 644 1783 sint,
696 1710 1011 1772 sententia
1077 1711 1296 1774 eadem
1364 1712 1696 1792 reperitur,
1763 1711 1958 1774 uerba
2023 1730 2171 1775 uero
2221 1730 2342 1774 11011
2412 1711 2623 1774 omnia
2689 1713 2797 1775 uel

498 1811 638 1893 ipsa
686 1815 790 1878 uel
856 1816 947 1880 ita
1010 1816 1181 1880 dicta
1248 1822 1416 1881 sunt.
1488 1817 1656 1899 quod
1722 1817 2185 1881 admonendum
2250 1818 2475 1900 putaui
2537 1822 2798 1899 propter

500 1922 734 1985 stultos
767 1925 831 1987 et
859 1924 1148 1989 indoctos
1181 1926 1489 2001 homines⁹
1531 1926 1636 2005 qui
1679 1925 2094 2007 euangelistis
2123 1926 2267 1990 hinc
2308 1924 2793 1999 calumniantur,

500 2029 667 2109 quod
714 2029 776 2093 in
827 2031 1148 2114 aliquibus
1196 2033 1408 2096 uerbis
1448 2052 1567 2096 non
1610 2033 1778 2096 omni
1819 2032 2006 2096 modo
2047 2032 2452 2107 conueniunt,
2497 2031 2793 2113 quamuis

497 2135 685 2198 rebus
765 2139 953 2218 atque
1031 2138 1362 2202 sententiis
1432 2138 1685 2201 omnino
1754 2157 1871 2201 non
1941 2138 2314 2220 discrepent.
2379 2142 2546 2201 certe
2622 2136 2793 2200 enim
2833 2162 2879 2201 15

498 2240 694 2304 istum
740 2242 975 2306 librum
1033 2264 1196 2308 unus
1262 2245 1454 2308 homo
1523 2244 1801 2326 scripsit,
1854 2245 2002 2326 quia
2047 2264 2122 2308 ea
2169 2263 2328 2326 quae
2397 2263 2588 2324 supra
2636 2243 2797 2306 dixit

499 2365 642 2409 cum
701 2348 1029 2412 mandaret
1082 2350 1399 2413 Abraham
1448 2351 1554 2413 uel
1609 2351 1842 2413 relecta
1901 2351 1993 2414 sic
2040 2369 2270 2431 ponere
2328 2349 2557 2431 potuit,
2609 2351 2663 2412 si
2713 2349 2793 2412 ad

496 2472 628 2517 rem
675 2454 987 2537 pertinere
1044 2456 1371 2534 iudicaret,
1423 2476 1568 2520 cum
1617 2457 1852 2521 ueritas
1911 2456 2286 2522 narrationis
2347 2456 2620 2539 exigitur
2665 2456 2794 2520 nisi

498 2563 570 2623 ut
614 2580 825 2624 rerum
876 2563 1457 2644 sententiarumque
1509 2565 1612 2641 sit,
1663 2564 1895 2646 quibus
1944 2565 2265 2641 uoluntas.
2305 2564 2560 2644 propter
2599 2582 2792 2645 quam

495 2665 909 2729 intimandam
956 2668 1149 2731 uerba
1199 2669 1377 2744 fiunt,
1429 2669 1586 2733 satis
1636 2669 1952 2751 adpareat.
2655 2695 2657 2697 ’
2828 2699 2876 2736 20

584 2773 769 2837 LXV.
850 2773 1032 2853 Quod
1088 2774 1321 2838 habent
1375 2775 1555 2837 latini
1608 2775 1857 2838 codices
1915 2785 2202 2837 narrante
2255 2795 2437 2839 seruo
2497 2775 2790 2839 Abrahae

498 2898 657 2961 quae
707 2880 827 2944 sibi
876 2881 1286 2946 mandauerat
1351 2882 1645 2946 dominus
1693 2882 1862 2947 eius:
1925 2886 2116 2946 tunc
2171 2883 2561 2946 innocens
2622 2882 2790 2945 eris

497 3006 532 3049 av
577 2986 1031 3052 iuramento
1081 3006 1269 3063 meo,
1318 2990 1454 3052 uel:
1526 2989 1940 3052 iuratione
1989 3008 2173 3065 mea,
2241 2989 2451 3071 graeci
2518 2989 2790 3052 habent:

496 3113 530 3156 a
578 3093 1020 3158 maledicto
1069 3115 1265 3169 me03
1319 3092 1500 3178 ὅρκος
1545 3095 1713 3158 enim
1765 3094 1997 3158 dicitur
2035 3094 2287 3170 iuratio,
2329 3093 2451 3178 ἀρά
2487 3095 2790 3158 maledic-

494 3202 663 3262 tum:
734 3198 897 3263 unde
947 3203 1009 3262 et
1052 3203 1386 3282 κατάρατος
1452 3200 1830 3264 maledictus
1882 3200 1984 3263 uel
2033 3195 2464 3284 ἐπι-κατάρατος
2530 3200 2787 3266 dicitur.
2827 3233 2879 3271 ετ)

672 3410 703 3460 6
744 3407 876 3461 Gen.
919 3406 1004 3471 24,
1044 3408 1129 3462 37.
1167 3408 1236 3460 38
1347 3408 1415 3460 2⁴2
1455 3406 1587 3460 Gen.
1629 3408 1717 3472 24,
1756 3408 1819 3460 41

567 3569 598 3621 2
637 3567 903 3637 propheta
948 3567 993 3620 C
1153 3569 1184 3620 3
1225 3570 1440 3638 precepi
1486 3569 1533 3621 G
1690 3569 1726 3620 4
1763 3568 2170 3636 prohiberemur
2205 3570 2336 3639 Euy
2484 3571 2512 3622 7
2552 3570 2605 3637 8]
2648 3569 2718 3623 de
2758 3571 2789 3623 b

496 3655 890 3710 chananeorum
937 3656 1083 3710 CSV
1119 3675 1471 3711 cananeorum
1501 3657 1619 3709 ΡΝ
1625 3658 1673 3710 Τ
1760 3659 1793 3710 9
1831 3657 2064 3710 tribuum
2103 3658 2152 3710 T
2244 3674 2419 3711 meam
2457 3658 2511 3724 (a
2549 3675 2614 3710 ex
2649 3659 2710 3725 u)
2738 3660 2794 3712 P

497 3745 561 3797 10
603 3745 866 3813 quomodo
907 3745 938 3798 b
1071 3746 1129 3799 11
1173 3745 1602 3799 sententieadem
1640 3746 1706 3799 N
1831 3747 1895 3798 12
1934 3762 2090 3812 quem
2129 3746 2174 3800 S
2334 3745 2690 3800 ammonendo
2731 3747 2797 3800 N

498 3831 562 3884 13
604 3832 969 3902 euangelistas
1009 3833 1039 3885 b
1201 3831 1729 3886 hincalumniantur
1765 3831 1828 3884 N
1986 3833 2049 3885 14
2090 3834 2233 3886 omni
2272 3833 2454 3901 modo]
2496 3834 2714 3886 omnino
2758 3834 2789 3885 b

495 3922 562 3974 15
588 3920 897 3989 discrepant
926 3921 1032 3974 PT
1124 3922 1187 3975 16
1219 3921 1327 3974 dixi
1354 3921 1610 3974 PSNVd
1704 3923 1766 3974 17
1799 3923 1886 3988 uel
1920 3929 2114 3989 (sup-ra
2140 3939 2240 3975 scr.
2273 3926 2395 3994 que)
2424 3922 2471 3976 S
2557 3922 2786 3991 relecta]

490 4010 703 4078 reliqua
747 4009 1029 4063 GP¹V¹T²
1066 4010 1319 4079 neglecta
1368 4008 1436 4062 Π
1583 4010 1647 4063 18
1689 4011 2031 4079 no·exigitur
2070 4012 2099 4063 b
2239 4012 2306 4065 20
2344 4011 2698 4064 intimendam
2748 4013 2795 4064 G

492 4098 797 4152 intimanda
834 4100 931 4152 ΡΒ
1069 4101 1204 4152 fiant
1240 4099 1305 4151 N
1408 4101 1471 4152 21
1514 4097 1755 4152 habeant
1788 4100 1843 4153 P
1983 4104 2262 4153 narrantes
2299 4101 2362 4153 N
2501 4100 2703 4153 habrae
2728 4099 2796 4152 N

494 4188 563 4240 24
604 4205 636 4240 8
674 4204 773 4240 om.
813 4188 878 4239 N
1055 4205 1205 4241 orcos
1251 4187 1564 4242 CPSNVT
1743 4191 1925 4241 catara
1969 4189 2013 4240 C
2048 4190 2157 4257 (cat
2193 4206 2235 4242 s.
2277 4190 2334 4254 l.)
2375 4190 2429 4241 P
2474 4190 2696 4241 cathara
2743 4190 2794 4242 T

493 4293 585 4329 ara
621 4276 687 4329 N
699 4278 743 4328 V
774 4294 977 4346 καταρα
1016 4278 1046 4329 b
1150 4279 1216 4330 25
1258 4283 1467 4330 cataros
1512 4276 1709 4330 CPSV
1747 4279 2014 4330 cataratos
2051 4277 2172 4330 NT
2201 4295 2524 4348 καταρακτος
2672 4279 2787 4346 epi·

492 4368 760 4418 «saturatos
808 4365 1122 4418 (L'l’sNrT
1159 4384 1568 4436 επικαταρακτος
