3076 4976
527 454 651 516 138
1240 447 1292 502 S.
1347 447 1620 501 Aureli
1676 447 2128 516 Augustini

514 643 1067 727 concupiscentia:
1115 662 1276 726 quae
1313 646 1569 707 tantum
1608 641 1926 719 differunt,
1963 643 2036 705 ut
2075 642 2410 725 aliquando
2450 642 2803 707 moechetur

522 754 631 836 qui
688 772 809 817 non
869 751 1265 833 concupiscit
1321 770 1579 815 uxorem
1637 749 1922 832 proximi,
1983 750 2194 832 aliqua
2251 751 2374 814 alia
2431 767 2624 813 causa
2669 766 2801 812 cum

517 860 613 923 illi
674 860 997 935 miscetur,
1057 858 1393 940 aliquando
1451 860 1666 920 autem
1725 856 2134 939 concupiscat
2189 875 2304 921 nec
2361 856 2418 920 ei
2476 855 2805 919 misceatur

518 985 788 1050 poenam
843 965 1095 1029 timens,
1155 968 1220 1028 et
1274 964 1393 1027 hoc
1450 963 1723 1027 fortasse
1789 963 1889 1027 lex
1957 962 2284 1028 ostendere
2349 962 2582 1040 uoluit,
2648 960 2803 1043 quod

518 1074 860 1154 utrumque
907 1073 1165 1153 peccata
1213 1071 1362 1134 sint.
2866 1090 2892 1126 5

611 1181 771 1243 Item
828 1178 1041 1261 quaeri
1099 1178 1265 1241 solet
1311 1178 1523 1240 utrum
1573 1176 1896 1240 moechiae
1944 1176 2194 1240 nomine
2243 1177 2436 1240 etiam
2484 1174 2804 1240 fornicatio

518 1289 827 1351 teneatur.
885 1285 1006 1349 hoc
1066 1285 1234 1348 enim
1282 1302 1579 1366 graecum
1628 1283 1895 1347 uerbum
1947 1286 2065 1358 est,
2115 1282 2284 1366 quod
2329 1283 2458 1346 iam
2508 1283 2807 1362 sciiptura

519 1394 723 1458 utitur
778 1411 887 1475 pro
945 1391 1179 1464 latinoz
1237 1390 1541 1455 moechos
1607 1394 1820 1453 tamen
1888 1409 2110 1472 graece
2176 1390 2428 1454 nonnisi
2496 1390 2805 1454 adulteros

518 1499 695 1565 dicit.
755 1497 866 1562 sed
925 1497 1149 1578 utique
1208 1497 1334 1559 ista
1388 1497 1484 1560 lex
1545 1514 1665 1559 non
1725 1495 1879 1559 solis
1937 1495 2093 1560 uiris
2158 1495 2221 1559 in
2287 1496 2524 1578 populo
2592 1515 2806 1559 uerum

517 1605 709 1669 etiam
765 1603 1018 1668 feminis
1076 1603 1221 1666 (1313
1279 1605 1397 1666 est.
1458 1621 1662 1683 neque
1723 1601 1888 1666 enim
1946 1602 2093 1683 quia
2160 1602 2401 1666 dictum
2469 1606 2602 1667 est:
2668 1621 2805 1665 non
2845 1625 2893 1662 ιο

517 1710 1063 1793 concupisces
1122 1728 1442 1773 uxorem
1501 1709 1846 1790 proximi
1904 1709 2058 1784 tui,
2108 1709 2269 1774 nihil
2317 1709 2420 1773 hic
2469 1709 2595 1774 sibi
2642 1729 2808 1792 prae-

517 1824 775 1900 ceptum
836 1817 1024 1881 debet
1078 1819 1301 1898 putare
1360 1815 1593 1879 femina
1648 1819 1710 1879 et
1765 1819 2088 1898 tamquam
2146 1816 2321 1880 licite
2370 1818 2811 1898 concupiscere

513 1927 724 1989 uirum
782 1925 1098 2007 proximae
1158 1943 1330 1987 suae.
1389 1923 1444 1987 si
1502 1941 1650 2006 ergo
1707 1923 1811 1987 hic
1870 1942 1942 1986 ex
1997 1924 2107 1987 illo
2166 1924 2334 2005 quod
2383 1923 2520 1988 uiro
2571 1923 2808 1987 dictum

518 2037 616 2096 est
690 2031 1108 2113 intellegitur,
1188 2029 1479 2111 quamuis
1555 2049 1677 2093 non
1754 2029 1995 2093 dictum
2063 2030 2169 2108 sit,
2237 2030 2407 2111 quod
2474 2029 2670 2093 etiam
2735 2030 2810 2093 ad

513 2139 813 2202 feminam
870 2137 1202 2218 pertineat,
1264 2139 1495 2216 quanto
1555 2136 1760 2219 magis
1821 2156 1892 2200 eo
1953 2136 2117 2217 quod
2177 2135 2418 2200 dictum
2477 2139 2607 2201 est:
2657 2156 2807 2202 non
2849 2158 2894 2194 1:.

515 2243 1108 2318 moechabe1·iS‚
1177 2246 1440 2323 uterque
1508 2261 1695 2306 sexus
1763 2241 2202 2326 adstringitur,
2269 2261 2414 2306 cum
2477 2247 2542 2307 et
2598 2243 2808 2326 ipsum

512 2355 919 2433 praeceptum
959 2353 1174 2432 potest
1212 2348 1426 2413 referri
1468 2349 1545 2412 ad
1583 2353 1947 2431 utrumque,
1999 2349 2199 2413 sicut:
2249 2369 2396 2414 non
2462 2351 2806 2428 occideS‚

513 2478 657 2524 non
708 2457 1115 2522 furaberis
1168 2460 1230 2521 et
1279 2476 1438 2540 quae
1488 2456 1610 2521 alia
1659 2456 1956 2521 similiter
1993 2476 2113 2521 non
2156 2475 2446 2541 expresso
2488 2477 2615 2522 uno
2657 2476 2807 2522 sexu

513 2565 763 2647 utrique
821 2564 1122 2627 uidentur
1176 2583 1394 2628 sonare
1453 2564 1904 2628 communiter!
1965 2566 2174 2628 tamen
2233 2564 2342 2628 ubi
2390 2583 2559 2628 unus
2611 2566 2809 2646 expli·

512 2671 727 2747 mitur,
775 2669 1139 2733 honoratior
1183 2669 1404 2750 utique
1455 2670 1843 2751 exprimitur,
1893 2668 1957 2731 id
2008 2672 2106 2733 est
2151 2669 2568 2744 masculinu3‚
2619 2674 2692 2732 ut
2739 2689 2810 2732 ex
2847 2695 2898 2732 ιο

511 2777 631 2840 hoc
697 2775 1030 2858 intellegat
1096 2776 1285 2839 etiam
1351 2777 1586 2838 femina
1652 2776 1802 2856 quid
1871 2776 1992 2839 sibi
2058 2779 2464 2857 praeceptum
2537 2776 2641 2839 sit.
2738 2795 2808 2839 ac

508 2902 622 2964 per
684 2882 801 2946 hoo
869 2882 921 2945 si
988 2882 1220 2944 femina
1282 2883 1545 2946 moecha
1607 2889 1707 2945 est
1762 2883 1997 2946 habens
2055 2884 2265 2946 uirum
2332 2882 2807 2947 concumbendo

512 3009 658 3053 cum
734 3008 827 3064 eo,
896 2988 1004 3069 qui
1082 2988 1179 3051 uir
1253 2989 1387 3051 eius
1455 3007 1578 3051 non
1646 2991 1761 3067 est,
1831 2989 2022 3052 etiam
2091 2989 2144 3052 si
2212 2989 2321 3052 ille
2386 3008 2511 3052 non
2579 2988 2807 3053 habeat

510 3115 782 3172 uxorem,
831 3095 1112 3175 profecto
1162 3096 1464 3158 moechus
1516 3098 1612 3158 est
1661 3101 1723 3158 et
1770 3096 1871 3158 uir
1917 3095 2153 3159 habens
2200 3115 2455 3159 uxorem
2514 3114 2808 3160 concum-

511 3202 710 3265 bendo
778 3220 922 3265 cum
990 3221 1062 3264 ea
1129 3220 1287 3282 quae
1354 3220 1505 3264 uxor
1572 3202 1707 3264 eius
1775 3222 1895 3266 non
1966 3205 2082 3279 est,
2152 3202 2344 3266 etiam
2402 3202 2456 3265 si
2515 3202 2626 3265 illa
2681 3221 2802 3265 non
2846 3232 2902 3267 «ιε.

508 3308 739 3371 habeat
797 3308 1027 3373 uirum.
1092 3307 1203 3370 sed
1260 3313 1494 3385 utrum,
1557 3308 1609 3371 si
1666 3309 1859 3372 faciat
1916 3310 2024 3391 qui
2080 3329 2337 3373 uxorem
2394 3329 2517 3373 non
2575 3309 2803 3373 habeat

507 3414 609 3477 uel
684 3415 916 3478 femina
993 3433 1153 3495 quae
1220 3415 1427 3478 uirum
1495 3435 1617 3478 non
1685 3415 1893 3489 habet,
1961 3416 2279 3498 praecepti
2345 3415 2540 3480 huius
2605 3420 2802 3480 trans-

687 3624 750 3675 17
791 3623 886 3678 Ex.
926 3624 1013 3681 20,
1058 3625 1123 3676 15

576 3746 608 3798 2
665 3762 783 3798 cum
823 3747 931 3800 alia
969 3747 1151 3816 aliqua
1191 3764 1351 3801 causa
1390 3749 1463 3802 bd
1607 3751 1639 3803 5
1689 3752 1918 3818 utraque
1959 3748 2248 3803 PSNVbd
2394 3749 2424 3800 7
2481 3766 2587 3818 quo
2627 3749 2800 3804 SNM

506 3836 537 3887 8
578 3834 769 3887 Graeci
809 3835 882 3887 bd
1008 3836 1039 3887 9
1079 3836 1268 3889 dicunt
1306 3836 1379 3888 bd
1509 3837 1573 3889 10
1613 3838 1755 3889 enim
1794 3853 1895 3889 om.
1942 3837 1987 3889 C
2122 3838 2187 3889 12
2226 3840 2282 3889 et
2319 3853 2420 3890 om.
2462 3838 2569 3890 SV
2723 3840 2801 3892 ad

503 3923 654 3976 licite
691 3924 751 3975 in
790 3941 889 3992 my.
932 3924 1061 3978 add.
1101 3926 1274 3995 possit
1311 3927 1373 3978 in
1421 3925 1471 3977 V
1579 3926 1643 3979 13
1684 3925 1772 3978 hic
1809 3932 1941 3977 veut.
1982 3926 2041 3978 in
2080 3925 2181 3978 hoc
2229 3925 2281 3979 V
2388 3926 2451 3977 17
2493 3926 2563 3979 ad
2600 3943 2701 3980 om.
2742 3927 2803 3980 N

508 4013 572 4065 18
612 4012 719 4065 alia
758 4029 896 4081 quae
942 4013 992 4065 T
1186 4014 1613 4083 unusexutrique
1653 4014 1718 4067 N
1891 4015 1960 4068 20
1999 4013 2199 4083 ubique
2247 4015 2296 4067 V
2500 4033 2562 4069 ex
2601 4032 2700 4070 om.
2743 4016 2807 4069 N

502 4101 565 4152 21
612 4100 752 4169 quod
790 4102 846 4154 P
952 4103 1020 4155 23
1060 4101 1153 4154 illa
1191 4100 1256 4153 N
1395 4102 1673 4155 non—illa
1712 4119 1813 4157 om.
1854 4102 1921 4155 N
2019 4104 2090 4156 24
2127 4102 2666 4172 profecto—uxorem
2693 4122 2798 4159 om.

502 4189 606 4243 SV
612 4190 650 4253 ¹;
691 4208 757 4243 m.
789 4194 827 4243 2
866 4191 981 4244 cod.
1024 4191 1074 4241 Γ
1097 4208 1138 4244 s.
1172 4192 1206 4244 l.
1240 4208 1397 4259 app„-
1436 4196 1492 4244 et
1528 4192 1614 4243 uir
1651 4193 1870 4261 mechus
1899 4195 1982 4245 est
2007 4191 2212 4245 habens
2242 4209 2459 4246 uxorem
2570 4195 2639 4247 25
2670 4202 2801 4263 post

501 4294 607 4330 non
647 4295 762 4345 emp.
796 4280 958 4331 etiam
1000 4284 1050 4332 et
1083 4295 1203 4347 sup.
1235 4281 1280 4331 si
1307 4296 1442 4347 pon.
1472 4281 1531 4333 in
1558 4280 1612 4333 P
1719 4285 1801 4333 est
1823 4281 2034 4334 etiamsi
2062 4281 2124 4334 in
2141 4298 2253 4335 ras.
2286 4281 2338 4335 V
2406 4284 2475 4337 26
2496 4300 2604 4337 non
2631 4284 2802 4337 habet

500 4365 787 4419 1³51?de
894 4369 962 4420 ‘27
1002 4368 1110 4436 uel]
1150 4384 1266 4421 cum
1306 4368 1424 4422 de
1558 4374 1690 4436 post
1726 4368 1892 4421 habet
1935 4368 2063 4425 add.
2104 4369 2261 4423 ambo
2301 4370 2375 4423 bd
