3076 4976
401 467 539 530 344
1119 463 1171 517 S.
1228 463 1506 517 Aureli
1561 463 1999 533 Augustini

405 662 676 742 spectu
736 659 928 735 eius,
986 657 1054 722 id
1109 662 1209 722 est
1260 656 1324 721 in
1383 662 1729 739 conspectu
1785 657 2161 735 sacerdotis,
2230 657 2349 723 hoc
2404 659 2563 724 mihi
2618 660 2710 724 in-

410 766 736 830 sinuatum
795 765 1070 843 uidetur,
1127 764 1277 847 quia
1330 763 1462 828 illis
1517 763 1812 847 adparuit
1865 765 2239 830 resurrectio
2290 764 2551 841 Christi,
2599 767 2709 847 qui

408 872 611 936 futuri
659 876 838 937 erant
873 872 1086 956 regale
1125 870 1577 936 sacerdotium.
1625 872 1753 936 iam
1790 871 1963 954 quod
2000 872 2317 954 sequitur:
2364 877 2438 936 et
2482 872 2709 955 pellis

410 978 579 1043 eius
655 984 727 1044 et
802 998 1066 1043 carnes
1134 981 1209 1042 et
1273 978 1587 1062 sanguis
1655 978 1819 1043 eius
1894 997 2058 1043 cum
2134 983 2470 1044 stercore
2545 979 2708 1043 eius

412 1085 899 1163 conburetur‚
947 1085 1013 1150 id
1057 1085 1273 1167 ipsum
1320 1085 1678 1167 expositum
1718 1088 1819 1149 est
1856 1085 2170 1167 quomodo
2211 1085 2714 1150 concremabitur
2773 1110 2803 1149 5

409 1195 475 1255 et
521 1191 953 1276 significatum
999 1196 1120 1268 est,
1171 1191 1343 1273 quod
1387 1210 1509 1256 non
1559 1191 1770 1256 solum
1819 1192 2179 1256 substantia
2233 1192 2522 1256 mortalis
2579 1211 2710 1257 cor·

408 1298 582 1379 poris
623 1296 882 1373 Christi,
924 1316 1085 1379 quae
1133 1297 1738 1362 commemoratione
1783 1298 1971 1381 pellis
2020 1301 2085 1361 et
2129 1299 2412 1363 carnium
2461 1303 2524 1363 et
2572 1318 2709 1363 san·

406 1403 619 1487 guinis
658 1403 954 1467 intimata
992 1407 1112 1480 est,
1152 1422 1376 1467 uerum
1415 1404 1606 1468 etiam
1648 1404 2032 1469 contumelia
2070 1407 2133 1468 et
2171 1403 2441 1469 abiectio
2478 1405 2708 1486 plebis,

408 1528 600 1591 quam
668 1510 920 1575 nomine
986 1510 1285 1574 stercoris
1352 1510 1774 1594 significatam
1845 1514 2033 1593 put0,
2109 1514 2584 1575 conuerteretur
2646 1512 2707 1574 iu

406 1616 699 1700 gloriam,
749 1636 941 1698 quam
989 1616 1451 1680 combustionis
1499 1617 1754 1680 flamma
1801 1616 2137 1699 significat.
2750 1646 2803 1685 ιο

497 1724 592 1787 Et
638 1723 976 1804 accipiet
1023 1722 1384 1787 sacerdos
1431 1723 1721 1806 lignum
1761 1722 2147 1787 cedrinum
2187 1728 2261 1787 et
2297 1723 2706 1806 hyssopum

407 1834 485 1894 et
561 1829 956 1894 coccinum
1033 1832 1103 1893 et
1178 1829 1525 1894 inmittet
1607 1829 1680 1893 in
1763 1828 2085 1892 medium
2173 1829 2708 1894 conbustionis

406 1936 800 2000 iuuencae.
849 1935 1098 2017 lignum
1149 1935 1475 2001 cedrinum
1524 1955 1671 2019 spes
1721 1941 1839 2013 est,
1889 1955 2051 2019 quae
2089 1935 2279 2000 debet
2313 1936 2374 2000 in
2418 1936 2710 2018 supernis

406 2042 672 2107 firmiter
706 2042 1023 2119 habitare;
1071 2042 1392 2126 hyssopus
1431 2043 1610 2118 fides,
1651 2061 1811 2125 quae
1861 2062 2007 2107 cum
2055 2043 2141 2107 sit
2186 2043 2381 2108 herba
2425 2042 2707 2118 humine,

405 2149 726 2214 radicibus
782 2150 1000 2214 haeret
1053 2149 1114 2213 in
1171 2155 1411 2232 petr-213·
1448 2149 1774 2214 coccinum
1844 2149 2093 2227 caritaS‚
2161 2149 2333 2231 quod
2395 2150 2707 2213 feruorem
2750 2179 2802 2216 ιε,

407 2257 670 2340 spiritus
717 2257 903 2342 igneo
954 2257 1160 2322 colore
1218 2261 1511 2322 testatur.
1587 2256 1741 2320 haec
1797 2256 1921 2320 tria
1976 2256 2278 2321 debemus
2333 2256 2589 2320 mittere
2642 2256 2704 2319 in

407 2364 930 2429 resurrectionem
963 2362 1200 2429 Christi
1233 2370 1558 2446 tamquam
1597 2364 1660 2427 in
1701 2363 1983 2427 medium
2016 2362 2480 2427 combustionis
2507 2363 2707 2435 illius,

406 2472 482 2534 ut
528 2488 676 2534 cum
724 2469 837 2534 illo
887 2469 974 2534 sit
1021 2468 1392 2534 abscondita
1438 2470 1576 2534 uita
1622 2473 1859 2548 nostra,
1910 2468 2079 2534 sicut
2134 2468 2293 2534 dicit
2348 2470 2707 2551 apostolus:

410 2578 487 2640 et
533 2576 695 2642 uita
739 2581 1004 2642 uestra
1049 2577 1499 2642 abscondita
1546 2582 1664 2642 est
1711 2596 1871 2642 cum
1922 2576 2225 2641 Christo
2274 2577 2343 2640 in
2393 2577 2547 2642 deo,

496 2683 589 2746 Et
669 2683 970 2748 lauabit
1050 2683 1519 2748 uestimenta
1603 2702 1737 2748 sua
1820 2684 2174 2750 sacerdos
2253 2688 2326 2748 et
2406 2683 2711 2748 lauabit
2748 2711 2803 2748 20

410 2807 691 2871 corpus
761 2809 978 2853 suum
1045 2807 1235 2870 aqua
1289 2791 1364 2852 et
1415 2792 1684 2871 postea
1740 2788 2097 2853 introibit
2149 2789 2223 2853 in
2281 2793 2560 2863 castra;
2637 2797 2709 2853 et

408 2894 818 2958 inmundus
890 2895 1040 2959 erit
1114 2893 1469 2958 sacerdos
1533 2912 1772 2975 usque
1836 2893 1907 2957 in
1973 2913 2386 2975 uesperam.
2468 2894 2707 2959 lauatio

413 3000 945 3065 uestimentorum
994 3004 1058 3065 et
1104 3001 1383 3082 corporis
1431 2999 1585 3082 quid
1632 3003 1731 3063 est
1777 3001 1899 3064 nisi
1954 3000 2282 3065 mundatio
2330 3000 2708 3065 exteriorum

408 3110 474 3172 et
518 3106 938 3174 interiorum?
1002 3107 1120 3173 hoc
1171 3107 1486 3172 sacerdos.
1564 3105 1789 3171 deinde
1839 3107 2156 3189 sequitur:
2214 3109 2287 3171 et
2341 3107 2468 3190 qui
2526 3126 2709 3173 com-

409 3215 640 3278 buret
686 3232 843 3277 eam
891 3213 1192 3278 lauabit
1247 3213 1714 3277 uestimenta
1771 3232 1903 3278 sua
1959 3217 2032 3277 et
2085 3212 2382 3277 lauabit
2436 3232 2707 3296 corpus
2746 3242 2803 3281 τε»

410 3340 632 3385 suum
683 3338 874 3402 aqua
930 3323 1005 3385 et
1058 3320 1463 3384 inmundus
1521 3319 1668 3383 erit
1723 3338 1959 3402 usque
2015 3320 2101 3384 ad
2157 3338 2571 3402 uesperam.
2643 3319 2707 3384 in

404 3446 477 3492 eo
544 3426 655 3509 qui
720 3426 1016 3491 conburit
1079 3445 1188 3490 eos
1254 3426 1563 3510 figuratos
1630 3426 1916 3503 arbitror,
1985 3427 2094 3509 qui
2153 3425 2392 3491 Christi
2458 3445 2708 3490 carnem

407 3533 798 3616 sepelierunt
849 3533 1295 3598 resurrectioni
1353 3551 1491 3597 eam
1540 3533 1744 3597 ueluti
1794 3533 2270 3616 conflagrationi
2316 3532 2707 3598 mandantes,

590 3785 649 3836 11
691 3782 850 3837 Num.
894 3782 978 3844 19,
1017 3782 1052 3835 6
1165 3782 1231 3836 19
1271 3780 1384 3836 Col.
1424 3782 1476 3845 3,
1514 3782 1549 3836 3
1658 3782 1728 3836 20
1764 3779 1927 3834 Num.
1971 3783 2054 3846 19,
2096 3784 2127 3836 7

473 3944 510 3995 4
547 3945 756 3995 tescore
795 3941 846 3994 S
966 3941 1000 3994 6
1037 3940 1350 4011 supstantia
1393 3939 1442 3994 0
1561 3944 1595 3996 9
1635 3943 1983 3994 conuertetur
2018 3942 2079 3996 N
2202 3942 2263 3995 11
2306 3943 2461 4012 isopo
2507 3941 2555 3996 C
2582 3960 2708 4012 yso·

405 4047 532 4100 puni
562 4030 835 4084 PSNVT
936 4030 1002 4083 14
1027 4047 1225 4100 ysopos
1258 4029 1306 4084 C
1427 4029 1502 4082 sit
1531 4028 1686 4082 uelut
1715 4028 1765 4083 S
1892 4028 2061 4084 herba
2088 4046 2192 4084 om.
2223 4030 2363 4085 P¹V
2459 4032 2528 4085 20
2556 4031 2709 4084 laua-

404 4119 489 4172 uit
522 4119 687 4173 CTS¹
725 4118 865 4173 labit
889 4118 957 4171 N
1058 4118 1201 4172 lauit
1234 4118 1302 4172 C¹
1331 4118 1469 4171 labit
1495 4118 1560 4171 N
1582 4117 1793 4171 lauauit
1822 4118 1878 4171 P
1946 4119 2010 4172 21
2056 4135 2195 4190 aque
2227 4118 2276 4173 0
2378 4120 2631 4173 introiuit
2665 4119 2712 4173 0

403 4206 460 4261 in
499 4225 602 4262 om.
641 4207 922 4262 PSNVT
1097 4209 1166 4262 22
1221 4208 1300 4277 in]
1336 4206 1406 4261 ad
1444 4205 1625 4261 SVba
1804 4208 1874 4261 24
1921 4206 2024 4261 hoc
2062 4206 2313 4262 sacerdos
2351 4207 2454 4262 del.
2495 4227 2561 4262 m.
2600 4214 2629 4261 1
2665 4207 2713 4262 S

404 4296 655 4350 conburit
688 4296 736 4351 0
839 4298 908 4351 25
939 4301 998 4350 et
1023 4296 1166 4350 lauit
1196 4295 1245 4350 G
1348 4296 1419 4350 26
1445 4311 1587 4366 aque
1620 4296 1668 4349 0
1810 4311 2097 4365 uesperum
2127 4295 2176 4351 S
2278 4297 2347 4350 27
2378 4296 2642 4351 conburet
2665 4297 2714 4350 S

405 4387 474 4441 28
513 4386 935 4457 conflagratione
981 4387 1026 4440 C
