3076 4976
409 415 554 478 ⁴124
1141 411 1192 465 S.
1252 410 1531 464 Aureli
1587 410 2020 480 Augustini

421 608 709 671 futurum
760 610 913 683 erat,
963 611 1037 671 ut
1082 606 1146 670 in
1195 626 1330 671 eam
1379 610 1642 689 possent
1687 606 1940 685 intrare,
1991 605 2102 670 sed
2149 605 2211 670 in
2262 625 2411 690 agro
2462 606 2537 670 ad
2578 626 2716 671 eam

422 714 808 796 pe1·tinente;
858 733 1002 777 nam
1040 713 1497 796 interpretatiO,
1557 731 1716 795 quae
1764 718 1864 776 est
1912 732 1982 776 ex
2027 713 2320 792 hebran,
2370 714 2461 778 sio
2508 714 2720 778 habet.

511 820 686 884 VIII.
733 821 804 884 In
854 840 926 885 eo
968 819 1138 902 quod
1187 819 1423 885 factum
1476 823 1594 895 est,
1646 823 1718 883 ut
1762 820 1972 883 Achar
2020 820 2094 884 de
2143 821 2313 883 tribu
2360 819 2519 884 Iuda
2555 821 2719 884 fura·

421 931 596 992 retur
625 926 700 991 de
734 927 1130 991 anathemate
1162 925 1445 991 ciuitatis
1474 925 1720 990 Ien'cho
1761 930 1974 991 contra
2013 930 2420 1009 praeceptum
2462 927 2718 1003 domini,

425 1038 489 1098 et
533 1037 789 1116 propter
854 1033 991 1097 eius
1057 1038 1389 1116 peccatum
1455 1033 1578 1097 tria
1638 1033 1814 1096 milia
1879 1052 2039 1114 quae
2104 1032 2299 1097 missa
2363 1034 2611 1097 fuerant
2655 1034 2716 1096 in
2788 1054 2819 1092 ⁵

426 1138 542 1204 Gai
592 1139 902 1204 dederunt
948 1142 1127 1223 terga
1173 1139 1468 1204 hostibus
1519 1144 1583 1203 et
1631 1139 1826 1204 occisi
1874 1145 2025 1204 sunt
2074 1159 2143 1203 ex
2186 1140 2275 1203 eis
2315 1140 2576 1224 triginta
2616 1159 2719 1204 sex

423 1246 545 1309 uiri
576 1248 639 1309 et
667 1247 903 1328 populo
935 1245 1214 1330 grauiter
1243 1245 1461 1310 territo
1493 1245 1675 1309 Iesus
1707 1264 1852 1309 cum
1884 1245 2239 1309 senioribus
2271 1264 2337 1309 se
2375 1246 2722 1328 prostrauit

425 1352 503 1416 ad
562 1351 887 1416 dominum
957 1352 1138 1434 eique
1202 1370 1579 1434 responsum
1647 1355 1747 1415 est
1809 1351 1949 1416 ideo
2015 1352 2257 1416 factum
2323 1371 2485 1427 esse,
2553 1351 2722 1433 quod

423 1458 788 1542 peccauerit
842 1460 1140 1541 populna,
1200 1459 1476 1522 minatus
1535 1462 1636 1521 est
1685 1458 1874 1522 etiam
1934 1458 2089 1522 deus
2146 1478 2267 1521 non
2318 1477 2386 1524 se
2435 1477 2579 1523 cum
2628 1458 2721 1522 eis

422 1568 732 1643 futurum,
765 1566 887 1629 nisi
919 1565 1300 1630 abstulerint
1330 1565 1668 1629 anathema
1698 1564 1773 1628 de
1805 1583 1872 1629 se
1902 1563 2081 1646 ipsiS,
2124 1569 2187 1628 et
2216 1565 2383 1646 quod
2423 1569 2718 1630 ostensus
2761 1590 2818 1627 ιο

428 1675 527 1736 est
591 1672 698 1753 qui
765 1672 1001 1735 fecerat
1065 1689 1181 1735 neo
1247 1671 1423 1735 solus
1492 1670 1762 1747 occisus,
1823 1670 1934 1734 sed
1982 1689 2126 1734 cum
2194 1673 2487 1736 omnibus
2554 1671 2719 1736 suis:

428 1778 643 1859 quaeri
708 1779 873 1842 solet
946 1777 1262 1859 quomodo
1341 1777 1507 1841 iuste
1577 1797 1686 1859 pro
1755 1777 2016 1841 alterius
2091 1779 2366 1859 peccatis
2434 1780 2494 1842 in
2561 1778 2719 1843 alios

427 1884 805 1958 uindicetur,
855 1884 1123 1948 maxime
1173 1884 1320 1965 quia
1367 1883 1428 1947 in
1475 1885 1616 1967 lege
1666 1883 1959 1948 dominus
2008 1884 2163 1948 dixit
2209 1903 2323 1949 nec
2360 1889 2569 1967 patres
2608 1904 2719 1968 pro

427 1990 701 2054 filiorum
768 2009 883 2054 nec
939 1989 1104 2054 filios
1163 2010 1274 2073 pro
1341 1993 1594 2071 patrum
1660 1991 1939 2072 peccatis
2007 2009 2146 2054 esse
2212 1992 2585 2073 puniendos
2643 2011 2717 2055 an

426 2096 588 2160 illud
645 2096 1074 2161 iudicantibus
1141 2095 1505 2160 hominibus
1565 2100 1663 2161 est
1717 2101 2144 2179 praeceptum,
2204 2117 2280 2162 ne
2339 2118 2716 2181 quemquam
2759 2122 2816 2163 ιε.

429 2222 538 2286 pro
607 2203 803 2267 altero
871 2203 1155 2286 puniant,
1224 2202 1322 2267 dei
1372 2208 1583 2267 autem
1651 2203 1884 2268 iudicia
1941 2224 2060 2268 non
2128 2207 2278 2268 suut
2325 2206 2463 2269 eius
2529 2205 2718 2280 modi,

429 2309 537 2392 qui
603 2310 731 2373 alto
781 2313 844 2374 et
910 2309 1221 2374 inuisibili
1290 2310 1554 2375 consilio
1622 2329 1738 2375 suo
1804 2310 1986 2375 nouit
2050 2315 2362 2392 quatenus
2428 2311 2723 2375 extendat

429 2416 620 2481 etiam
669 2417 1082 2501 temporalem
1150 2417 1474 2482 hominum
1533 2436 1802 2500 poenam
1870 2416 2312 2500 salubremque
2378 2420 2719 2482 terrorem?

429 2545 549 2590 non
598 2526 764 2591 enim
815 2525 1053 2607 aliquid
1104 2525 1331 2596 dirum,
1391 2529 1696 2606 quantum
1757 2525 1996 2589 adtinet
2042 2525 2119 2588 ad
2167 2525 2448 2589 uniuersi
2503 2524 2721 2588 mundi

430 2631 1063 2708 administrationem,
1122 2632 1436 2716 contingit
1490 2632 1887 2708 mortalibus,
1938 2650 2082 2696 cum
2130 2632 2484 2695 moriuntur
2530 2650 2721 2713 quan·
2760 2657 2820 2696 «ιο

430 2738 636 2821 doque
667 2738 974 2803 morituri.
1017 2741 1080 2802 et
1116 2742 1323 2802 tamen
1366 2738 1530 2820 apud
1576 2757 1681 2803 eos
1723 2739 1830 2820 qui
1869 2738 2022 2802 talia
2059 2740 2354 2802 metuunt
2392 2738 2723 2820 disciplina

432 2846 733 2921 sancitur,
765 2849 985 2909 utnon
1019 2864 1086 2909 se
1128 2847 1335 2909 solum
1377 2845 1644 2927 quisque
1686 2848 1863 2910 curet
1897 2844 1959 2908 in
2001 2846 2257 2928 populO,
2301 2846 2410 2909 sed
2449 2845 2724 2909 inuicem

433 2952 555 3016 sibi
604 2952 947 3016 adhibeant
985 2952 1377 3035 diligentiam
1422 2957 1485 3016 et
1521 2957 1848 3035 tamquam
1887 2952 2076 3015 unius
2117 2952 2395 3035 corporis
2435 2955 2497 3016 et
2535 2951 2723 3015 unius

430 3056 704 3122 hominis
753 3058 878 3121 alia
921 3077 1033 3138 pro
1074 3057 1213 3121 aliis
1254 3058 1382 3123 sint
1420 3059 1705 3122 membra
1742 3058 2034 3123 sollicita.
2075 3077 2184 3122 neo
2226 3063 2435 3122 tamen
2476 3058 2723 3122 ereden-

433 3163 585 3228 dum
634 3167 734 3228 est
780 3164 971 3227 etiam
1020 3165 1235 3247 poenis
1284 3184 1442 3246 quae
1481 3170 1630 3247 post
1667 3167 1935 3229 mortem
1976 3166 2344 3249 inrogantur
2380 3165 2574 3229 alium
2613 3183 2723 3246 pro
2762 3193 2823 3233 2⁵

434 3270 557 3333 alio
605 3288 793 3351 posse
861 3269 1163 3346 damnari,
1232 3270 1340 3334 sed
1391 3271 1453 3334 in
1501 3272 1602 3336 his
1667 3274 1909 3335 tantum
1981 3272 2168 3335 rebus
2235 3272 2393 3336 hanc
2456 3271 2726 3354 inrogari

433 3394 719 3458 poenam,
778 3395 937 3458 quae
984 3375 1170 3440 finem
1226 3377 1475 3441 fuerant
1528 3378 1880 3450 habiturae,
1939 3378 2188 3442 etiamsi
2245 3397 2367 3441 non
2417 3396 2490 3441 eo
2539 3377 2724 3441 modo

614 3635 646 3686 2
686 3636 751 3691 cf.
792 3636 1012 3690 Hieron.
1050 3636 1254 3690 Patrol.
1295 3635 1528 3691 XXVIII
1568 3656 1618 3706 p.
1659 3637 1764 3690 474
1874 3637 1905 3690 3
1946 3637 2010 3690 cs.
2053 3639 2155 3691 loe.
2198 3639 2227 3690 ‘a'
2351 3639 2416 3692 13
2456 3639 2522 3694 cf.
2561 3639 2724 3692 Deut.

436 3723 525 3789 24,
567 3725 632 3778 16
742 3726 811 3779 22
851 3725 915 3781 cf.
957 3726 981 3780 1
1021 3725 1141 3780 Cor.
1187 3727 1266 3789 12,
1312 3727 1392 3779 12.
1433 3727 1499 3781 25

509 3883 541 3934 2
588 3883 948 3953 pertinentem
986 3883 1170 3937 PS¹N
1347 3886 1379 3938 6
1429 3884 1519 3952 gia
1555 3884 1612 3936 P
1793 3887 1822 3938 7
1862 3901 1918 3938 se
1957 3900 2058 3940 om.
2097 3885 2152 3938 P
2364 3886 2632 3955 prostauit
2667 3883 2735 3937 N

435 3973 468 4025 9
507 3971 617 4025 illis
664 3972 714 4025 T
894 3973 954 4026 11
1009 3973 1121 4026 suis
1160 3971 1303 4042 quod
1341 3978 1372 4026 ᾗ
1411 3976 1571 4026 tantu
1608 3974 1976 4043 unusquisque
2016 3990 2112 4043 pro
2151 3990 2207 4027 se
2246 3973 2339 4028 sed
2380 3979 2435 4029 et
2472 3992 2567 4044 pro
2605 3973 2728 4028 aliis

435 4059 632 4114 debeat
672 4078 787 4114 esse
828 4060 1097 4114 sollicitus
1135 4062 1248 4114 suis
1287 4062 1472 4130 quaeri
1510 4077 1621 4129 sqq.
1663 4061 1713 4114 T
1821 4062 1885 4115 13
1924 4061 2252 4132 uindicetur]
2285 4066 2348 4116 ut
2372 4063 2641 4118 indicetur
2667 4063 2732 4116 N

436 4150 502 4201 15
542 4149 691 4203 aliud
730 4149 805 4203 bd
933 4151 996 4204 16
1036 4150 1147 4202 sint
1183 4149 1357 4203 PNV
1483 4152 1548 4205 17
1588 4148 1855 4204 inuisibili
1893 4156 1950 4205 et
1996 4151 2064 4203 V¹
2211 4154 2475 4221 quatenus
2514 4169 2614 4206 om.
2650 4152 2728 4205 Ρι

434 4238 502 4291 18
540 4239 705 4291 etiam
742 4255 845 4292 om.
882 4238 933 4291 Τ
1024 4240 1087 4291 19
1127 4238 1340 4291 aduersi
1379 4239 1429 4292 T
1518 4239 1588 4292 20
1628 4240 1868 4308 contingi
1895 4240 1968 4292 12¹
2064 4241 2122 4293 21
2171 4256 2261 4293 eos
2291 4258 2390 4294 om.
2424 4240 2488 4295 8¹
2616 4257 2727 4294 me-

435 4332 561 4379 tunt-
597 4327 672 4380 P1
782 4328 849 4380 ‘24
890 4327 1034 4395 aliis]
1074 4327 1209 4381 alias
1260 4327 1308 4380 V
1413 4327 1482 4382 26
1523 4328 1846 4397 interrogari
1895 4328 1946 4381 V
