3076 4976
214 1166 240 1203 5

185 1699 234 1735 10

183 2233 230 2270 15

710 513 1187 580 Quaestionum
1227 514 1341 567 lib.
1381 514 1437 568 11
1476 513 1762 582 (Quaest.
1803 513 1877 568 de
1916 514 2181 578 Exodo).
2461 517 2586 579 143

281 711 598 787 fecerunt,
661 711 753 774 ita
809 714 882 773 ut
934 709 1308 792 interpretes
1363 709 1563 774 nostri
1623 709 2154 791 quemadmodum
2205 728 2349 772 eum
2399 708 2589 791 expli·

284 822 507 882 carent
572 836 773 900 paene
840 836 960 880 non
1025 817 1405 882 inuenirent.
1465 816 1526 879 in
1576 816 1714 898 ipso
1765 835 2015 899 quoque
2066 835 2286 900 graeco
2338 815 2588 898 eloquio

279 924 571 989 multum
619 924 963 988 obscurum
1011 926 1109 987 est
1156 923 1323 1005 quod
1369 923 1472 987 hic
1522 922 1773 987 dicitur.
1823 927 2033 988 tamen
2084 923 2235 1005 quid
2276 923 2587 999 uideatur,

280 1037 358 1095 ut
406 1035 654 1114 potero,
706 1031 1000 1112 aperiam.

385 1137 471 1203 Si
542 1138 727 1220 quis
797 1141 1097 1212 autem,
1173 1137 1398 1219 inquit,
1477 1137 1953 1202 uendiderit
2025 1138 2290 1202 filiam
2368 1137 2588 1201 suam

276 1246 678 1310 famulam
743 1281 832 1291 ——
896 1243 960 1308 id
1027 1249 1144 1322 est,
1213 1249 1285 1309 ut
1351 1246 1436 1310 sit
1498 1245 1756 1322 famula,
1825 1265 2014 1327 quam
2073 1247 2302 1328 οἰκέτην
2365 1245 2590 1310 Graeci

277 1354 525 1417 uocant
573 1387 661 1396 —-
712 1370 857 1415 non
908 1352 1176 1416 abibit
1219 1352 1335 1416 ita
1382 1357 1468 1417 ut
1512 1352 1913 1417 recedunt
1961 1351 2344 1423 ancillae,
2404 1352 2588 1415 intel·

272 1457 637 1541 legendum
697 1461 827 1521 est:
893 1478 1049 1532 „uon
1108 1459 1199 1522 sic
1256 1458 1509 1523 recedet
1575 1459 1890 1541 quomodo
1956 1458 2260 1521 recedunt
2324 1458 2589 1522 ancillae

274 1564 599 1628 hebraeae
647 1567 794 1645 post
841 1584 946 1628 sex
985 1572 1247 1631 annos⁴‘.
1289 1585 1425 1629 eam
1465 1566 1699 1648 quippe
1740 1569 1991 1646 oportet
2027 1563 2217 1628 etiam
2258 1564 2317 1627 in
2357 1563 2591 1627 femina

272 1672 579 1752 hebraea
609 1671 820 1754 legem
869 1671 1077 1734 datam
1128 1672 1437 1756 intellegi,
1486 1692 1645 1753 quae
1695 1676 1985 1736 seruatur
2032 1670 2090 1734 in
2140 1670 2439 1735 maribus.
2481 1689 2593 1734 cur

272 1797 432 1861 ergo
473 1778 608 1842 ista
647 1797 771 1841 non
808 1778 898 1841 ita
936 1778 1206 1854 recedet,
1248 1779 1368 1843 nisi
1408 1778 1558 1860 quia
1594 1779 1654 1842 in
1696 1779 1805 1842 illo
1847 1777 2159 1842 famulatu
2198 1776 2592 1858 intellegitur

272 1885 650 1961 humiliata,
701 1885 869 1966 quod
916 1884 974 1948 ei
1021 1905 1087 1949 se
1136 1885 1429 1949 dominus
1476 1885 1851 1951 miscuerit?
1897 1885 2018 1948 hoc
2066 1882 2298 1966 quippe
2346 1883 2406 1946 iu
2447 1903 2589 1946 con-

273 1992 710 2075 sequentibus
757 1996 1103 2073 utcumque
1145 1992 1453 2056 clarescit.
1496 1993 1785 2075 sequitur
1823 1990 1988 2054 enim
2027 1993 2091 2054 et
2129 1990 2315 2053 dicit:
2356 1991 2590 2071 quod-

274 2099 542 2163 sinon
586 2098 1003 2179 placuerit
1042 2097 1351 2162 domino
1395 2118 1533 2162 suo
1576 2117 1802 2180 quam
1842 2116 1988 2161 non
2029 2095 2592 2160 adnominauit

272 2225 448 2269 eam
520 2242 613 2250 —
680 2205 745 2268 id
812 2206 912 2268 est
975 2224 1095 2269 non
1165 2225 1299 2269 eam
1365 2205 1521 2268 fecit
1585 2225 1838 2268 uxorem
1897 2240 1982 2250 -
2037 2203 2593 2267 remunerabit

270 2331 489 2388 eam,
544 2312 670 2376 hoc
718 2316 818 2376 est
865 2312 1033 2394 quod
1083 2330 1271 2394 supra
1319 2311 1504 2376 dixit:
1556 2330 1708 2375 nou
1759 2310 2032 2373 abibit
2077 2309 2192 2373 ita
2240 2313 2325 2372 ut
2384 2328 2589 2375 rece·

272 2419 484 2483 dunt
548 2418 926 2482 ancillae.
985 2418 1227 2483 iustum
1285 2423 1385 2482 est
1430 2417 1663 2501 quippe
1712 2416 1954 2499 aliquid
2003 2416 2284 2498 accipere
2331 2435 2442 2499 pro
2494 2436 2586 2488 eo,

270 2526 452 2609 quod
521 2525 864 2590 humiliata
930 2529 1045 2602 est,
1114 2526 1263 2607 quia
1327 2546 1445 2589 non
1509 2525 1563 2588 ei
1623 2544 1690 2589 se
1747 2524 1836 2588 ita
1892 2523 2170 2599 miscuit,
2228 2526 2301 2588 ut
2357 2524 2591 2587 faceret

268 2653 571 2709 uxorem,
640 2631 704 2695 id
773 2635 872 2696 est
935 2636 1009 2696 ut
1065 2632 1495 2696 adnominaret
1551 2651 1688 2695 eam
1747 2631 1889 2695 sibi.
1949 2631 2066 2695 hoc
2126 2634 2360 2709 autem,
2421 2632 2589 2715 quod

269 2741 601 2805 diximus:
659 2740 1214 2804 remunerabit
1271 2758 1467 2816 eam,
1528 2738 1786 2819 quidam
1843 2738 2216 2819 interpretes
2266 2738 2586 2803 dixerunt:

268 2847 642 2911 redimet
681 2864 876 2923 eam,
917 2846 1106 2928 quod,
1147 2847 1202 2911 si
1240 2846 1300 2910 in
1341 2863 1564 2929 graeco
1601 2844 1840 2908 dictum
1884 2845 2055 2907 esset
2083 2840 2589 2927 ἁπολυτρώσεται,

269 2954 605 3035 scriptum
684 2955 872 3027 esset,
958 2953 1127 3017 sicut
1209 2952 1519 3034 scriptum
1607 2957 1737 3014 est:
1824 2954 1901 3015 et
1982 2950 2155 3032 ipse
2237 2949 2590 3013 redimet

271 3059 645 3133 Israhel;
712 3078 857 3123 nam
927 3053 1414 3142 ἀπολυτρώσεται
1480 3057 1788 3139 scriptum
1858 3060 1975 3121 est.
2043 3057 2105 3120 in
2181 3056 2298 3120 hoc
2375 3062 2586 3121 autem

467 3251 543 3303 22
580 3249 670 3303 Ps.
713 3250 832 3316 129,
871 3250 903 3302 e

341 3376 377 3429 2
422 3373 779 3427 inuenissent
816 3372 864 3425 S
1020 3389 1212 3441 graece
1250 3371 1398 3441 loqui
1436 3371 1501 3424 N
1622 3375 1654 3425 5
1693 3388 1844 3424 suam
1884 3388 1985 3426 om.
2035 3370 2088 3423 V
2216 3372 2247 3423 6
2287 3371 2502 3423 cineten
2546 3372 2594 3425 C

268 3465 507 3518 oiketen
550 3460 765 3515 PSVT
793 3464 987 3530 yceten
1026 3461 1091 3514 N
1123 3458 1306 3513 οἰκέτιν
1346 3461 1464 3515 cod.
1509 3460 1606 3515 Gr.
1756 3462 1785 3513 7
1835 3460 2060 3513 habebit
2104 3460 2151 3512 G
2290 3461 2322 3511 8
2370 3460 2590 3514 recedat

271 3556 326 3617 (a
351 3569 433 3606 ex
458 3551 499 3615 i)
538 3549 586 3602 S
691 3550 723 3601 9
752 3548 1021 3619 hebraehe
1057 3547 1105 3602 0
1128 3548 1359 3602 hebreae
1387 3549 1493 3604 Ps
1514 3549 1781 3603 habraeae
1809 3547 1872 3603 N
2013 3552 2202 3618 postex
2229 3546 2295 3600 N
2431 3550 2586 3603 femi·

267 3658 403 3703 nam
441 3637 491 3693 S
514 3637 773 3691 feminam
801 3636 940 3691 P¹V
1046 3638 1112 3690 10
1139 3638 1425 3699 hebraeam
1456 3638 1503 3692 S
1526 3637 1813 3692 hebraeam
1845 3638 1985 3691 P¹V
2091 3638 2150 3690 11
2185 3654 2293 3689 non
2324 3653 2426 3690 om.
2456 3635 2595 3687 P¹V

268 3727 495 3783 recedit-
541 3725 644 3778 CT
753 3727 816 3779 14
855 3725 1035 3795 quam]
1077 3726 1205 3794 quia
1251 3725 1304 3778 V
1337 3743 1662 3795 quamquam
1700 3727 1755 3780 P
1898 3743 2195 3779 non—cam
2236 3726 2338 3782 del.
2380 3744 2444 3779 m.
2471 3730 2501 3777 1
2535 3726 2592 3777 P

276 3820 340 3873 15
382 3817 534 3871 fecit
573 3831 690 3868 eam
730 3813 794 3866 N
900 3816 963 3867 16
1002 3812 1219 3867 habibit
1257 3813 1550 3868 Vnabebit
1583 3815 1629 3868 C
1738 3816 1800 3868 17
1840 3815 1986 3869 iussa
2014 3814 2240 3868 PNVT
2380 3813 2588 3883 aliquid

271 3908 535 3976 accipere
575 3920 677 3958 om.
708 3903 771 3956 N
879 3902 942 3957 18
983 3903 1061 3956 ita
1099 3919 1157 3955 se
1194 3903 1245 3955 T
1356 3904 1418 3957 19
1458 3907 1652 3957 utnon
1690 3904 1739 3957 T
1846 3905 1909 3957 21
1954 3903 2184 3957 redemit
2213 3902 2285 3955 Ρι
2431 3920 2587 3971 grae·

270 4014 396 4051 cum
452 3994 503 4048 G
610 3989 1204 4046 AHOATTPQSETAI
1250 3991 1401 4046 TSV
1436 3993 1519 4055 (in
1558 3993 1672 4046 cod.
1727 3992 1774 4044 V
1794 3999 2091 4061 praeterea
2127 4009 2168 4045 3.
2211 3992 2244 4044 l.
2288 3992 2416 4046 add.
2457 4008 2585 4060 apo-

269 4082 633 4149 autrosetai).
665 4079 1026 4149 apolytresete
1056 4080 1102 4133 0
1123 4078 1695 4135 ΑΙΙΟΑΥΤΡΩΒΕΤΗ
1715 4081 1776 4132 N
1807 4080 2298 4152 απολυτρωσεταιΡ
2368 4081 2438 4132 22
2467 4080 2585 4133 red·

273 4175 415 4227 emit
454 4170 536 4224 Ρι
684 4170 753 4222 23
792 4186 914 4221 nam
956 4174 1012 4223 et
1047 4169 1094 4224 S
1106 4170 1226 4223 Vbd
1370 4170 1738 4240 apolytrosete
1775 4170 1822 4223 C
1853 4165 2587 4222 AssoATTArTPssSETAI

274 4260 457 4325 (Ano
499 4261 644 4328 exp.)
686 4258 748 4319 S,
788 4259 926 4325 (tota
974 4275 1083 4313 noa:
1127 4277 1196 4312 m.
1237 4262 1276 4311 2
1313 4275 1432 4326 exp.
1471 4264 1520 4312 et
1557 4275 1598 4311 3.
1641 4260 1674 4312 l.
1717 4259 1845 4311 add.
1895 4257 2281 4326 apolytrosete)
2322 4257 2376 4309 P
2410 4254 2584 4309 Ano-

273 4344 747 4405 ATTPQSETES
784 4345 851 4400 N
892 4365 1316 4417 αποαυτρωσεται
1366 4350 1428 4413 (8.
1480 4347 1514 4401 1.
1565 4346 1985 4417 apoautrosetai)
2040 4346 2088 4399 V
2128 4345 2495 4415 apolytrosete
2541 4345 2588 4398 T

273 4437 604 4510 λυτρώτεται
649 4436 702 4489 T
699 4436 724 4488 i
