3076 4976
731 497 1212 562 Quaestionum
1248 497 1361 551 lib.
1405 497 1427 550 1
1467 498 1761 564 (Quaest.
1801 497 1875 550 de
1916 497 2196 563 Genesi).
2528 503 2609 565 17

302 714 422 775 per
479 697 785 776 quattuor
841 693 1125 757 cardines
1185 692 1422 756 mundi.
1507 695 1815 773 quantum
1883 697 1980 756 est
2046 694 2232 769 enim,
2301 693 2469 776 quod
2535 694 2613 758 ad

310 806 548 866 terram
597 799 1108 883 conspiciendam
1157 799 1324 863 acies
1374 798 1716 881 corporalis
1767 799 1947 864 uisus
1995 800 2203 883 possit
2248 801 2613 885 adtingere?

307 908 428 973 sed
495 908 673 972 nulla
740 911 839 971 est
905 906 1209 989 quaesti0‚
1271 907 1325 971 si
1381 906 1787 971 aduertamus
1845 925 1967 970 non
2031 907 2150 971 hoc
2208 909 2415 972 solum
2473 929 2613 974 esse

307 1015 741 1097 promissum3
807 1032 930 1077 non
999 1014 1166 1077 enim
1222 1012 1462 1077 dictum
1521 1014 1652 1076 est:
1717 1016 1968 1077 tantum
2023 1016 2222 1077 terrae
2278 1014 2396 1078 tibi
2452 1014 2610 1078 dabo

232 1141 267 1177 ⁵
313 1126 626 1203 quantum
672 1120 878 1193 uideS,
928 1120 1072 1184 sed:
1120 1118 1239 1183 tibi
1288 1118 1448 1181 dabo
1497 1121 1728 1182 terram
1776 1138 1964 1200 quam
2012 1119 2211 1184 uides.
2262 1140 2404 1185 cum
2446 1123 2613 1186 enim

311 1231 378 1292 et
444 1227 708 1292 ulterior
771 1225 1050 1306 undique
1117 1225 1408 1301 dabatur,
1482 1225 1766 1306 profecto
1833 1224 1988 1289 haec
2055 1226 2388 1308 praecipue
2455 1246 2613 1310 quae

308 1334 655 1398 uidebatur
719 1333 1005 1397 dabatur.
1093 1331 1315 1395 deinde
1382 1330 1846 1395 adtendendum
1912 1336 2011 1396 est
2074 1333 2241 1415 quod
2306 1334 2611 1415 sequitur,

310 1440 635 1522 quoniam,
695 1458 771 1503 ne
829 1441 1081 1521 putaret
1135 1438 1325 1502 etiam
1382 1437 1517 1520 ipse
1574 1438 1806 1502 Abram
1871 1439 1989 1502 hoc
2057 1439 2264 1503 solum
2327 1442 2611 1522 promitti

308 1552 513 1610 terrae
555 1545 728 1627 quod
778 1545 1059 1627 aspicere
1105 1545 1211 1608 uel
1258 1543 1740 1627 circumspicere
1786 1547 2026 1625 posset,
2078 1565 2339 1629 surge,
2386 1548 2610 1629 inquit,

208 1676 267 1715 ιο
314 1657 394 1717 et
448 1651 930 1736 perambula
983 1654 1279 1714 terram
1345 1651 1420 1714 in
1486 1651 2009 1734 longitudine
2069 1653 2243 1716 eius
2301 1656 2379 1717 et
2433 1654 2611 1717 lati-

307 1760 622 1837 tudine,
670 1757 859 1840 quia
905 1757 1061 1821 tibi
1110 1757 1309 1821 dabo
1361 1776 1546 1836 eam,
1595 1760 1670 1821 ut
1723 1759 2210 1839 perambulando
2259 1761 2614 1842 perueniret

309 1866 390 1929 ad
442 1884 603 1942 eam,
655 1884 843 1945 quam
893 1864 1096 1929 oculis
1145 1883 1269 1929 uno
1318 1864 1458 1928 loco
1510 1868 1686 1928 stans
1724 1864 1939 1929 uidere
1978 1884 2098 1930 non
2135 1870 2372 1947 posset.
2422 1867 2612 1951 signi-

310 1974 544 2037 ficatur
590 1975 805 2035 autem
856 1990 930 2034 ea
974 1975 1159 2047 terra,
1210 1990 1398 2051 quam
1454 1970 1696 2052 primus
1753 1973 2026 2053 populus
2084 1972 2329 2053 accepit
2371 1972 2611 2037 Israhel

311 2098 529 2143 semen
571 2079 772 2142 Abrae
823 2078 1170 2143 secundum
1219 2096 1486 2152 carnem,
1535 2097 1655 2142 non
1702 2077 1864 2141 illud
1908 2079 2101 2143 latius
2142 2098 2354 2142 semen
2393 2098 2612 2143 secun-

202 2207 265 2247 us
310 2184 468 2249 dum
534 2184 743 2261 fidem,
803 2184 970 2265 quod
1026 2203 1102 2247 ne
1158 2187 1476 2248 taceretur
1531 2183 1773 2248 dictum
1830 2188 1930 2248 est
1986 2185 2045 2248 ei
2098 2186 2384 2248 futurum
2443 2186 2612 2249 sicut

309 2312 570 2356 arenam
607 2291 799 2355 maris
841 2290 1190 2355 secundum
1228 2290 1610 2373 hyperbolen
1653 2291 1925 2372 quidem,
1967 2291 2078 2355 sed
2115 2295 2324 2355 tamen
2363 2295 2611 2355 tantum

308 2399 488 2479 quod
534 2418 860 2463 numerare
905 2398 1120 2462 nullus
1169 2400 1408 2479 posset.

402 2505 735 2569 XXVIIII.
802 2504 1250 2569 Nuntiauit
1295 2504 1581 2568 Abram
1636 2504 2246 2569 transfluuiali.
2321 2507 2610 2571 transflu-

306 2611 548 2675 nialem
606 2612 841 2675 Abram
899 2611 1285 2693 appellatum
1342 2611 1533 2675 etiam
1589 2630 1814 2695 graeca
1878 2613 2252 2694 exemplaria
2307 2614 2462 2677 satis
2521 2615 2611 2677 in—

194 2745 262 2783 m
307 2717 559 2790 dicant;
621 2718 735 2782 sed
794 2737 908 2782 cur
961 2718 1052 2781 ita
1108 2717 1461 2801 appellatus
1520 2717 1625 2792 sit,
1684 2718 1834 2781 haec
1883 2718 2138 2782 uidetur
2183 2738 2392 2794 causa,
2443 2721 2611 2802 quod

306 2844 383 2888 ex
433 2824 900 2905 Mesopotamia
948 2824 1205 2886 ueniens
1253 2823 1517 2887 transito
1565 2823 1822 2887 flumine
1869 2811 2188 2905 Euphrate
2236 2825 2417 2890 sedes
2469 2846 2609 2891 con·

304 2931 531 2997 stituit
574 2931 640 2994 in
686 2933 853 2994 terra
901 2929 1192 2995 Chanaan
1243 2933 1307 2993 et
1352 2929 1812 2993 transfluuialis
1871 2930 2224 3012 appellatus
2268 2931 2374 2996 ‘est
2419 2953 2489 2996 ex
2539 2953 2611 2997 ea

302 3036 565 3119 regione
598 3035 760 3099 unde
791 3036 1068 3099 uenerat.
1099 3034 1265 3098 unde
1303 3035 1484 3098 Iesus
1523 3034 1703 3098 Naue
1744 3034 1898 3099 dicit
1935 3036 2319 3103 Israhelitis:
2372 3040 2608 3120 quid?

303 3141 581 3205 uultis
659 3141 976 3206 seruire
1053 3140 1214 3205 diis
1285 3145 1603 3223 patrum
1678 3144 2142 3207 uestrorum
2219 3146 2353 3226 qui
2421 3152 2608 3211 sunt

196 3278 262 3315 ετ)
310 3252 547 3312 trans
594 3248 949 3312 flumen?

494 3511 527 3563 9
566 3509 699 3567 Gen.
743 3512 824 3576 13,
870 3512 932 3564 17
1088 3512 1153 3565 16
1196 3511 1262 3565 ef.
1305 3510 1438 3566 Gen.
1481 3512 1567 3578 13,
1610 3512 1675 3566 16
1824 3513 1891 3566 18
1922 3512 2056 3567 Gen.
2089 3512 2172 3574 14,
2209 3513 2272 3565 13
2411 3512 2477 3564 23
2506 3511 2609 3563 Ios.

301 3599 400 3662 24,
443 3601 509 3654 15

388 3779 412 3830 1
459 3775 605 3846 quod
642 3793 746 3833 om.
792 3775 841 3829 G
955 3778 988 3829 2
1029 3777 1176 3830 uisus
1215 3793 1279 3831 ex
1316 3778 1428 3830 suis
1465 3777 1579 3830 PV
1694 3778 1728 3830 4
1768 3777 1906 3831 dabo
1948 3777 2053 3832 sibi
2090 3778 2334 3832 PTVbd
2442 3779 2473 3831 7
2513 3777 2607 3831 ad-

300 3866 539 3920 tendum
576 3865 643 3919 N
745 3867 779 3919 8
818 3866 980 3919 etiam
1022 3870 1079 3919 et
1124 3866 1174 3919 Τ
1314 3867 1588 3935 promittit
1622 3867 1722 3920 GT
1755 3868 2029 3936 promitti·
2071 3868 2122 3920 V
2215 3869 2246 3921 9
2285 3870 2546 3921 terrarum
2578 3866 2608 3919 b

300 3954 574 4025 aspicere]
615 3955 921 4024 conspicere
958 3954 1025 4008 N
1161 3955 1344 4023 inquit
1380 3971 1480 4008 om.
1527 3955 1861 4010 CPSNTV¹
2010 3956 2075 4009 10
2113 3956 2512 4025 longitudinem
2551 3956 2615 4009 N

307 4047 374 4099 11
418 4044 702 4112 peruenire
739 4043 805 4095 N
873 4043 940 4095 12
971 4059 1035 4096 ea
1059 4043 1120 4097 N
1229 4060 1331 4111 que
1367 4043 1500 4097 0¹N
1572 4045 1634 4098 13
1664 4045 1812 4114 prius
1842 4044 2133 4098 PSVde
2205 4047 2270 4098 14
2299 4047 2396 4112 fin.
2427 4062 2606 4098 semen

295 4150 412 4187 om.
442 4131 510 4184 N
618 4133 683 4185 16
722 4148 885 4185 arena
919 4131 1161 4186 CPSNd
1302 4133 1650 4202 hyperbolem
1677 4133 1770 4186 Nb
1918 4134 2154 4204 quidem]
2195 4136 2286 4204 qui
2316 4136 2376 4188 in
2408 4151 2520 4188 ras,
2549 4134 2615 4186 N

307 4222 377 4275 18
432 4221 504 4273 Et
554 4221 833 4274 nuntiauit
870 4221 909 4273 <1
1124 4221 1357 4274 abrahae
1417 4220 1592 4275 (ΙῙΓΡ2
1627 4221 1859 4275 habraae
1899 4224 1961 4276 N
2176 4223 2537 4276 transflumali
2576 4222 2606 4273 b

300 4308 681 4363 transflumale
720 4309 752 4362 b
931 4309 997 4362 21
1038 4311 1483 4378 mesopotamiam
1522 4310 1590 4363 N
1728 4310 1971 4363 eufraten
2018 4311 2064 4364 0
2098 4313 2302 4364 eufrate
2341 4311 2454 4364 ΡΝ
2463 4309 2614 4364 TSV

296 4399 378 4451 23
417 4397 604 4450 hiesus
642 4396 690 4450 S
723 4401 779 4449 et
814 4397 960 4451 iesus
996 4400 1059 4451 N
1199 4397 1336 4452 dixit
1373 4398 1442 4452 ad
1479 4399 1789 4453 israhelitas
1828 4400 1859 4452 b
1970 4402 2040 4452 24
2080 4399 2162 4453 dis
2203 4401 2265 4453 N

419 4521 616 4561 xxvm
645 4524 758 4572 Aug.
780 4528 889 4563 auct.
914 4523 983 4562 111
1002 4533 1103 4573 pm
1123 4524 1147 4563 3
2406 4505 2439 4557 2
