3076 4976
683 448 1163 514 Quaestionum
1202 448 1313 501 lib.
1353 448 1380 501 I
1423 448 1711 515 (Quaest.
1752 450 1828 504 de
1868 448 2153 516 Genesi).
2475 453 2556 517 87

269 646 393 709 filio
455 665 572 709 suo
632 647 863 728 Ioseph
928 647 1163 711 uolenti
1223 646 1534 729 corrigere
1595 645 1776 727 quasi
1845 649 2152 710 errantem
2211 649 2399 726 atque
2457 664 2559 708 ne-

271 752 575 815 scientem
648 753 737 816 ita
806 752 1177 834 respondet:
1251 753 1440 828 sci0,
1505 752 1656 828 fili,
1727 753 1912 826 scio;
1974 752 2218 816 ethic
2288 752 2430 815 erit
2484 751 2554 814 in

265 860 667 942 populum,
731 864 803 923 et
858 860 975 923 hic
1035 859 1521 923 exaltabitur.
1601 859 1728 923 sed
1783 860 2019 923 frater
2075 859 2240 922 eius
2307 857 2559 921 iunior

264 968 508 1030 maior
568 967 703 1030 illo
783 966 926 1030 erit
992 972 1065 1030 et
1134 986 1380 1030 semen
1450 967 1614 1030 eius
1693 967 1836 1031 erit
1909 968 1979 1029 in
2057 965 2555 1029 multitudine

204 1076 636 1157 agentium,
704 1074 1010 1138 hactenus
1079 1074 1154 1137 de
1225 1074 1475 1139 Christo
1546 1074 1978 1155 accipiendum
2049 1077 2173 1149 est,
2243 1075 2554 1154 quatenus

176 1635 223 1671 1ss

172 2169 219 2206 15

169 2713 218 2754 20

263 1180 457 1244 etiam
516 1181 591 1243 de
648 1182 786 1262 ipso
836 1181 1024 1244 Iacob
1085 1186 1148 1245 et
1204 1183 1392 1245 fratre
1453 1182 1590 1244 eius
1650 1181 1890 1245 dictum
1948 1187 2048 1244 est
2103 1180 2278 1261 quia
2322 1179 2556 1243 maior

263 1287 560 1351 seruiet
622 1286 914 1352 minori.
1005 1287 1355 1351 secundum
1424 1288 1542 1351 hoc
1614 1288 1780 1350 enim
1857 1287 2244 1371 significauit
2317 1285 2553 1366 aliquid

258 1393 630 1475 prophetice
687 1395 805 1456 hoc
862 1394 1147 1457 faciendo
1204 1394 1466 1468 Israhel,
1526 1393 1694 1476 quod
1749 1395 2024 1475 populus
2082 1393 2392 1476 posterior
2443 1412 2556 1474 per

262 1499 589 1563 Christum
639 1502 897 1564 futurus
947 1500 1346 1584 generatione
1396 1500 1669 1582 spiritali
1719 1505 2128 1582 superaturus
2179 1503 2312 1564 erat
2355 1519 2552 1582 popu-

255 1606 385 1669 lum
439 1607 711 1688 priorem
760 1607 835 1670 de
884 1606 1117 1671 carnali
1163 1610 1415 1690 patrum
1465 1608 1870 1691 generatione
1920 1608 2316 1690 gloriantem.

345 1713 657 1778 CLXVH.
737 1714 921 1793 Quod
988 1714 1142 1778 dicit
1197 1715 1385 1778 Iacob
1455 1714 1753 1778 Sicimam
1823 1734 1888 1778 se
1946 1714 2349 1797 praecipuam
2406 1712 2550 1775 dare

256 1820 383 1883 filio
441 1840 559 1884 suo
607 1822 834 1902 Ioseph
888 1824 952 1885 et
999 1820 1193 1896 addit,
1246 1822 1415 1903 quod
1464 1841 1600 1886 eam
1647 1821 2005 1904 possederit
2060 1820 2122 1884 in
2173 1820 2382 1904 gladio
2433 1839 2547 1884 suo

258 1933 319 1991 et
365 1947 541 2004 arcu,
592 1928 807 2010 quaeri
855 1931 1070 2010 potest
1117 1927 1647 2009 quemadmodum
1696 1929 1909 1992 ualeat
1957 1927 2031 1991 ad
2081 1927 2358 1991 litteram
2408 1945 2550 1989 con-

258 2035 495 2098 uenire.
549 2034 705 2098 emit
754 2036 917 2098 enim
966 2037 1220 2098 centum
1262 2035 1439 2117 agnis
1479 2036 1950 2116 possessionem
1989 2035 2186 2110 illam,
2226 2054 2346 2098 non
2382 2034 2551 2114 cepit

254 2142 388 2205 iure
450 2141 758 2206 uictoriae
814 2142 1100 2207 bellicae.
1178 2162 1250 2205 an
1313 2142 1457 2222 quia
1516 2141 1727 2206 Salem
1785 2143 2111 2206 ciuitatem
2171 2140 2545 2205 Sicimorum

255 2248 366 2311 filii
436 2249 575 2312 eius
646 2252 1166 2332 expugnauerunt
1232 2253 1295 2312 et
1358 2248 1493 2312 iure
1559 2249 1708 2312 belli
1774 2249 1988 2331 potuit
2053 2248 2189 2311 eius
2253 2247 2410 2322 fieri,
2477 2251 2549 2310 ut

253 2354 497 2418 iustum
548 2355 786 2418 bellum
837 2376 980 2418 cum
1031 2355 1122 2418 eis
1173 2359 1425 2438 gestum
1474 2356 1788 2431 uideatur,
1848 2356 1955 2437 qui
2010 2358 2250 2419 tantam
2307 2354 2545 2437 priores

254 2461 550 2525 iniuriam
608 2461 897 2526 fecerunt
952 2462 1011 2525 in
1072 2461 1207 2525 eius
1266 2461 1397 2526 filia
1455 2463 1981 2527 contaminanda?
2059 2481 2171 2527 cur
2227 2480 2346 2526 non
2397 2479 2543 2544 ergo

253 2568 379 2631 illis
429 2569 606 2632 illam
654 2572 885 2633 terram
935 2568 1127 2642 dedit,
1170 2569 1276 2651 qui
1316 2571 1437 2634 hoc
1474 2574 2013 2653 perpetrauerunt,
2057 2570 2176 2634 hoc
2217 2572 2317 2633 est
2351 2567 2543 2631 maio-

253 2674 426 2737 ribus
475 2674 627 2738 filiis
680 2674 863 2737 suis?
912 2673 1137 2737 deinde
1188 2675 1241 2737 si
1290 2675 1475 2739 modo
1525 2695 1596 2739 ex
1642 2677 1752 2739 illa
1800 2676 2067 2739 uictoria
2115 2675 2390 2759 glorians
2439 2673 2546 2736 dat

254 2800 389 2843 eam
446 2785 681 2844 terram
742 2781 869 2844 filio
930 2800 1046 2844 suo
1106 2781 1357 2862 Ioseph,
1427 2801 1540 2846 cur
1596 2783 1649 2845 ei
1710 2782 2170 2865 displicuerunt
2222 2784 2374 2845 tunc
2430 2779 2542 2842 filii

251 2887 357 2965 qui
422 2888 545 2951 hoc
615 2887 1119 2951 commiserunt?
1197 2906 1308 2950 cur
1373 2888 1642 2970 denique
1711 2890 1900 2952 etiam
1967 2909 2151 2965 nunc,
2222 2907 2364 2951 cum
2433 2905 2540 2949 eos

252 2993 666 3068 benediceret,
718 2992 1141 3074 exprobrando
1205 2993 1267 3055 id
1326 2995 1848 3059 commemorauit
1905 2995 1965 3057 in
2023 2993 2209 3059 factis
2278 2996 2540 3057 eorum?

250 3101 470 3179 procul
512 3099 704 3163 dubio
749 3118 898 3182 ergo
941 3099 1198 3181 aliquod
1237 3099 1339 3163 hic
1378 3101 1537 3165 latet
1575 3102 2014 3184 propheticum
2055 3103 2539 3171 sacramentum,

250 3206 397 3287 quia
444 3212 506 3271 et
544 3206 775 3288 Ioseph
815 3206 1085 3287 quadam
1125 3207 1464 3288 praecipua
1502 3207 1961 3291 significatione
2004 3207 2327 3271 Christum
2366 3224 2538 3286 prae-

250 3310 549 3394 figurauit
605 3317 670 3377 et
727 3313 779 3377 ei
841 3313 1025 3376 datur
1090 3312 1201 3376 illa
1264 3317 1448 3391 terra,
1517 3314 1627 3377 ubi
1695 3314 2155 3395 disperdiderat
2220 3310 2536 3377 obruendo

251 3416 399 3480 deos
450 3418 689 3481 alienos
727 3419 937 3493 Iacob,
982 3422 1053 3481 ut
1095 3417 1384 3482 Chiistus
1424 3420 1830 3503 intellegatur
1865 3436 2279 3501 possessurus
2318 3418 2536 3500 gentes

250 3523 348 3586 dis
394 3528 645 3607 patrum
693 3545 952 3588 suorum
1004 3525 1435 3591 renuntiantes
1484 3528 1549 3589 et
1596 3526 1915 3589 credentes
1964 3525 2026 3589 in
2076 3545 2239 3589 eum.

424 3715 457 3766 2
496 3716 627 3771 Gen.
665 3715 753 3775 48,
796 3718 860 3769 19
971 3718 1002 3770 6
1044 3715 1175 3768 Gen.
1215 3717 1301 3779 25,
1341 3717 1410 3769 23
1524 3717 1585 3770 11
1630 3715 1694 3771 cf.
1737 3715 1867 3771 Gen.
1907 3716 1994 3779 48,
2035 3717 2104 3769 22
2209 3717 2274 3770 14
2304 3716 2369 3769 cf.
2404 3714 2534 3770 Gen.

250 3802 338 3865 33,
377 3804 439 3857 19
549 3805 616 3858 15
657 3804 723 3857 cf.
766 3803 897 3859 Gen.
939 3805 1025 3869 34,
1065 3807 1131 3859 25
1242 3806 1311 3859 23
1352 3804 1418 3859 cf.
1459 3805 1593 3861 Gen.
1633 3808 1719 3870 49,
1760 3810 1792 3860 5
1903 3806 1970 3859 26
2011 3805 2076 3858 cf.
2119 3804 2251 3858 Gen.
2290 3807 2377 3867 35,
2415 3806 2450 3857 4

322 3929 354 3980 2
388 3928 665 3997 respondit
710 3928 820 3983 CN
921 3931 953 3984 3
993 3931 1359 4000 exagitabitur
1397 3932 1479 3995 (in
1517 3948 1617 4001 my.
1659 3934 1716 3984 al
1755 3930 2099 3998 exaltabitur)
2139 3930 2169 3983 b
2279 3931 2312 3982 4
2350 3929 2532 3982 multi-

248 4015 483 4069 tudinem
523 4018 607 4072 Sd
732 4020 764 4072 9
804 4021 1209 4088 regeneratione
1246 4020 1332 4073 Pb
1464 4020 1524 4074 11
1568 4020 1847 4073 sichimam
1889 4020 2154 4087 (sicimam
2197 4018 2243 4073 S
2276 4019 2530 4088 sycimam

248 4120 304 4157 se
344 4104 422 4167 N)
460 4105 595 4159 dicit
632 4107 786 4159 iacob
834 4106 1133 4161 PSNVTb
1280 4125 1336 4161 se
1375 4125 1477 4164 om.
1516 4108 1706 4162 PSVb
1821 4110 1882 4161 15
1924 4109 2246 4177 sycimorum
2272 4107 2339 4159 N
2369 4108 2532 4159 sichi-

248 4208 447 4247 morum
484 4195 556 4248 bd
666 4197 733 4249 16
773 4195 846 4265 et]
890 4200 949 4249 ut
988 4197 1019 4249 b
1167 4199 1249 4265 ut]
1293 4202 1346 4249 et
1385 4199 1415 4250 b
1530 4198 1593 4250 17
1636 4197 1764 4267 quid
1803 4200 1962 4250 tantu
1998 4196 2044 4250 G
2153 4198 2216 4249 19
2257 4199 2530 4264 perpetra·

249 4286 438 4334 uerunt
470 4284 570 4337 hoc
610 4289 695 4337 est
733 4301 833 4338 om.
873 4284 937 4338 N
1004 4287 1072 4339 20
1111 4286 1369 4340 uictoriae
1407 4286 1462 4338 P
1532 4288 1602 4339 23
1642 4286 2082 4339 commemorabit
2117 4284 2177 4339 N
2258 4286 2325 4337 25
2364 4284 2529 4351 signi-

248 4369 689 4443 ficatione-prae
732 4391 830 4428 om.
872 4374 932 4426 N
1037 4376 1105 4428 28
1144 4375 1247 4428 diis
1286 4375 1571 4429 PSVde
1713 4376 2050 4429 renutiantes
2091 4374 2135 4428 S
