3076 4976
476 504 610 566 448
1186 499 1238 553 S.
1297 500 1572 553 Aureli
1630 500 2066 568 Augustini

477 698 930 759 testamentum
1010 694 1353 777 significan
1429 695 1598 776 quod
1674 695 1990 778 significat
2056 699 2120 758 et
2185 695 2773 767 Deuteronomium,

478 802 647 883 quod
696 803 1144 883 interpretatur
1204 803 1481 865 secunda
1526 802 1653 875 lex3
1714 802 1882 884 quod
1940 801 2300 885 significant
2348 805 2412 865 et
2456 802 2775 884 prioribus

477 910 814 974 confractis
863 909 1116 973 tabulae
1164 912 1521 973 renouatae.
1574 910 1798 974 multis
1839 909 2001 973 enim
2042 909 2247 973 modis
2287 909 2774 991 significandum

475 1017 646 1099 quod
693 1036 817 1081 uno
868 1016 1055 1079 modo
1105 1015 1473 1096 inplendum
1520 1015 1663 1078 fuit.
1713 1016 1839 1078 iam
1878 1035 2028 1079 uero
2070 1016 2238 1097 quod
2279 1016 2578 1087 sub<ter>
2614 1020 2777 1078 tere-

475 1123 694 1187 bintho
745 1126 1025 1187 statutus
1086 1126 1186 1186 est
1220 1122 1404 1203 lapis,
1450 1122 1567 1185 1100
1608 1120 1926 1205 significat
1965 1121 2134 1202 quod
2171 1121 2354 1204 uirga
2394 1120 2470 1184 ad
2508 1125 2775 1203 petram,
2842 1147 2871 1183 ε,

477 1236 548 1296 ut
596 1250 756 1312 aqua
822 1231 1180 1313 proflueret,
1250 1228 1396 1311 quia
1463 1247 1664 1310 neque
1730 1228 1832 1292 hic
1900 1229 2033 1292 sine
2099 1228 2275 1311 ligno
2343 1231 2624 1292 statutus
2676 1233 2778 1291 est

471 1337 661 1420 lapis,
708 1337 851 1401 ideo
902 1340 1114 1400 autem
1165 1336 1401 1408 subter,
1454 1335 1600 1416 quia
1647 1354 1767 1399 non
1829 1335 2058 1399 fuisset
2104 1336 2165 1398 in
2216 1354 2400 1399 cruce
2459 1337 2774 1399 exaltatus

474 1445 600 1509 nisi
627 1444 990 1508 humilitate
1023 1444 1370 1517 subiectuS,
1403 1444 1507 1506 uel
1545 1442 1712 1525 quod
1742 1442 1853 1505 illo
1886 1445 2190 1524 tempore,
2232 1461 2354 1524 quo
2395 1442 2458 1505 id
2499 1442 2778 1506 faciebat

404 1604 405 1607 η
474 1553 656 1616 Iesus
703 1551 905 1625 Naue,
975 1552 1180 1614 adhuc
1230 1550 1732 1613 obumbrandum
1799 1550 2174 1631 mysterium
2221 1550 2364 1613 fuit.
2430 1549 2774 1613 terebinthi

473 1658 666 1722 etiam
729 1659 977 1741 lignum
1043 1657 1483 1722 medicinalem
1547 1656 1874 1719 lacrimam
1941 1656 2224 1731 exsudat,
2293 1675 2455 1738 quae
2505 1656 2689 1720 arbor
2738 1676 2776 1719 a
2816 1686 2872 1723 ιο

470 1764 881 1846 septuaginta
908 1763 1357 1845 interpretibus
1390 1763 1510 1827 hoc
1545 1764 1684 1827 loco
1716 1763 1924 1845 posita
1957 1765 2054 1826 est
2084 1762 2375 1845 quamuis
2418 1762 2772 1826 secundum

474 1870 634 1933 alios
680 1870 1052 1952 interpretes
1104 1889 1371 1952 quercus
1420 1871 1689 1953 legatur.

563 1976 797 2040 Mirum
865 1981 963 2040 est
1031 1996 1201 2046 sane,
1272 1977 1439 2057 quod
1508 1978 1734 2040 saltem
1781 1976 1842 2039 in
1895 1976 2263 2040 nouissimis
2331 1977 2463 2041 suis
2529 1977 2769 2054 uerbis⁹

470 2085 705 2166 quibus
780 2083 1086 2165 populum
1163 2083 1499 2147 adlocutus
1577 2085 1675 2147 est
1738 2083 1918 2145 Iesus
1988 2083 2177 2146 homo
2245 2083 2364 2159 dei,
2431 2083 2588 2146 nihil
2656 2104 2768 2148 eos

473 2191 837 2273 obiurgauit
885 2209 955 2253 ex
995 2209 1063 2253 eo
1108 2189 1273 2271 quod
1313 2189 1413 2253 his
1456 2189 1753 2273 gentibus
1792 2193 2226 2270 pepercerunt,
2269 2209 2424 2271 quas
2467 2189 2767 2254 dominus
2807 2218 2864 2255 15

471 2316 673 2378 usque
722 2297 799 2361 ad
847 2296 1337 2361 internecionem
1388 2316 1530 2359 cum
1583 2296 1980 2359 anathemate
2019 2295 2367 2377 perdendas
2409 2315 2546 2360 esse
2585 2316 2765 2377 prae-

472 2403 659 2487 cepit.
728 2404 820 2467 sic
888 2404 1054 2467 enim
1123 2403 1431 2484 script-um
1501 2407 1627 2466 est:
1698 2407 1770 2466 et
1826 2403 2108 2466 factum
2179 2406 2294 2467 est
2356 2407 2763 2485 postquam

470 2514 970 2577 inualuerunt
1054 2511 1209 2574 filii
1284 2511 1599 2587 Israhel,
1688 2515 1760 2574 et
1845 2511 2190 2574 fecerunt
2275 2511 2761 2576 Chananaeos

471 2618 986 2694 oboedientes,
1064 2617 1506 2680 exterminio
1585 2621 1834 2681 autem
1911 2637 2034 2681 eos
2113 2636 2251 2681 non
2321 2617 2761 2681 extermina-

469 2727 758 2788 uerunt.
808 2744 950 2786 nam
999 2724 1202 2805 primo
1254 2742 1362 2786 eos
1412 2722 1474 2786 id
1514 2744 1632 2787 non
1673 2725 1960 2805 potuisse
2001 2725 2313 2807 scriptura
2359 2727 2592 2787 testata
2632 2727 2757 2798 est;
2798 2753 2860 2791 20

468 2831 582 2894 sed
648 2849 812 2893 nunc
877 2834 1296 2910 posteaquam
1354 2832 1864 2912 praeualuerunt,
1931 2832 2022 2894 ita
2085 2835 2158 2895 ut
2223 2831 2502 2895 facerent
2566 2832 2759 2896 obau-

462 2938 732 3013 dientes,
784 2936 951 3017 quod
999 2956 1119 3000 non
1169 2937 1359 3000 etiam
1410 2938 2006 3014 exterminauerunt,
2058 2938 2280 3018 utique
2329 2941 2546 3001 contra
2583 2959 2757 3020 prae-

466 3047 721 3125 ceptum
789 3042 1027 3106 domini
1092 3043 1331 3107 factum
1382 3047 1506 3107 est:
1579 3044 1747 3125 quod
1813 3063 1934 3107 non
1984 3048 2082 3107 est
2129 3044 2424 3125 cuiquam
2490 3045 2756 3122 factum,

467 3168 612 3212 cum
676 3149 857 3213 Iesus
918 3150 1258 3213 exercitum
1327 3150 1604 3214 duceret.
1675 3170 1785 3213 cur
1833 3171 1979 3233 ergo
2047 3170 2166 3214 11011
2218 3169 2325 3214 eos
2392 3150 2760 3235 obiurgauit

456 3256 866 3320 adlocutione
923 3257 1290 3334 nouissima,
1351 3257 1519 3339 quod
1567 3258 1628 3320 in
1678 3258 1797 3321 hoc
1857 3257 2096 3321 domini
2152 3261 2486 3339 praecepta
2543 3260 2752 3340 negle-
2797 3285 2856 3324 ’.τε

462 3362 707 3426 xerint‘?
756 3382 830 3426 an
879 3364 1038 3428 forte
1097 3363 1242 3446 quia
1297 3365 1472 3446 prius
1532 3364 1690 3428 dixit
1736 3384 1841 3428 eos
1900 3366 2210 3446 scriptura
2265 3384 2386 3427 non
2442 3366 2754 3445 potuisse,

464 3469 683 3550 utique
768 3474 1102 3551 antequam
1186 3472 1642 3551 praeualerent,
1730 3472 1920 3535 etiam
2007 3490 2151 3534 cum
2244 3471 2757 3552 praeualuissent

463 3576 755 3640 timuisse
813 3577 1103 3640 credendi
1162 3581 1331 3652 sunt,
1392 3597 1466 3641 ne
1526 3578 1683 3640 sorte
1741 3578 1976 3659 paratis
2034 3578 2329 3642 oboedire
2388 3578 2443 3641 si
2499 3596 2752 3659 parcere

462 3683 835 3758 noluissent,
886 3684 1090 3746 acrius
1142 3702 1248 3746 eos
1299 3683 1640 3747 aduersum
1689 3703 1755 3746 se
1805 3704 1876 3746 ex
1923 3684 2061 3764 ipsa
2111 3684 2544 3766 desperatione
2594 3703 2751 3767 pug-

639 3858 670 3910 3
711 3857 775 3909 ef.
815 3857 911 3910 Ex.
952 3860 1039 3923 34,
1082 3859 1126 3910 1.
1166 3860 1200 3911 4
1315 3859 1376 3910 17
1417 3858 1519 3913 108.
1565 3860 1648 3915 17.
1694 3859 1757 3910 13
1868 3859 1937 3912 20
1977 3858 2042 3913 cf.
2083 3858 2186 3911 105.
2227 3861 2279 3918 7,
2321 3860 2384 3912 12

529 3983 562 4033 4
601 3981 787 4034 subter
810 3983 1035 4049 scripsi:
1068 3982 1167 4034 sub
1199 3979 1358 4046 liba-13
1387 3982 1455 4048 cf.
1486 3998 1629 4036 πονε.
1665 3985 1699 4034 7
1842 3980 2168 4034 terebuntho
2209 3981 2258 4034 T
2282 3981 2642 4034 therebentho
2680 3981 2747 4033 1⁷¹

458 4073 490 4121 6
529 4069 723 4122 flueret
758 4071 823 4123 N
969 4071 1034 4124 10
1074 4070 1271 4123 exudat
1307 4070 1579 4124 PSNI'T
1726 4072 1788 4124 13
1829 4071 2009 4124 saltim
2050 4070 2096 4124 S
2226 4072 2291 4122 14
2330 4070 2502 4139 Iesus]
2543 4087 2747 4138 moyses

458 4159 615 4212 PNS
762 4162 824 4212 15
885 4161 969 4229 eo]
1019 4177 1123 4229 quo
1160 4160 1272 4212 PT
1415 4161 1479 4212 16
1538 4176 1708 4228 usque
1757 4177 1858 4213 om.
1900 4160 1944 4213 S
2119 4159 2533 4212 internicionem
2569 4158 2758 4212 P¹SN

460 4248 746 4301 anathema
792 4248 863 4300 V1
1042 4249 1314 4317 praecedit
1356 4249 1419 4302 3¹
1600 4251 1664 4302 17
1703 4249 1811 4303 sed.
1853 4249 1967 4305 cod.
2010 4249 2167 4304 Alex.
2342 4249 2411 4300 20
2450 4247 2506 4300 id
2545 4264 2635 4300 eos
2677 4246 2751 4300 bd

459 4338 527 4389 24
564 4325 673 4390 111111
714 4337 780 4390 N
916 4339 985 4391 25
1033 4338 1386 4406 neglexerunt
1425 4337 1618 4389 Nde
1760 4337 1828 4390 26
1879 4338 1968 4406 qui
2007 4337 2122 4390 PV
2261 4336 2327 4389 28
2379 4335 2636 4389 obaudire
2677 4335 2751 4388 bd

457 4427 526 4478 ‘29
567 4425 930 4495 disperatione
969 4426 1034 4478 N
