3076 4976
590 475 1065 541 Quaestionum
1104 475 1215 530 lib.
1257 476 1282 528 Ι
1324 474 1611 541 (Quaest.
1654 476 1729 529 ‹le
1772 476 2053 546 Genesi).
2377 480 2460 541 63

202 671 454 734 Natham
500 671 577 734 ab
626 671 942 734 Abraham
990 690 1193 752 nsque
1242 670 1322 734 ad
1376 670 1608 752 Ioseph
1667 670 2128 754 quinquaginta
2183 671 2461 754 quinque

203 782 645 842 commemoret.
696 778 759 841 in
816 778 925 841 illo
977 777 1210 860 quippe
1277 778 1514 854 ordine,
1583 778 1692 841 ubi
1757 778 1969 860 plures
2036 782 2462 856 numerantur,

203 886 372 948 citius
417 885 652 949 mortui
700 888 850 948 sunt
914 904 1102 966 quam
1152 884 1255 948 hic
1303 883 1411 948 ubi
1477 884 1830 965 pauciores.
1899 904 1976 947 ne
2024 885 2186 948 forte
2251 888 2461 949 autem

202 995 435 1054 moueat
478 992 773 1072 aliquem,
824 990 992 1073 quod
1029 992 1192 1055 inter
1236 1010 1420 1074 reges
1457 992 1661 1055 Edom
1701 996 2235 1056 commemoratur
2269 992 2464 1057 Balac

158 1097 350 1161 ⁵filius
406 1098 569 1161 Beor
616 1103 681 1161 et
727 1098 802 1162 de
871 1098 1289 1161 similitudine
1356 1098 1628 1161 nominis
1696 1098 2015 1162 existimet
2076 1098 2260 1161 illum
2326 1117 2465 1162 esse

199 1203 389 1275 Balac,
429 1205 538 1286 qui
579 1204 817 1269 restitit
853 1204 1062 1286 Moysi
1102 1204 1353 1268 ducenti
1400 1206 1708 1287 populum
1756 1204 2018 1283 Israhel,
2068 1204 2228 1268 sciat
2281 1205 2464 1269 illum

198 1309 369 1374 Balac
411 1311 763 1374 Moabitam
810 1311 1028 1385 fuisse,
1079 1331 1199 1375 non
1249 1311 1642 1387 Idumaeum,
1693 1331 1966 1392 eumque
2014 1311 2213 1376 fuisse
2263 1311 2466 1375 filium

199 1415 435 1498 Sephor,
480 1437 604 1481 non
671 1417 874 1481 filium
940 1419 1122 1494 Beor,
1190 1417 1301 1481 sed
1367 1418 1568 1482 fuisse
1635 1419 1823 1482 etiam
1889 1419 1977 1482 ibi
2044 1422 2196 1483 tunc
2263 1418 2465 1481 filium

198 1522 342 1586 Beor
382 1524 666 1602 Balaam,
706 1543 825 1587 non
864 1524 1076 1599 Balac,
1120 1544 1304 1606 quem
1346 1526 1610 1589 Balaam
1650 1524 2032 1589 conduxerat
2067 1524 2237 1588 idem
2275 1525 2466 1588 Balac

126 1637 167 1675 ¹⁰
198 1629 265 1691 ad
308 1630 806 1695 maledicendum
855 1632 1162 1713 populum
1212 1631 1471 1696 Israhel.

277 1735 520 1803 CXXII.
602 1737 935 1817 Quomodo
998 1738 1276 1819 potuerit
1340 1757 1509 1802 mors
1575 1739 1754 1803 Isaac
1821 1738 2035 1803 decem
2094 1741 2158 1803 et
2223 1742 2466 1820 septem

199 1861 478 1907 annorum
515 1843 801 1908 inuenire
840 1843 1067 1927 Ioseph
1109 1844 1244 1908 eius
1284 1847 1601 1927 nepotem,
1645 1845 1813 1909 sicut
1849 1846 2104 1909 uidetur
2142 1848 2466 1927 tamquam

198 1968 257 2011 er
300 1950 506 2014 ordine
555 1951 872 2033 scriptura
917 1970 1187 2029 narrare,
1238 1970 1638 2034 quocumque
1688 1971 1754 2015 se
1805 1953 2070 2034 quisque
2120 1954 2467 2029 conuertat,

196 2054 454 2121 inuenire
522 2058 785 2122 difficile
852 2062 967 2122 est.
1035 2059 1179 2122 nolo
1229 2059 1391 2122 enim
1461 2059 1668 2123 dicere
1735 2079 1856 2123 non
1921 2078 2109 2140 posse
2174 2058 2466 2135 inueniri,

127 2171 166 2208 15
196 2180 263 2224 ne
296 2163 448 2226 forte
488 2184 590 2228 me
630 2164 840 2247 fugiat
876 2164 1046 2246 quod
1087 2165 1280 2227 alium
1322 2184 1443 2228 non
1482 2165 1672 2248 fugit.
1715 2165 1769 2228 si
1810 2165 1977 2229 enim
2015 2168 2163 2248 post
2200 2167 2469 2229 mortem

198 2268 286 2331 aui
331 2271 427 2333 sui
473 2271 662 2335 Isaac
710 2271 929 2335 decem
978 2274 1042 2334 et
1091 2275 1336 2352 septem
1386 2290 1690 2335 annorum
1738 2272 1862 2335 fuit
1907 2272 2161 2354 Ioseph,
2221 2271 2468 2353 quando

198 2394 325 2438 eum
370 2378 597 2441 fratres
647 2377 712 2440 in
760 2378 1126 2461 Aegyptum
1175 2377 1616 2451 uendiderunt,
1664 2379 1884 2460 procul
1933 2378 2125 2442 dubio
2175 2381 2241 2441 et
2293 2382 2472 2459 pater

199 2482 318 2546 eius
381 2483 571 2550 Iacob
654 2484 926 2566 septimo
1003 2484 1247 2549 decimo
1324 2505 1482 2549 anno
1561 2484 1676 2549 filii
1755 2484 1853 2549 sui
1922 2485 2144 2568 Ioseph
2215 2487 2469 2550 centum

196 2589 407 2672 uiginti
455 2610 768 2655 annorum
816 2591 958 2657 fuit.
1009 2591 1229 2675 genuit
1278 2592 1442 2655 enim
1493 2611 1601 2656 eos
1640 2592 1840 2669 Isaac,
1883 2612 2028 2656 cum
2077 2593 2249 2655 esset
2286 2610 2470 2654 anno-

125 2709 319 2760 211rum
366 2698 719 2780 sexaginta,
788 2698 957 2762 sicut
1020 2699 1328 2780 scriptum
1396 2701 1515 2762 est.
1565 2699 1726 2763 uixit
1792 2718 1939 2782 ergo
2005 2700 2184 2762 Isaac
2250 2700 2473 2780 postea

197 2806 428 2866 centum
508 2804 766 2887 uiginti,
848 2805 998 2886 qnia
1075 2805 1422 2868 centesimo
1502 2804 1895 2887 octogesimo
1980 2808 2270 2868 mortuus
2351 2808 2468 2867 est.

197 2907 407 2974 idcirco
457 2909 711 2974 dimisit
755 2910 920 2975 filios
970 2915 1226 2975 centum
1275 2911 1507 2995 uiginti
1556 2931 1748 2976 annos
1796 2911 2101 2975 habentes
2142 2914 2205 2975 et
2242 2910 2469 2992 Ioseph

198 3012 393 3079 decem
441 3020 507 3080 et
564 3020 833 3099 septem.
904 3018 1131 3098 Ioseph
1199 3021 1414 3081 autem
1479 3018 1777 3099 quoniam
1841 3017 2103 3101 triginta
2168 3036 2472 3080 annorum

196 3121 322 3199 fuit,
386 3123 642 3204 quando
721 3123 1011 3204 adparuit
1075 3124 1138 3187 in
1210 3127 1556 3206 conspectu
1620 3123 1987 3199 Pharaonis,
2056 3124 2259 3188 secuti
2325 3128 2476 3187 sunt

127 3230 388 3292 sautem
438 3233 689 3311 septem
755 3229 898 3293 anni
963 3230 1275 3294 ubertatis
1342 3235 1407 3294 et
1454 3231 1578 3295 duo
1645 3231 1853 3308 famis,
1922 3230 2118 3295 donec
2184 3230 2261 3293 ad
2328 3249 2472 3293 eum

195 3338 355 3414 pater
428 3355 578 3400 cum
656 3336 956 3400 fratribus
1035 3337 1231 3412 uenit,
1307 3337 1571 3420 triginta
1633 3355 1864 3401 nouem
1930 3337 2209 3419 profecto
2280 3354 2473 3400 annos

196 3441 405 3523 agebat
477 3442 737 3524 Ioseph,
818 3444 1066 3524 quando
1141 3443 1330 3507 Iacob
1398 3443 1662 3508 intrauit
1735 3444 1800 3507 in
1866 3445 2251 3528 Aegyptum.
2319 3447 2473 3507 tunc

356 3634 389 3686 6
427 3635 492 3689 cf.
531 3633 699 3689 Num.
740 3636 827 3698 22,
866 3635 1005 3689 2-6
1173 3637 1236 3689 11
1289 3634 1353 3689 cf.
1398 3635 1529 3699 Gen,
1569 3636 1655 3698 35,
1696 3635 1764 3688 29
1912 3636 1979 3689 12
2029 3634 2097 3688 cf.
2140 3633 2272 3688 Gen.
2315 3635 2400 3696 37,
2442 3637 2474 3688 2

203 3719 259 3771 19
294 3723 354 3776 cf.
393 3724 527 3778 Gen.
569 3725 662 3786 25,
701 3725 771 3778 26
889 3725 953 3777 21
997 3724 1065 3778 cf.
1105 3723 1238 3778 Gen.
1279 3726 1365 3786 35,
1404 3727 1473 3779 28
1593 3725 1663 3777 24
1703 3724 1770 3777 cf.
1812 3723 1942 3777 Gen.
1982 3725 2070 3788 41,
2108 3726 2178 3778 46
2300 3723 2367 3776 27
2407 3723 2472 3778 cf.

201 3807 320 3865 Gen.
354 3813 438 3876 47,
479 3814 513 3866 9

262 3936 287 3986 1
313 3936 513 3989 nathan
538 3935 779 3990 1³5¹de
871 3936 904 3989 2
931 3939 1315 3990 commemorat
1342 3934 1479 3988 P¹T
1581 3935 1932 3989 nominantur
1968 3936 2049 3989 Vb
2135 3936 2166 3988 3
2195 3936 2279 3989 hic
2310 3951 2411 3989 om.
2444 3937 2474 3990 b

200 4021 229 4072 5
260 4021 481 4078 hominis
527 4023 815 4078 C¹PV¹T²
968 4025 1001 4077 6
1036 4024 1230 4088 balaac
1272 4024 1321 4094 0
1351 4023 1545 4077 balach
1587 4024 1618 4076 b
1835 4024 2047 4078 resistit
2095 4025 2146 4076 V
2286 4025 2315 4077 7
2356 4024 2474 4077 idu-

202 4125 359 4165 meum
404 4113 511 4166 CN
546 4113 842 4183 ydumeum
887 4112 937 4165 Τ
1068 4113 1103 4168 8
1141 4111 1302 4167 seffor
1345 4111 1616 4166 CPNVT
1745 4114 1777 4166 9
1816 4112 1996 4165 balam
2036 4113 2159 4180 (bis)
2208 4111 2480 4165 CPNVT

205 4199 260 4250 17
295 4209 523 4272 aegypto
552 4201 759 4255 PVTb
873 4201 939 4255 18
978 4200 1185 4255 decimo
1223 4201 1455 4269 septimo
1487 4200 1517 4253 b
1633 4201 1698 4253 19
1737 4201 1879 4254 enim
1917 4202 2032 4269 eos]
2075 4217 2195 4254 eum
2234 4205 2415 4253 autem
2443 4201 2474 4253 b

205 4287 259 4339 21
296 4290 491 4358 uiginti
529 4290 689 4344 annis
729 4288 808 4344 Sb
988 4289 1521 4360 quia—octogesimo
1561 4305 1662 4343 om.
1701 4288 1768 4341 N
1942 4292 2153 4343 centurn
2195 4289 2478 4357 octoginta

208 4374 387 4430 CPST
488 4380 555 4432 27
596 4377 830 4431 intrauit
862 4375 1018 4431 iacob
1066 4376 1117 4429 T
