3076 4976
502 544 630 608 526
1209 539 1259 592 S.
1318 538 1594 593 Aureli
1649 540 2089 610 Augustini

502 736 771 801 culum
819 735 1031 800 eius:
1082 754 1273 818 opera
1316 734 1590 800 inutilia.
1637 736 1765 799 iam
1812 754 1965 801 uero
2015 734 2090 800 de
2136 735 2389 800 Iudaeis
2438 738 2503 799 et
2541 735 2802 802 domino

501 844 758 910 uidetur
830 843 1059 908 dicere.
1140 843 1434 926 quodsi
1492 847 1571 908 et
1628 843 2116 908 suffulserit
2171 842 2482 907 domum
2542 860 2801 918 suam,

502 971 649 1016 non
725 949 1020 1015 stabit:
1098 952 1210 1013 aut
1284 948 1615 1030 scripturis
1693 949 1929 1014 sanctis
2008 953 2120 1014 aut
2184 968 2294 1031 spe
2359 947 2806 1032 promissionis

504 1057 739 1123 domini
780 1059 891 1120 aut
926 1075 1194 1141 regnum
1233 1055 1466 1138 ipsum.
1507 1058 1804 1121 etcum
1853 1054 2255 1138 coeperit,
2304 1073 2451 1119 non
2500 1072 2805 1138 perma-

505 1163 764 1229 nebit:
829 1162 1010 1246 sequi
1077 1162 1298 1238 deum:
1367 1162 1535 1244 quod
1599 1162 1852 1226 Iudaeis
1918 1162 2150 1238 euenit,
2219 1163 2328 1243 qui
2394 1162 2603 1227 secuti
2679 1180 2803 1225 non
2870 1185 2903 1223 ⁵

506 1275 659 1336 sunt
711 1270 1104 1354 incipientes,
1162 1270 1543 1334 humidus
1612 1269 1815 1334 enim
1882 1274 2008 1335 est
2071 1274 2253 1334 ante
2319 1270 2606 1335 solem:
2675 1287 2808 1333 car·

506 1378 747 1443 nalium
803 1377 973 1441 fluxu
1029 1380 1500 1459 putrescentes:
1561 1381 1744 1440 ante
1802 1377 2054 1441 solem
2111 1396 2259 1441 uero
2321 1375 2439 1441 sub
2490 1375 2809 1439 tribulati-

509 1485 758 1561 onibus,
817 1485 891 1547 ut
946 1486 1129 1547 ante
1188 1483 1305 1548 sub
1374 1483 1712 1567 significet,
1762 1482 1932 1547 sicut
1976 1482 2280 1548 dicimus:
2341 1486 2484 1548 ante
2532 1502 2635 1547 me
2683 1482 2806 1547 fac.

509 1594 587 1657 et
652 1591 740 1655 de
806 1588 1243 1672 putredine
1309 1589 1486 1654 eius
1552 1607 1871 1673 germen
1940 1588 2110 1654 eius
2187 1588 2604 1660 ascendet:
2680 1589 2809 1652 nisi

509 1698 676 1763 enim
750 1696 845 1760 illi
919 1699 1052 1760 tam
1117 1696 1267 1759 mali
1335 1699 1569 1772 essent,
1637 1715 1758 1760 non
1822 1714 1934 1778 per
1997 1696 2359 1779 passionem
2427 1697 2812 1760 exaltaretur
2849 1721 2912 1761 ιο

512 1804 824 1880 dominus,
882 1803 988 1885 qui
1046 1803 1122 1867 de
1178 1802 1307 1866 illis
1364 1801 1715 1866 secundum
1774 1820 2026 1866 carnem
2083 1805 2268 1867 natus
2330 1806 2449 1867 est.
2508 1802 2586 1866 in
2637 1820 2811 1866 con-

514 1909 1148 1996 gregationibus
1222 1907 1585 1991 lapidum
1651 1908 1980 1983 dormit:
2048 1909 2317 1973 maiores
2386 1909 2549 1973 enim
2618 1909 2809 1972 illum

514 2016 904 2101 crucifigent.
955 2019 1033 2080 et
1080 2016 1154 2080 in
1203 2015 1463 2079 medio
1502 2015 1979 2097 lapillorum
2018 2015 2284 2080 uiuet:
2324 2015 2687 2094 humilium,
2730 2016 2811 2081 de

515 2124 745 2208 quibus
776 2124 1033 2187 fuerunt
1061 2120 1355 2206 apostoli.
1390 2122 1457 2185 si
1487 2122 2045 2205 deglutietur,
2085 2123 2318 2187 loeus
2356 2124 2815 2188 mentietur

515 2250 719 2296 eum:
769 2231 826 2295 si
872 2229 1272 2294 absconderit
1318 2228 1487 2311 quod
1533 2227 1707 2292 filius
1756 2228 1858 2293 dei
1906 2229 2010 2306 sit,
2061 2228 2307 2293 dicetur
2354 2229 2502 2312 quia
2549 2249 2671 2294 non
2712 2234 2813 2295 est
2853 2253 2916 2291 ιε»

515 2337 685 2402 filius
744 2336 863 2400 dei.
922 2355 1083 2419 opus
1142 2338 1243 2400 est
1295 2353 1442 2419 ergo
1500 2338 1576 2398 ut
1627 2334 1765 2416 ipse
1823 2353 1964 2398 sese
2019 2334 2288 2410 indicet:
2346 2335 2409 2399 in
2465 2336 2586 2400 hoc
2643 2336 2814 2400 enim

515 2446 655 2510 loco
687 2462 808 2509 non
846 2445 1120 2525 possunt
1156 2441 1372 2507 diuina
1410 2442 1731 2525 cognosci.
1773 2442 1861 2507 de
1899 2445 2116 2507 terra
2157 2445 2420 2507 autem
2462 2443 2816 2507 alterum

516 2549 1044 2635 germinabit:
1111 2548 1219 2613 uel
1286 2548 1581 2614 dominus
1646 2548 2031 2634 resurgendo
2099 2551 2205 2614 uel
2272 2550 2542 2614 alterum
2608 2569 2816 2634 genus

517 2659 788 2741 piorum,
820 2656 884 2720 id
918 2660 1015 2720 est
1046 2656 1554 2722 christianorum.
1595 2655 1963 2720 dominus
2004 2657 2209 2720 enim
2247 2674 2392 2720 non
2432 2656 2819 2738 probabit

518 2767 1054 2830 innocentem.
1124 2782 1198 2825 an
1263 2782 1386 2827 non
1451 2762 1864 2846 reprobabit?
1933 2763 2037 2827 uel
2100 2762 2296 2826 illud:
2363 2761 2612 2844 inpium
2689 2782 2814 2827 non
2853 2788 2919 2828 ιο

519 2871 809 2955 probabit
860 2869 1311 2933 innocentem?
1370 2888 1510 2933 nec
1565 2869 1825 2934 ullum
1872 2888 2190 2933 munus:
2239 2869 2305 2933 id
2353 2872 2453 2933 est
2499 2869 2818 2933 sacrificia

522 2996 682 3060 quae
750 2974 1069 3040 habebant
1141 2974 1378 3038 Iudaei.
1441 2975 1858 3040 ueracium
1944 2980 2209 3039 autem
2297 2994 2375 3040 os
2452 2976 2820 3057 inplebit

517 3083 725 3147 risu:
768 3081 1222 3147 confitentium.
1264 3084 1340 3145 et
1384 3081 2008 3146 tabernaculum
2056 3081 2264 3164 inpii
2307 3100 2460 3147 -non
2512 3101 2815 3165 perma-

521 3190 781 3253 nebit:
833 3188 936 3251 uel
983 3187 1196 3270 ipsum
1243 3188 1554 3270 templum
1604 3189 1710 3252 uel
1757 3208 2041 3272 regnum.

612 3295 818 3361 VIIII.
874 3294 1084 3357 Verba
1137 3294 1271 3360 Iob.
1331 3314 1517 3359 uere
1576 3295 1746 3359 scio
1808 3295 2002 3376 quia
2046 3294 2158 3359 ita
2207 3298 2360 3359 est:
2408 3295 2475 3360 id
2523 3300 2624 3360 est
2671 3296 2823 3378 quia
2859 3323 2924 3363 25

526 3401 875 3466 secundum
921 3400 1293 3482 iniquitates
1342 3420 1515 3465 meas
1564 3401 1719 3465 haee
1766 3400 1928 3465 mihi
1973 3401 2289 3478 restituit:
2340 3402 2451 3467 sed
2487 3422 2608 3468 non
2651 3405 2828 3469 sicut-

702 3617 735 3670 2
771 3617 869 3671 Iob
909 3618 958 3681 8,
1002 3620 1066 3672 15
1174 3620 1209 3671 4
1244 3617 1340 3672 Iob
1379 3618 1430 3682 8,
1474 3619 1540 3672 15
1667 3621 1698 3673 6
1737 3618 1836 3672 Iob
1876 3620 1928 3682 8,
1970 3620 2034 3674 16
2163 3620 2196 3673 9
2234 3618 2332 3673 101)
2370 3621 2421 3683 8,
2464 3622 2529 3674 16
2644 3622 2705 3675 11
2751 3622 2822 3675 cf.

524 3707 678 3763 Rom.
718 3708 768 3769 9,
807 3709 840 3759 5
986 3706 1083 3761 Iob
1123 3706 1173 3770 8,
1216 3708 1277 3760 17
1394 3709 1457 3761 13
1495 3706 1593 3760 Iob
1634 3707 1684 3771 8,
1727 3708 1791 3761 17
1906 3710 1973 3762 14
2008 3708 2105 3761 101)
2146 3709 2197 3770 8,
2242 3708 2306 3761 18
2419 3711 2484 3762 17
2521 3707 2621 3763 Iob
2661 3710 2710 3772 8,
2757 3711 2826 3764 19

531 3796 594 3849 19
631 3795 727 3849 Iob
766 3795 819 3859 8,
855 3795 924 3849 20
1017 3797 1082 3848 21
1121 3795 1218 3849 Iob
1258 3796 1308 3860 8,
1346 3796 1418 3850 20
1508 3797 1578 3849 22
1616 3796 1712 3850 Iob
1751 3796 1802 3863 8,
1841 3798 1905 3851 21
1994 3798 2062 3851 23
2101 3796 2198 3850 Iob
2239 3798 2289 3861 8,
2331 3798 2398 3851 22
2483 3798 2551 3851 25
2581 3798 2679 3851 Ιο1)
2709 3799 2762 3861 9,
2792 3800 2827 3852 2

598 3919 631 3972 2
678 3918 871 3987 quodsi
918 3921 995 3987 et}
1043 3917 1187 3987 quod
1235 3922 1291 3972 et
1338 3919 1385 3972 si
1423 3917 1619 3973 GHier
1835 3925 1890 3974 et
1935 3936 2036 3974 om.
2083 3920 2130 3975 Ο
2306 3923 2339 3974 6
2377 3924 2463 3974 est
2501 3922 2640 3975 enim
2680 3921 2831 3976 Hier

530 4010 561 4062 7
600 4010 911 4077 putrescens
959 4008 1041 4061 Tb
1255 4008 1406 4077 uero]
1456 4024 1565 4061 non
1608 4007 1656 4061 C
1830 4010 1862 4062 8
1899 4010 2007 4078 me]
2057 4013 2232 4063 metus
2272 4009 2311 4062 cl
2492 4010 2552 4062 11
2596 4009 2728 4063 deus
2775 4011 2831 4065 G-

534 4098 597 4151 13
635 4097 778 4149 uiuit
816 4095 861 4150 S
931 4099 997 4149 14
1035 4095 1354 4165 deglutierit
1387 4095 1531 4151 Hier
1566 4101 1622 4150 te
1660 4097 1934 4167 gluttierit
1962 4097 2009 4152 S
2081 4100 2145 4153 15
2183 4097 2382 4151 dicitur
2422 4097 2475 4151 G
2552 4099 2616 4151 17
2658 4100 2828 4153 alter-

530 4190 709 4239 utrum
747 4185 891 4239 Hier
1000 4186 1065 4239 18
1103 4186 1430 4255 germinauit
1471 4184 1717 4240 GTPCb
1756 4186 2151 4257 degerminauit
2187 4186 2236 4240 S
2371 4186 2461 4240 uel
2500 4187 2597 4240 alt.
2635 4203 2740 4241 om.
2787 4187 2840 4241 G

535 4277 599 4329 19
639 4280 712 4339 (et
747 4274 837 4343 21)
874 4274 1128 4344 probauit
1172 4274 1351 4327 TPCb
1495 4276 1565 4328 20
1604 4275 1915 4345 reprobauit
1960 4275 2146 4329 TPCb
2299 4274 2369 4327 22
2406 4274 2594 4329 Iudaei
2632 4292 2733 4331 om.
2776 4277 2836 4329 P

533 4368 710 4417 autem
749 4379 850 4419 om.
894 4363 945 4415 G
1111 4362 1362 4431 impleuit
1405 4363 1590 4416 TPCb
1628 4364 1923 4433 replenitur
1961 4363 2006 4418 S
2040 4363 2274 4433 replebit
2309 4361 2457 4417 Hier
2591 4364 2659 4417 23
2697 4379 2832 4417 con·

533 4452 757 4506 fitemini
802 4451 853 4505 G
996 4467 1103 4504 non
1141 4467 1243 4505 om.
1284 4451 1331 4506 S
1467 4453 1712 4506 manebit
1749 4451 1933 4507 SHier
2041 4454 2108 4507 25
2150 4453 2276 4522 quia
2302 4453 2408 4521 fin.
2448 4467 2548 4507 om.
2597 4451 2644 4506 0
