3076 4976
534 445 661 507 580
1238 444 1288 495 S.
1347 442 1621 494 Aureli
1677 441 2113 510 Augustini

534 656 739 700 onem
806 636 867 699 si
936 656 1149 718 quam
1216 636 1471 710 habeo,
1541 641 1613 698 et
1678 635 1742 699 si
1808 655 1943 698 non
2014 634 2313 717 disrupi
2379 653 2534 698 eam
2603 653 2821 716 super

532 743 883 808 humeros
959 762 1196 818 meos,
1274 746 1347 806 et
1422 746 1826 806 coronatus
1902 742 2206 825 publice
2282 742 2528 825 legam
2606 760 2823 822 super

532 850 882 915 humeros
938 868 1136 913 meos
1192 850 1490 912 leuans:
1542 852 1605 912 et
1652 852 1987 913 coronatus
2035 848 2289 931 publice
2335 848 2569 931 legam,
2617 847 2685 911 id
2732 854 2825 911 est

532 956 838 1020 aduersus
904 956 1130 1020 faciem
1195 976 1398 1019 meam
1486 959 1823 1019 statuam
1889 959 1960 1018 te
2027 958 2197 1018 ante
2263 955 2535 1018 faciem
2603 957 2823 1028 tuam,

533 1063 684 1144 quia
755 1062 971 1145 populi
1051 1081 1279 1126 corona
1355 1061 1735 1140 confundar,
1820 1062 1969 1144 quia
2051 1081 2172 1125 non
2255 1060 2376 1125 feci
2458 1060 2823 1124 mandatum
2879 1083 2900 1122 5

533 1169 792 1243 domini,
862 1169 1030 1251 quod
1098 1188 1196 1232 me
1263 1169 1493 1232 fecisse
1559 1169 1685 1231 iam
1754 1168 2048 1246 dixeram,
2115 1168 2401 1252 negando
2467 1167 2670 1250 primo
2728 1187 2826 1230 me

531 1275 757 1339 habere
808 1275 1356 1357 conscriptionem,
1417 1294 1575 1356 quae
1630 1279 1852 1357 postea
1908 1275 2066 1338 mihi
2125 1274 2419 1340 obicitur.
2478 1275 2543 1338 si
2599 1293 2827 1355 super

530 1401 637 1446 me
713 1402 1056 1463 umquam
1130 1386 1330 1445 terra
1404 1382 1722 1465 gemuit:
1801 1381 2192 1463 stipendiarii
2261 1381 2587 1455 ecclesiae,
2657 1380 2827 1461 quod

529 1488 736 1552 malus
822 1508 984 1552 sum.
1071 1493 1198 1552 aut
1272 1487 1471 1551 sulci
1550 1487 1716 1550 eius
1790 1488 2287 1569 plorauerunt
2362 1487 2623 1551 simul:
2702 1505 2824 1568 quo

532 1595 774 1659 semina
837 1594 1230 1676 recipiuntur
1296 1596 1360 1656 et
1424 1593 1589 1657 unde
1655 1594 1900 1657 fructus
1969 1593 2229 1668 dantur3
2290 1593 2439 1674 quia
2495 1597 2558 1656 et
2612 1594 2823 1656 malus
2861 1616 2904 1652 ιο

529 1721 672 1765 sum
741 1705 804 1764 et
867 1700 1033 1764 mala
1102 1700 1340 1763 semina
1406 1700 1816 1774 seminabam,
1883 1700 2026 1764 ideo
2096 1700 2351 1764 simul.
2421 1704 2548 1763 aut
2614 1701 2678 1764 si
2758 1707 2823 1764 et

530 1807 902 1871 uirtutem
943 1807 1104 1870 eius
1136 1807 1423 1870 comedi
1459 1808 1669 1870 solus
1702 1808 1858 1870 sine
1890 1808 2167 1890 pretio:
2200 1807 2338 1889 ipsa
2367 1806 2824 1880 misericordia,

528 1933 652 1995 qua
706 1913 1043 1995 participat
1101 1914 1517 1977 catechizanti
1576 1914 1685 1995 qui
1743 1915 2203 1989 catechizatum
2261 1915 2380 1978 hoc
2431 1916 2530 1977 est
2576 1913 2822 1986 solu8‚

529 2042 648 2085 non
687 2020 1040 2083 retribuens
1081 2019 1137 2082 ei
1187 2020 1293 2101 qui
1344 2019 1537 2084 daret.
1589 2023 1716 2083 aut
1763 2021 1822 2083 si
1875 2019 2192 2084 animam
2241 2019 2525 2084 domini
2572 2025 2822 2084 terrae

532 2127 920 2210 decipiens
981 2128 1472 2191 contristaui:
1532 2147 1654 2190 non
1712 2147 1813 2190 me
1873 2128 2135 2212 dignum
2194 2126 2491 2191 exhibens
2539 2126 2823 2209 passioni
2862 2142 2903 2180 ιε

531 2234 669 2298 eius
701 2235 808 2317 qui
839 2253 950 2315 pro
980 2253 1081 2297 me
1114 2233 1384 2297 animam
1416 2233 1602 2298 fudit.
1635 2234 1880 2298 nolite
1922 2234 2423 2298 constristare
2464 2233 2820 2315 spiritum

530 2345 871 2405 sanctum
931 2341 993 2403 in
1044 2358 1180 2404 uos,
1228 2359 1360 2421 pro
1410 2341 1676 2404 tritico
1727 2340 2102 2424 germinet
2146 2340 2332 2404 mihi
2379 2339 2661 2404 urtica:
2711 2359 2820 2421 pro

527 2447 925 2531 spiritalibus
984 2447 1350 2512 doctoribus
1407 2447 1700 2531 magistri
1756 2447 2174 2530 prurientium
2233 2446 2457 2511 auditu
2512 2466 2625 2529 per
2682 2465 2822 2510 con-

526 2553 888 2618 fricationes
938 2554 1267 2617 hominum
1315 2558 1525 2617 mente
1576 2557 2015 2636 corruptorum
2066 2558 2131 2618 et
2176 2574 2212 2617 a
2250 2555 2518 2618 ueritate
2559 2554 2823 2617 destitu—

525 2664 760 2725 torum.
821 2664 894 2723 et
949 2680 1076 2741 pro
1135 2661 1409 2725 hordeo
1470 2660 1716 2742 spina:
1768 2681 1877 2743 pro
1927 2660 2286 2724 carnalibus
2336 2660 2819 2725 oboedientibus
2853 2676 2898 2718 20

527 2769 893 2849 peccatores
934 2771 997 2829 et
1033 2766 1426 2829 resistentes.
1478 2772 1638 2831 erat
1686 2767 1876 2830 enim
1923 2767 2053 2831 lob
2101 2767 2174 2830 in
2226 2771 2643 2849 conspectu
2692 2785 2817 2829 suo

529 2873 818 2936 iustus:
869 2871 931 2934 in
983 2873 1368 2936 conscientia
1419 2893 1553 2937 sua.

618 2977 879 3040 XXXII.
915 2977 1118 3041 Verba
1149 2978 1294 3041 Eliu
1333 2980 1602 3043 BuzitiS.
1646 2979 1826 3044 deus
1868 2980 2153 3044 abiecit
2192 3000 2352 3044 eum
2393 2983 2467 3044 et
2504 3000 2645 3044 non
2685 2979 2818 3042 uir:

529 3087 603 3147 ut
631 3085 792 3148 hanc
827 3084 1032 3148 dicam
1064 3103 1342 3162 causam,
1387 3105 1496 3149 cur
1534 3087 1867 3151 tacuerint.
1911 3091 1983 3151 et
2022 3087 2495 3151 sermonibus
2536 3085 2820 3151 uestris

526 3209 666 3254 non
726 3190 1186 3272 respondebo
1247 3192 1338 3255 ei:
1399 3211 1517 3275 ego
1577 3192 1746 3255 enim
1803 3193 1960 3256 talia
2006 3194 2233 3271 dicam,
2282 3196 2358 3257 ut
2403 3193 2560 3257 mihi
2610 3212 2816 3276 quem·
2850 3206 2894 3244 2⁵

709 3436 733 3488 1
776 3435 872 3488 Iob
913 3436 1001 3494 31,
1041 3435 1126 3488 37.
1168 3435 1236 3487 36
1383 3437 1415 3487 4
1452 3435 1542 3488 Ps.
1583 3437 1669 3497 49,
1710 3436 1773 3489 21
1909 3438 1938 3489 7
1980 3437 2075 3489 Iob
2118 3437 2205 3500 31,
2246 3437 2314 3489 38
2422 3437 2455 3489 9
2495 3436 2593 3489 Iob
2636 3436 2721 3499 31,
2758 3436 2821 3490 38

525 3525 592 3577 11
633 3523 732 3576 Iob
771 3524 856 3585 31,
897 3524 964 3576 39
1079 3524 1142 3576 13
1183 3523 1249 3575 cf.
1291 3522 1407 3577 Gal.
1447 3526 1496 3587 6,
1537 3524 1571 3577 6
1683 3525 1748 3577 14
1785 3523 1882 3578 Iob
1923 3526 2008 3585 31,
2049 3526 2117 3578 39
2231 3528 2295 3578 16
2335 3524 2402 3579 cf.
2442 3526 2639 3595 Ephes.
2678 3527 2729 3589 4,
2759 3526 2823 3579 30

530 3614 596 3665 17
636 3611 732 3664 Iob
773 3612 860 3673 31,
899 3611 968 3664 40
1153 3610 1217 3663 cf.
1259 3610 1284 3663 I
1322 3611 1458 3664 Tim.
1500 3613 1550 3673 6,
1591 3614 1623 3665 5
1803 3613 1873 3665 20
1910 3612 2006 3666 Iob
2048 3615 2133 3675 31,
2172 3614 2243 3666 40
2424 3614 2488 3667 21
2531 3614 2629 3667 Iob
2670 3616 2756 3670 32.
2797 3616 2816 3666 l

525 3701 597 3754 23
634 3699 731 3752 Iob
772 3701 861 3764 32,
903 3700 969 3752 14
1077 3699 1147 3752 24
1183 3699 1280 3752 Iob
1320 3700 1408 3763 32,
1450 3702 1516 3754 15

605 3824 629 3876 1
674 3826 730 3875 et
766 3838 866 3875 om.
914 3821 960 3875 C
1137 3820 1342 3890 dirupit
1379 3821 1433 3874 P
1468 3821 1648 3891 dirupi
1686 3822 1717 3875 b
1855 3823 1887 3875 2
1927 3823 2140 3892 publice.
2178 3840 2281 3877 om.
2319 3824 2449 3878 Pbd
2625 3825 2820 3895 legam]

528 3912 718 3965 leuans
766 3910 897 3963 TPb
1080 3910 1490 3981 super--legam
1528 3927 1630 3964 om.
1677 3911 1723 3965 C
1863 3913 1895 3966 3
1932 3913 2122 3966 leuans
2161 3930 2263 3967 om.
2302 3914 2387 3967 Pb
2533 3916 2567 3969 6
2604 3932 2744 3983 nego
2786 3913 2830 3967 C

531 4002 564 4053 ‘l
591 3998 726 4052 mihi
753 4002 946 4067 postea
977 3998 1098 4052 de
1205 4000 1238 4053 8
1267 4000 1457 4068 genuit
1494 3998 1538 4053 G
1680 4001 1997 4069 stipendiari
2037 4002 2135 4055 TC
2160 4001 2479 4071 stipendarii
2504 4002 2535 4055 b
2639 4004 2764 4074 quia
2786 4002 2829 4055 C

535 4090 600 4142 10
640 4087 784 4157 quia]
827 4104 933 4155 qua
962 4088 1016 4140 P
1126 4089 1189 4141 14
1222 4089 1350 4156 quid
1388 4088 1434 4140 C
1544 4089 1608 4143 15
1649 4088 1940 4157 dispiciens
1970 4089 2016 4144 S
2158 4090 2375 4144 exibens
2413 4092 2514 4144 ΤΡ
2615 4093 2681 4146 16
2708 4109 2823 4146 con-

532 4177 741 4230 tristari
781 4176 812 4229 b
891 4178 952 4229 17
992 4177 1199 4246 tritico]
1243 4178 1429 4230 critico
1460 4178 1513 4230 P
1620 4179 1798 4246 ortiga
1828 4178 1875 4232 S
1949 4180 2010 4232 19
2051 4178 2316 4233 destituto
2356 4180 2387 4232 b
2462 4182 2530 4234 23
2567 4181 2718 4235 heliu
2751 4180 2824 4234 Tb

533 4264 721 4319 heliud
759 4266 813 4318 P
953 4266 1153 4318 buticis
1199 4268 1243 4318 C
1386 4265 1587 4319 adiecit
1631 4266 1816 4320 CHier
1923 4268 1993 4320 24
2030 4272 2319 4322 tacuerunt
2358 4269 2390 4322 b
2536 4270 2594 4322 iu
2632 4287 2824 4324 sermo·

536 4353 695 4406 nibus
734 4353 921 4407 SHier
