3076 4976
651 482 1127 549 Quaestionum
1170 483 1281 540 lib.
1320 483 1422 536 VII
1461 482 1748 548 (Quaest.
1789 482 1862 535 de
1901 481 2291 547 Iudicibus).
2476 485 2605 546 485

316 698 515 764 genus
563 699 675 761 pro
743 678 1031 759 quolibet
1077 697 1225 742 sexu
1291 696 1550 759 ponere:
1621 678 1791 741 sicut
1837 678 1913 741 de
1978 678 2295 742 Abraham
2366 678 2604 742 dictum

315 792 444 851 est:
494 805 838 869 surgens
888 804 922 848 a
971 788 1307 860 mortu0,
1359 804 1503 848 cum
1554 785 1690 849 eius
1739 804 1893 848 uxor
1938 788 2188 850 mortua
2235 785 2485 850 fuisset.

405 892 569 970 Quia
617 911 763 976 ergo
815 891 892 955 de
940 893 1058 955 hoc
1107 894 1258 957 uoto
1309 895 1498 972 atque
1548 894 1714 955 iacto
1777 892 1934 955 nihil
1983 892 2239 955 uidetur
2295 892 2609 974 scriptura

311 1001 652 1077 iudicasse,
721 998 892 1063 sicut
947 998 1022 1062 de
1078 998 1416 1073 Abraham,
1487 998 1737 1080 quando
1793 998 1996 1062 filium
2063 1000 2281 1063 iussus
2350 999 2606 1074 obtulit,

247 1131 272 1169 5
313 1107 709 1189 apertissime
781 1104 1114 1178 iudicauit,
1191 1105 1302 1168 sed
1366 1106 1808 1169 tantummodo
1888 1107 2196 1188 scriptum
2265 1104 2605 1187 reliquisse

310 1213 673 1298 legentibus
746 1211 1176 1289 iudicandum,
1246 1212 1780 1293 quemadmodum
1850 1213 1924 1276 de
1990 1214 2159 1277 facto
2230 1212 2421 1276 Iudae
2490 1211 2605 1274 filii

313 1321 521 1398 Iacob,
554 1319 799 1402 quando
831 1319 910 1381 ad
939 1339 1168 1382 nurum
1207 1318 1463 1399 quidem
1505 1338 1687 1382 suam
1726 1320 2013 1383 nesciens
2053 1320 2338 1394 intrauit,
2381 1339 2604 1384 uerum

313 1430 618 1509 quantum
657 1427 716 1488 in
758 1426 896 1508 ipso
936 1425 1141 1489 fuerat
1180 1425 1523 1489 fornicatus
1566 1430 1682 1502 est,
1728 1427 1876 1507 quia
1907 1426 2300 1491 meretricem
2332 1427 2603 1508 putauit,

310 1552 515 1614 neque
563 1532 940 1613 adprobauit
984 1532 1104 1595 hoc
1154 1532 1467 1613 scriptura
1512 1552 1717 1614 neque
1764 1534 2150 1616 reprobauit,
2201 1533 2312 1597 sed
2356 1533 2607 1597 iustitia

221 1663 272 1700 ιο
313 1643 377 1703 et
423 1640 520 1702 dei
567 1640 710 1723 lege
751 1640 1045 1704 consulta
1082 1639 1543 1703 aestimandum
1583 1642 2105 1722 pensandumque
2144 1640 2417 1705 dimisit:
2460 1641 2610 1722 quia

311 1765 459 1830 ergo
537 1745 612 1808 de
687 1746 812 1810 isto
890 1745 1112 1826 Iephte
1185 1745 1350 1810 facto
1425 1746 1488 1808 in
1558 1749 1847 1810 neutram
1913 1751 2152 1829 partem
2224 1746 2604 1811 sententiam

313 1854 625 1934 scriptura
673 1853 772 1916 dei
821 1853 1108 1934 protulit,
1159 1855 1232 1916 ut
1276 1857 1492 1917 noster
1536 1854 1902 1917 intellectus
1951 1856 2012 1917 in
2049 1854 2388 1919 iudicando
2441 1873 2606 1917 exer·

311 1965 575 2034 ceretur,
624 1979 959 2041 possemus
1017 1959 1141 2022 iam
1193 1959 1398 2023 dicere
1449 1959 1564 2023 deo
1625 1959 2032 2042 displicuisse
2081 1960 2209 2023 tale
2265 1963 2492 2024 uotum
2542 1963 2608 2023 et

309 2064 388 2128 ad
433 2045 1033 2146 illamperductum
1085 2083 1224 2128 esse
1273 2064 1642 2141 uindictam,
1697 2070 1768 2128 ut
1814 2066 1978 2146 patri
2026 2064 2433 2146 potissimum
2470 2064 2602 2128 filia

212 2195 267 2233 ιε,
310 2172 497 2234 unica
552 2174 909 2235 occurreret
953 2208 1039 2217 ——
1088 2171 1254 2252 quod
1306 2171 1361 2234 si
1410 2176 1730 2252 sperasset
1804 2174 1993 2252 atque
2071 2172 2403 2238 uoluisset,
2481 2190 2604 2234 non

313 2279 633 2356 continuo,
681 2282 755 2342 ut
802 2298 940 2342 eam
998 2278 1184 2356 uidit,
1244 2278 1543 2342 scidisset
1600 2278 1983 2342 uestimenta.
2029 2297 2145 2342 sua
2193 2280 2257 2340 et
2311 2277 2604 2343 dixisset:

311 2385 460 2448 heu
520 2404 656 2460 me,
715 2384 904 2449 filia
960 2404 1146 2460 mea,
1204 2385 1610 2466 inpedisti
1667 2404 1817 2460 me:
1865 2383 1941 2447 in
2005 2383 2603 2448 offendiculum

309 2492 530 2556 facta
578 2512 657 2556 es
706 2494 779 2556 in
831 2494 1096 2557 oculis
1144 2494 1341 2557 meis
1390 2531 1475 2539 —-
1524 2492 1746 2556 deinde
1794 2491 2119 2575 sexaginta
2166 2492 2406 2554 dierum
2472 2495 2601 2554 tam

312 2600 500 2683 longa
574 2599 873 2664 dilatione
950 2601 1097 2664 data
1170 2601 1337 2663 filiae
1413 2620 1566 2663 suae
1645 2599 1938 2663 dominus
2016 2618 2160 2663 eum
2230 2599 2305 2661 ab
2383 2597 2602 2660 unicae

210 2729 268 2766 2²0
312 2705 673 2769 carissimae
714 2725 863 2769 nece
903 2726 1047 2770 cum
1080 2725 1198 2770 non
1240 2707 1654 2789 prohibuerit,
1695 2706 1864 2770 sicut
1901 2706 2227 2787 prohibuit
2263 2705 2603 2780 Abraham,

313 2813 509 2877 donec
558 2812 935 2894 perficiendo
996 2813 1164 2894 quod
1224 2816 1488 2877 uouerat
1534 2832 1602 2876 se
1651 2811 1862 2895 ips'um
1918 2814 2280 2895 percuteret
2336 2810 2604 2875 orbitate

314 2919 715 3002 grauissima,
793 2920 983 2983 deum
1059 2925 1270 2984 autem
1349 2939 1744 3002 nequaquam
1821 2919 2094 2982 hominis
2172 2917 2605 2981 immolatione

312 3026 616 3108 placaret:
660 3030 724 3089 et
761 3026 902 3091 ideo
941 3027 1207 3090 huiusce
1246 3027 1417 3090 modi
1458 3027 1619 3108 patri
1661 3046 1924 3108 poenam
1964 3026 2165 3089 fuisse
2208 3024 2605 3100 retributam,

310 3150 390 3195 ne
436 3133 798 3213 inpunitum
848 3133 996 3197 talis
1046 3133 1180 3197 uoti
1226 3133 1689 3214 relinqueretur
1737 3134 2113 3213 exemplum,
2164 3134 2238 3194 ut
2284 3133 2395 3193 aut
2432 3148 2607 3211 mag-

206 3266 266 3303 25
310 3257 462 3302 num
512 3238 752 3319 aliquid
810 3257 876 3301 se
924 3257 1158 3303 uouere
1220 3238 1333 3302 deo
1391 3241 1686 3320 putarent
1741 3237 2048 3311 homines,
2108 3256 2249 3300 curn
2314 3235 2604 3297 uictimas

309 3346 620 3409 humanas
669 3348 978 3408 uouerent
1023 3349 1107 3421 et,
1157 3344 1324 3425 quod
1374 3348 1473 3408 est
1530 3343 1919 3418 horribiliuS,
1968 3343 2266 3415 filiorum,
2324 3344 2436 3405 aut
2482 3359 2601 3403 non

309 3470 481 3525 uera,
560 3451 669 3515 sed
745 3451 961 3533 potius
1033 3451 1333 3515 simulata
1407 3450 1624 3514 eadem
1693 3454 1844 3514 uota
1912 3454 2143 3525 essent,
2214 3469 2356 3513 cum
2423 3448 2607 3510 uelut

309 3558 593 3641 exemplo
642 3558 929 3621 Abrahae
973 3562 1300 3639 sperarent
1349 3559 1452 3639 qui
1504 3558 1841 3621 uouissent
1888 3558 2075 3620 deum
2132 3555 2602 3637 prohibiturum

308 3665 468 3730 talia
521 3668 674 3729 uota
742 3664 1045 3746 conpleri:
1103 3683 1460 3745 possemus,
1515 3665 1800 3745 inquam,
1861 3664 2013 3727 haec
2071 3663 2297 3740 dicere,
2356 3661 2478 3724 nisi
2526 3660 2605 3724 ab

493 3897 524 3949 2
566 3897 696 3951 Gen.
737 3897 824 3961 23,
864 3898 895 3950 3
1022 3898 1055 3949 8
1097 3897 1162 3952 cf.
1205 3897 1337 3951 Gen.
1377 3898 1463 3960 38,
1507 3897 1572 3951 15
1704 3898 1768 3950 17
1807 3896 1923 3951 Iud.
1969 3897 2049 3957 11,
2090 3896 2157 3949 35
2276 3894 2340 3947 18
2381 3894 2445 3947 cf.
2484 3892 2604 3946 Iud.

309 3987 401 4049 11,
440 3987 652 4040 36—39

385 4146 419 4196 6
476 4144 804 4214 degentibus
849 4144 899 4197 T
1039 4147 1073 4198 9
1127 4145 1341 4197 iustitia
1379 4143 1443 4196 N
1587 4144 1651 4197 10
1700 4143 1822 4212 lege
1863 4143 1948 4195 (lei
1988 4142 2061 4195 bd
2204 4142 2266 4195 11
2318 4142 2373 4194 in
2412 4156 2513 4194 om.
2555 4142 2609 4193 P

308 4233 381 4289 16
413 4232 634 4286 scidisse
666 4232 731 4286 Sl
819 4234 883 4286 17
914 4232 1436 4303 ἒμπεποδοστάτηκάς
1467 4247 1554 4303 μοι
1581 4232 1719 4301 Lay.
1807 4233 1873 4285 19
1899 4248 2016 4283 eum
2048 4247 2150 4284 om.
2179 4228 2298 4284 de
2384 4230 2454 4282 20
2484 4246 2602 4283 cum

302 4340 416 4378 om.
457 4321 615 4376 PSV
790 4322 920 4391 non]
973 4338 1093 4376 eum
1142 4339 1247 4375 non
1303 4321 1427 4375 de
1568 4323 1632 4374 21
1693 4320 2019 4390 proficiendo
2069 4320 2121 4373 V
2294 4319 2528 4372 orbitare
2568 4318 2608 4371 d

302 4413 382 4467 23
421 4412 734 4464 lmscemodi
772 4411 844 4465 Ρι
956 4412 1026 4465 ‘24
1064 4411 1146 4479 ut]
1186 4428 1253 4464 ne
1303 4411 1351 4463 T
1453 4410 1522 4463 27
1564 4410 1786 4463 eandem
1823 4410 1884 4463 N
