3076 4976
182 1708 235 1747 10

177 2241 231 2280 15

159 3314 219 3352 25

898 529 1424 584 Adnotationum
1466 531 1525 583 in
1566 530 1682 583 Iob
1720 529 1894 582 liber
1928 530 1971 583 I.
2442 534 2571 597 549

280 744 579 789 seruum
645 745 884 790 meum
949 725 1250 802 uocaui,
1318 729 1392 788 et
1454 744 1594 789 non
1659 725 2096 806 respondit:
2164 729 2275 789 aut
2340 745 2570 808 corpus

280 836 391 896 aut
431 851 536 896 eos
579 832 688 913 qui
726 831 782 896 ei
823 831 899 896 ad
938 832 1107 896 mala
1145 832 1523 896 seruiebant.
1576 851 1654 895 os
1703 850 1940 895 meum
1993 832 2568 913 deprecabatur,

281 942 353 1001 et
390 938 742 1022 rogabam
782 957 1081 1002 uxorem
1111 957 1373 1002 meam:
1410 940 1734 1019 tamquam
1768 938 2017 1002 dicens:
2050 959 2280 1020 quare
2312 941 2570 1004 tristis

279 1064 390 1121 es,
442 1045 686 1108 anima
732 1049 936 1108 mea?
986 1048 1058 1109 et
1105 1065 1329 1126 quare
1380 1045 1798 1110 conturbas
1847 1049 2002 1109 me?
2050 1046 2115 1110 id
2164 1050 2263 1110 est
2309 1048 2568 1129 cupiens

278 1155 353 1214 ut
399 1151 456 1214 ei
505 1151 875 1216 consentiat.
924 1150 1367 1215 inuocabam
1416 1149 1815 1214 blandiens
1863 1151 2078 1216 filios
2136 1153 2336 1216 uteri
2393 1154 2567 1218 mei:

277 1277 439 1340 quos
533 1261 836 1341 genuerat
923 1257 1309 1340 persuadens
1403 1258 1494 1321 eis
1590 1277 1769 1341 spem
1862 1259 2123 1323 saeculi.
2219 1262 2292 1324 et
2383 1277 2567 1342 quos

278 1363 713 1438 dilexeram,
774 1367 1409 1428 consurrexerunt
1463 1365 1534 1428 in
1593 1384 1735 1429 me:
1795 1365 1855 1428 in
1912 1365 2024 1429 illa
2070 1366 2224 1430 uita.
2274 1366 2345 1430 in
2395 1370 2566 1430 cute

277 1475 911 1553 computruerunt
949 1490 1208 1535 carnes
1246 1491 1480 1536 meae:
1514 1492 1724 1536 amore
1754 1492 1993 1549 eorum,
2027 1492 2185 1554 quae
2216 1473 2568 1537 forinsecus

276 1579 657 1656 sentiuntur,
707 1583 1228 1661 computruerunt
1271 1578 1574 1643 interiora
1617 1598 1778 1642 mea.
1818 1599 1962 1643 nam
2002 1579 2225 1661 utique
2263 1580 2408 1643 leue
2448 1584 2565 1655 est,

276 1686 331 1750 si
397 1685 474 1748 ad
537 1685 820 1749 litteram
886 1685 1296 1768 accipiamuS,
1362 1689 1687 1767 tamquam
1755 1686 2033 1750 scabiem
2107 1686 2418 1753 habuerit.
2497 1690 2569 1749 et

276 1811 450 1856 ossa
513 1811 671 1855 mea
735 1792 805 1855 in
873 1792 1227 1856 dentibus
1292 1791 1478 1855 meis
1548 1794 1754 1856 sunt:
1813 1793 2077 1856 firmitas
2138 1796 2201 1856 et
2254 1792 2562 1857 fortitudo

273 1917 417 1962 mea
462 1898 524 1961 in
574 1898 786 1962 uerbis
836 1901 953 1974 est,
1004 1917 1123 1962 non
1170 1898 1234 1962 in
1284 1898 1491 1963 factis.
1541 1898 1992 1963 miseremini
2043 1899 2215 1977 mei,
2264 1899 2565 1963 misere-

276 2005 454 2068 mini
522 2005 696 2081 mei,
765 2025 800 2069 o
868 2005 1123 2070 amici:
1182 2007 1443 2088 angelos
1499 2006 1757 2069 uidetur
1811 2007 2153 2088 postulare,
2210 2009 2284 2070 ut
2329 2023 2441 2088 pro
2492 2024 2563 2069 eo

275 2111 710 2192 deprecentur,
743 2115 855 2175 aut
883 2116 1049 2176 certe
1090 2116 1364 2189 sanctos,
1406 2116 1479 2176 ut
1514 2132 1625 2196 pro
1666 2113 2025 2195 paenitente
2067 2116 2264 2177 orent.
2306 2132 2565 2177 manus

276 2218 468 2282 enim
546 2219 827 2282 domini
905 2223 1026 2283 est
1099 2237 1283 2301 quae
1358 2219 1627 2302 tetigit
1700 2239 1843 2283 me:
1918 2238 2107 2283 manu
2184 2219 2421 2283 domini
2497 2238 2564 2283 se

271 2329 519 2388 tactum
586 2325 759 2400 dicit,
829 2328 902 2390 ut
968 2325 1208 2391 doleret
1269 2326 1505 2390 uulnus
1574 2345 1784 2403 suum,
1843 2325 2011 2408 quod
2068 2325 2202 2390 sine
2259 2345 2447 2389 sensu
2507 2326 2563 2390 ei

270 2431 415 2496 fuit.
475 2450 700 2514 quare
757 2451 868 2497 me
925 2432 1473 2515 persequimini
1542 2434 1748 2500 sicut
1804 2436 1877 2497 et
1933 2432 2326 2498 dominus?
2393 2433 2562 2499 dete-

271 2539 526 2602 stamini
583 2542 647 2603 et
703 2540 971 2604 horretis
1030 2540 1197 2605 sicut
1255 2540 1582 2619 dominus;
1640 2542 1747 2606 uel
1804 2540 2177 2624 obiurgatiS,
2236 2560 2379 2604 cnm
2435 2541 2562 2604 iam

269 2646 588 2710 confitear.
638 2646 724 2711 de
773 2647 1122 2712 carnibus
1171 2647 1355 2712 meis
1404 2668 1542 2712 non
1594 2648 2022 2712 satiamini?
2071 2667 2192 2712 non
2243 2647 2556 2731 gaudetiS,

268 2752 323 2816 si
364 2752 696 2816 carnaliter
735 2754 971 2819 uiuam.
1013 2755 1191 2829 <in>
1230 2755 1411 2820 stilo
1451 2756 1694 2820 ferreo
1735 2759 1806 2819 et
1844 2756 2195 2837 plumbo?
2237 2758 2309 2819 ut
2348 2774 2562 2836 quem-

268 2858 612 2923 admodum
670 2860 838 2924 cedit
893 2861 1226 2943 plumbum
1284 2863 1433 2926 stilo
1485 2864 1703 2937 ferreo,
1754 2862 1844 2927 sic
1894 2862 2119 2926 cedant
2166 2861 2561 2926 sermonibus

264 2966 427 3030 meis
505 2967 692 3031 corda
762 2968 1113 3035 hominum.
1191 2973 1322 3033 aut
1396 2969 1465 3033 in
1555 2970 2080 3034 testimonium
2163 2969 2234 3032 in
2321 2968 2560 3051 petris

266 3073 759 3155 sculpantur?
807 3078 880 3137 ut
932 3074 1026 3139 illi
1085 3094 1157 3139 ea
1212 3076 1478 3152 discant,
1540 3077 1648 3160 qui
1704 3076 1870 3141 firmi
1920 3080 2068 3141 sunt
2114 3075 2192 3139 ad
2243 3074 2560 3158 euangeli-

265 3178 559 3242 zandum.
593 3181 752 3244 scio
785 3181 979 3245 enim
1011 3182 1186 3263 quia
1216 3186 1570 3247 aeternus
1612 3188 1727 3248 est
1765 3184 1890 3266 qui
1930 3202 2039 3247 me
2079 3183 2559 3246 resoluturus

268 3289 417 3349 est:
468 3286 617 3368 quia
661 3290 877 3367 potest
923 3307 1023 3350 me
1071 3307 1377 3370 reparare.
1429 3309 1740 3370 quorum
1791 3309 1925 3372 ego
1979 3289 2155 3352 mihi
2205 3288 2558 3353 conscius

265 3411 466 3456 sum:
536 3393 686 3474 quia
742 3393 945 3457 merui
1002 3395 1133 3460 illa.
1194 3414 1385 3475 quae
1444 3396 1710 3460 oculus
1769 3416 1975 3460 meus
2035 3395 2233 3459 uidit
2290 3398 2361 3459 et
2418 3414 2557 3458 non

263 3499 501 3562 alius:
562 3499 681 3564 hoc
739 3504 869 3564 est:
929 3520 1112 3565 nemo
1175 3502 1324 3565 scit
1370 3503 1549 3584 quid
1603 3507 1873 3586 agatur
1926 3503 1997 3566 in
2056 3502 2352 3565 homine
2407 3501 2558 3565 nisi

446 3689 471 3741 1
512 3689 610 3743 Iob
652 3692 734 3754 19,
776 3693 841 3745 16
987 3694 1019 3746 2
1058 3691 1155 3745 Iob
1197 3694 1279 3755 19,
1324 3696 1402 3747 16.
1449 3696 1511 3748 17
1625 3694 1655 3747 3
1696 3694 1781 3747 Ps.
1821 3694 1906 3755 41,
1950 3695 2015 3747 12
2152 3694 2185 3745 5
2224 3691 2319 3745 Iob
2364 3692 2445 3753 19,
2488 3693 2553 3744 17

258 3779 294 3832 6
332 3777 430 3831 Iob
474 3780 554 3843 19,
597 3780 661 3832 19
775 3782 803 3832 7
842 3779 939 3833 Iob
985 3782 1064 3845 19,
1106 3782 1175 3835 20
1280 3782 1343 3835 10
1380 3782 1477 3835 Iob
1520 3784 1602 3845 19,
1643 3784 1711 3836 20
1816 3784 1880 3836 12
1920 3782 2015 3835 Iob
2060 3783 2141 3843 19,
2180 3783 2243 3835 21
2355 3782 2420 3833 14
2458 3779 2555 3833 Iob

262 3867 347 3923 19,
387 3868 451 3921 21
551 3868 614 3921 17
652 3868 748 3921 Iob
793 3870 874 3931 19,
915 3870 981 3923 22
1078 3871 1142 3923 19
1179 3869 1275 3923 Iob
1320 3873 1400 3931 19,
1437 3874 1510 3925 22
1603 3873 1670 3925 20
1706 3871 1803 3926 Iob
1847 3873 1928 3933 19,
1970 3873 2038 3925 24
2129 3871 2198 3924 22
2236 3870 2331 3923 Iob
2375 3870 2455 3931 19,
2487 3870 2556 3922 24

255 3954 330 4007 24
367 3952 466 4007 Iob
508 3955 590 4019 19,
629 3957 696 4009 25
809 3959 875 4010 25
913 3957 1009 4010 Iob
1052 3959 1134 4021 19,
1174 3960 1241 4012 27
1353 3961 1420 4012 26
1457 3960 1556 4013 Iob
1598 3962 1680 4024 19,
1722 3961 1786 4014 27
1898 3961 1964 4014 27
2003 3959 2030 4012 Ι
2071 3958 2188 4013 Cor.
2227 3960 2277 4021 2,
2321 3959 2381 4010 11

337 4080 361 4132 l
402 4062 686 4149 non'l'ipse
723 4097 831 4133 non
869 4081 915 4136 S
1003 4083 1034 4135 2
1073 4082 1403 4152 deprecabar
1447 4084 1632 4138 TPC'b
1731 4088 1762 4139 5
1802 4084 2054 4139 inuocaui
2092 4083 2166 4136 bd
2271 4082 2556 4135 blandiens

254 4183 362 4222 om.
409 4167 458 4222 G
632 4168 665 4220 6
705 4185 992 4237 genueram
1031 4171 1061 4223 b
1235 4173 1339 4240 eis]
1373 4172 1482 4225 illis
1525 4174 1578 4227 G
1760 4176 1789 4226 7
1829 4173 1946 4226 nita
1983 4173 2079 4225 illa
2123 4170 2169 4224 0
2324 4172 2389 4224 12
2426 4171 2554 4239 mei]

253 4256 394 4309 mihi
431 4255 575 4309 Hier
650 4258 713 4310 13
752 4259 858 4311 mei
896 4276 996 4314 om.
1033 4260 1194 4314 TGO
1273 4264 1337 4317 15
1378 4263 1469 4330 qui
1509 4262 1556 4317 S
1636 4264 1700 4317 16
1741 4263 1790 4316 ei
1828 4280 1929 4317 om.
1975 4261 2026 4315 G
2065 4262 2179 4314 eins
2219 4260 2249 4312 b
2328 4260 2392 4312 18
2429 4258 2554 4312 hor·

252 4345 413 4414 retis]
456 4345 658 4399 obretis
703 4345 750 4399 O
865 4349 929 4401 19
967 4350 1241 4403 sotinmini
1283 4350 1329 4404 S
1449 4351 1519 4404 20
1556 4352 1610 4404 in
1650 4351 1861 4406 SHier:
1897 4367 1998 4405 om.
2043 4348 2332 4403 GTPGba
2475 4348 2551 4416 et]

252 4433 348 4487 uel
392 4432 445 4489 G
590 4436 644 4487 in
683 4435 902 4505 plumbo
941 4436 987 4490 S
1092 4439 1159 4492 25
1200 4440 1464 4509 conscius]
1506 4440 1734 4493 confisus
1774 4440 1818 4494 G
