3076 4976
660 514 1141 580 Quaestionum
1187 512 1302 567 lib.
1350 514 1405 567 11
1454 514 1830 584 (Expositio
1870 513 2345 582 tabernaculi).
2512 520 2636 581 211

344 710 453 775 illa
501 709 882 776 occidentali
931 712 994 773 et
1042 709 1327 773 australi.
1406 707 1576 790 quod
1626 710 1841 773 autem
1891 708 2050 772 dicit
2097 709 2287 773 etiam
2346 710 2642 792 aequales

342 816 638 882 deorsum
686 835 936 893 uersus,
976 817 1095 880 hoc
1144 815 1369 897 utique
1418 815 1593 889 dicit,
1644 817 1718 878 ut
1764 814 1843 879 ad
1888 815 2408 899 perpendiculum
2455 816 2643 880 libra-

339 926 577 998 rentur,
627 943 702 987 ne
749 923 1141 989 robustiores
1190 925 1407 987 essent
1451 921 1613 985 infra
1659 940 1849 1004 quam
1912 941 2121 1004 supra,
2181 922 2351 987 sicut
2402 923 2641 1004 plerae-

341 1048 461 1112 que
512 1031 843 1094 columnae
893 1031 1061 1093 sunt.

279 1163 304 1201 ⁵
434 1136 491 1201 7.
552 1135 795 1199 Deinde
846 1136 1031 1200 dicit:
1083 1139 1158 1199 et
1203 1134 1444 1199 facies
1495 1154 1703 1199 seras
1754 1135 1838 1199 de
1886 1135 2123 1219 lignis
2171 1134 2637 1218 inputribili-

339 1241 477 1306 bus
536 1242 867 1324 quinque
925 1242 1050 1305 uni
1110 1241 1500 1305 columnae
1561 1260 1642 1305 ex
1696 1261 1840 1306 una
1894 1245 2105 1324 parte
2163 1242 2637 1306 tabernaculi

342 1353 414 1412 et
461 1348 793 1430 quinque
836 1366 1043 1411 seras
1085 1348 1478 1411 columnae
1518 1347 1747 1412 lateri
1786 1347 2266 1411 tabernaculi
2306 1347 2635 1412 secundo

338 1459 411 1518 et
458 1455 798 1538 quinque
848 1473 1055 1518 seras
1106 1454 1501 1518 columnae
1558 1454 1969 1537 posteriori
2026 1454 2250 1518 lateri
2306 1455 2636 1518 taberna·

340 1562 495 1626 culi
565 1562 762 1643 quod
829 1564 948 1624 est
1010 1560 1097 1623 ad
1161 1580 1380 1626 mare.
1456 1561 1689 1625 mirum
1757 1561 1810 1625 si
1870 1560 2144 1624 dubitari
2197 1564 2413 1643 potest
2466 1561 2636 1624 latus

241 1690 301 1727 ιο
340 1668 644 1733 orientale
694 1667 1023 1732 columnas
1072 1687 1193 1732 non
1242 1667 1546 1732 habuisse
1592 1668 1655 1731 in
1705 1668 1824 1731 hoc
1871 1668 2166 1731 interiore
2213 1668 2634 1745 tabernacu10‚

335 1774 438 1838 cui
515 1777 736 1856 postea
812 1774 1316 1856 circumponitur
1394 1774 1649 1837 atrium.
1736 1774 2021 1857 singulas
2090 1792 2373 1856 quasque
2438 1773 2639 1858 igitur

335 1881 662 1945 columnas
725 1881 1007 1944 omnium
1064 1880 1259 1944 trium
1317 1881 1591 1945 laterum
1647 1881 1877 1945 habere
1938 1900 2107 1945 seras
2166 1880 2389 1962 quinas
2436 1880 2635 1944 iubet.

335 1992 408 2052 et
455 2006 644 2064 sera,
697 1988 928 2069 inquit,
978 1987 1226 2064 media
1274 1988 1473 2051 inter
1507 1988 1795 2052 medias
1836 1988 2223 2051 columnas
2263 1990 2634 2071 pertrans·
2710 2006 2720 2015 ·

335 2096 459 2159 eat
506 2095 591 2158 ab
642 2115 783 2159 uno
833 2095 1073 2158 latere
1129 2096 1200 2157 in
1260 2095 1468 2159 aliud
1515 2096 1741 2161 latus,
1820 2095 1937 2158 hoc
1987 2094 2243 2158 uidetur
2290 2094 2513 2170 dicere,
2561 2099 2635 2157 ut

236 2234 292 2274 15
334 2201 410 2265 de
460 2201 755 2266 columna
801 2201 863 2264 in
915 2201 1275 2265 columnam
1335 2220 1475 2264 sera
1531 2201 1890 2283 perueniret
1946 2204 2009 2265 et
2062 2220 2174 2283 per
2226 2201 2634 2266 interuallum

333 2305 775 2372 columnarum
804 2308 1233 2391 porrigeretur
1272 2327 1307 2371 a
1343 2308 1537 2372 latere
1576 2308 1766 2371 unius
1806 2326 2010 2389 usque
2047 2308 2113 2371 in
2150 2308 2321 2372 latus
2352 2308 2633 2371 alterius

331 2432 402 2477 ac
460 2434 574 2497 per
626 2415 746 2478 hoc
804 2434 931 2477 una
988 2434 1057 2477 ex
1114 2414 1215 2478 his
1276 2415 1567 2478 omnibus
1627 2413 1920 2478 columna
1973 2433 2095 2479 non
2153 2417 2287 2478 erat
2340 2413 2635 2477 habitura

327 2521 616 2604 proprias
657 2523 939 2604 quinque
980 2542 1184 2599 seras;
1235 2522 1311 2586 ad
1361 2541 1550 2603 quam
1600 2525 1938 2586 extremam
1989 2522 2263 2604 quinque
2309 2521 2631 2603 peruenie-

326 2629 480 2692 bant
527 2648 562 2691 a
611 2628 913 2693 columna
961 2629 1084 2692 sibi
1123 2630 1405 2710 proxima
1442 2628 1796 2693 uenientes
1847 2633 1921 2692 et
1958 2629 2363 2706 columnas,
2403 2629 2630 2710 inquit,

230 2736 721 2809 20inaurabis
790 2754 964 2800 auro
1025 2740 1097 2799 et
1152 2737 1418 2801 anulos
1485 2736 1723 2800 facies
1792 2754 2086 2812 aerem,
2153 2736 2224 2799 in
2291 2754 2474 2818 quos
2532 2735 2630 2798 in-

326 2843 558 2907 duces
610 2861 843 2918 seraS‚
895 2845 968 2906 et
1010 2843 1400 2908 inaurabis
1451 2863 1628 2907 auro
1679 2862 1903 2908 seras,
1972 2863 2048 2906 ne
2098 2845 2424 2908 columnae
2472 2844 2630 2907 fora-

326 2949 607 3015 minibus
659 2954 1164 3027 cauernarentur,
1217 2971 1340 3033 quo
1389 2951 1696 3014 intrarent
1741 2969 1936 3028 serae,
1988 2951 2209 3015 anulos
2248 2951 2377 3014 fieri
2417 2951 2630 3024 iussit,

323 3057 560 3139 quibus
612 3075 682 3119 ex
732 3059 996 3138 utraque
1045 3060 1224 3140 parte
1275 3058 1746 3121 continerentur
1792 3057 1946 3120 fines
1998 3076 2297 3121 serarum.
2372 3058 2632 3138 proinde

324 3163 792 3246 intelleguntur
848 3164 913 3227 hi
982 3166 1152 3229 anuli
1221 3164 1360 3229 fixis
1418 3165 1482 3228 in
1537 3164 1715 3248 ligno
1785 3164 2023 3228 ansulis
2091 3165 2499 3246 pependisse,
2556 3168 2631 3227 ut

227 3306 283 3346 25
327 3272 639 3333 extremas
686 3273 898 3352 partes
949 3290 1230 3335 serarum
1279 3274 1544 3353 possent
1591 3289 1808 3352 capere
1858 3275 1921 3335 et
1970 3272 2307 3335 continere.

424 3377 484 3440 8.
526 3375 618 3438 Et
656 3376 924 3458 eriges,
964 3376 1193 3458 inquit,
1234 3378 1807 3441 tabernaculum
1851 3379 2257 3442 secundum
2299 3378 2623 3460 speciem

324 3500 521 3563 quae
569 3485 988 3546 monstrata
1038 3487 1156 3547 est
1203 3485 1346 3548 tibi
1396 3484 1463 3547 in
1516 3487 1785 3549 monte.
1865 3488 1936 3547 et
1992 3485 2229 3548 facies
2289 3484 2623 3548 uelamen

329 3587 418 3650 de
468 3587 878 3670 hyacintho
932 3593 1001 3652 et
1048 3609 1376 3672 purpura
1427 3595 1497 3655 et
1548 3610 1770 3654 cocco
1811 3595 2009 3655 torto
2052 3595 2123 3654 et
2159 3592 2383 3673 bysso
2425 3595 2621 3662 neta:

500 3869 532 3920 5
570 3866 664 3919 Ex.
707 3868 790 3928 26,
834 3868 917 3920 26.
959 3869 1028 3920 27
1157 3870 1224 3921 13
1264 3869 1357 3922 Ex.
1398 3871 1484 3933 ⁶26,
1526 3872 1595 3923 28
1730 3872 1792 3922 19
1832 3871 1924 3923 Ex,
1966 3872 2050 3933 26,
2092 3873 2159 3924 29
2291 3873 2356 3926 :26
2397 3871 2490 3924 Ex.
2534 3873 2621 3930 26.

318 3955 534 4009 30—34

391 4080 424 4131 2
463 4079 755 4132 libraretur
792 4079 977 4132 P¹SV
1078 4082 1109 4134 3
1149 4081 1391 4150 plerique
1437 4082 1484 4135 0
1589 4084 1620 4135 6
1661 4084 1920 4153 quinque]
1963 4093 2134 4153 cuque
2167 4084 2210 4136 (3
2316 4085 2517 4154 parte&
2546 4084 2620 4136 Ρ1

318 4171 508 4237 partae
559 4166 610 4218 V
738 4169 766 4217 7
807 4167 1025 4220 secundi
1067 4168 1112 4221 S
1237 4171 1268 4221 9
1306 4186 1504 4222 marem
1551 4170 1598 4223 G
1723 4172 1787 4224 10
1826 4171 2073 4225 interiori
2112 4173 2158 4226 S
2282 4175 2345 4225 16
2384 4174 2436 4224 in
2480 4173 2617 4240 (sup.

319 4272 434 4322 exp.
476 4255 542 4308 ad
583 4273 651 4310 m.
690 4257 745 4320 32)
785 4255 840 4307 P
944 4257 1006 4308 21
1053 4260 1327 4310 et——seras
1369 4275 1468 4312 om.
1516 4259 1581 4311 0¹
1725 4276 1852 4312 auro
1891 4277 1991 4312 om.
2040 4261 2086 4312 G
2190 4262 2258 4313 24
2297 4261 2383 4312 fixi
2414 4258 2626 4312 PSV‘T

323 4344 548 4411 ansulis!
594 4363 625 4397 a
664 4345 892 4414 singulis
930 4346 1143 4399 PSVT
1272 4348 1339 4400 ‘26
1380 4348 1543 4416 erigis
1590 4349 1636 4401 0
1768 4349 1834 4400 28
1872 4350 2090 4415 yacinto
2137 4349 2183 4402 C
2216 4348 2471 4417 iacyntho
2512 4348 2624 4400 PV

326 4433 596 4485 iacinctho
639 4432 740 4485 ST
880 4434 1024 4487 bisso
1075 4435 1181 4488 VT

2409 4544 2504 4595 14*
