3076 4976
545 463 632 524 66
1251 457 1303 510 S.
1362 456 1635 509 Aureli
1692 455 2126 524 Augustini

547 672 748 737 genu
815 653 1216 716 flectatur
1283 653 1797 726 caelestium,
1865 651 2386 715 terrestrium
2454 655 2530 714 et
2595 651 2845 715 infer-

548 779 841 824 norum.

638 866 953 932 (JXXIIII.
1022 866 1362 946 Quaeritur
1419 886 1612 948 quare
1670 866 2069 930 Ismahelitas
2129 865 2458 948 scriptura,
2518 865 2756 946 quibus
2813 885 2852 928 a

544 973 847 1037 fratribus
895 973 1195 1037 uenditus
1246 978 1342 1037 est
1410 973 1660 1054 Ioseph.
1711 973 1902 1036 etiam
1965 973 2345 1037 Madianitas
2411 975 2619 1048 uocet,
2691 991 2852 1036 curn

546 1080 824 1143 Ismahel
902 1081 988 1143 sit
1063 1080 1138 1143 de
1213 1081 1385 1162 Agar
1452 1080 1625 1142 filius
1705 1080 2013 1156 Abrahae,
2090 1078 2473 1142 Madianitae
2540 1098 2694 1142 uero
2764 1079 2850 1142 de
2927 1102 2954 1139 s

547 1186 827 1252 Cettura.
876 1205 951 1248 an
1001 1186 1147 1267 quia
1196 1187 1509 1267 scriptura
1560 1185 1796 1248 dixerat
1844 1185 1921 1248 de
1969 1186 2307 1262 Abraham,
2359 1185 2527 1267 quod
2575 1204 2854 1249 munera

547 1293 792 1358 dederit
840 1293 984 1356 filiis
1035 1293 1526 1357 concubinarum
1577 1313 1855 1360 suarum.
1903 1293 2074 1374 Agar
2121 1292 2366 1355 scilicet
2413 1295 2477 1354 et
2517 1291 2850 1362 Cetturae,

547 1404 611 1464 et
660 1400 969 1463 dimiserit
1020 1419 1126 1462 eos
1177 1400 1253 1463 ab
1303 1399 1479 1463 Isaac
1538 1400 1670 1464 filio
1729 1419 1846 1463 suo
1893 1400 1956 1462 in
2014 1407 2244 1462 terram
2304 1398 2587 1472 orientis»,
2647 1418 2850 1462 unam

548 1513 799 1590 gentem
850 1506 1075 1569 fecisse
1124 1505 1529 1587 intellegendi
1582 1509 1776 1568 sunt?

638 1613 891 1678 CXXV.
970 1612 1062 1675 De
1141 1611 1327 1674 Iacob
1408 1612 1715 1694 scriptum
1797 1617 1915 1676 est.
2005 1631 2147 1675 eum
2240 1612 2489 1696 lugeret
2564 1612 2844 1692 Ioseph:
2897 1637 2942 1672 ιο

547 1719 1028 1803 congregati
1079 1725 1269 1782 sunt
1336 1722 1598 1782 autem
1669 1738 1940 1782 omnes
1997 1720 2170 1782 filii
2236 1719 2410 1781 eius
2460 1721 2537 1781 et
2603 1718 2850 1781 filiae

549 1831 624 1889 et
672 1830 1070 1889 uenerunt
1117 1825 1532 1889 consolari
1582 1845 1774 1888 eum.
1827 1845 1986 1906 quae
2036 1825 2200 1888 filiae
2260 1827 2505 1907 praeter
2560 1824 2848 1888 Dinam‘?

548 1953 621 1997 an
673 1932 835 1996 filios
884 1936 947 1995 et
1013 1932 1173 1995 filias
1223 1932 1378 1995 dicit
1445 1932 1912 1994 connumeratis
1961 1932 2315 2022 'nepotibus
2363 1934 2426 1994 et
2491 1931 2844 2013 neptibus?

546 2040 671 2103 iam
722 2040 887 2102 euim
937 2039 1204 2102 maiores
1253 2037 1367 2100 filii
1418 2039 1556 2101 eius
1604 2038 1768 2101 filios
1819 2037 2046 2101 babere
2095 2042 2454 2120 potuerunt.

638 2145 919 2210 CXXVI.
952 2146 1043 2208 Et
1076 2145 1344 2208 noluit
1373 2144 1786 2208 consolari
1820 2144 2097 2207 dicens
2130 2145 2504 2225 quoniam
2537 2144 2932 2208 descen-15

548 2252 717 2314 dam
766 2251 858 2314 ad
915 2251 1187 2314 filium
1235 2271 1485 2314 meum
1535 2252 1825 2333 lugens
1873 2252 1948 2314 in
1999 2252 2422 2316 infernum.
2483 2252 2650 2314 solet
2697 2270 2839 2314 esse

549 2377 775 2440 magna
825 2359 1136 2439 quaestio.
1187 2358 1501 2439 quomodo
1563 2358 1971 2440 intellegatur
2028 2358 2342 2420 infernus:
2403 2362 2617 2420 utrum
2681 2358 2836 2420 illuc

548 2465 700 2528 mali
746 2468 992 2528 tantum
1043 2483 1118 2529 au
1166 2465 1355 2529 etiam
1406 2465 1554 2528 boni
1603 2464 1837 2528 mortui
1878 2464 2250 2528 descendere
2290 2466 2554 2529 soleant.
2596 2465 2649 2529 si
2688 2483 2835 2546 ergo

546 2575 792 2635 tantum
841 2571 1012 2635 mali.
1063 2570 1376 2652 quomodo
1423 2572 1547 2634 iste
1595 2570 1672 2633 ad
1720 2570 1920 2634 filium
1972 2591 2158 2634 suum
2208 2590 2275 2633 se
2315 2572 2472 2634 dicit
2509 2572 2836 2655 lugentem

549 2679 718 2741 uelle
767 2677 1190 2741 descendere?
1239 2696 1356 2740 non
1408 2677 1577 2741 enim
1615 2677 1678 2740 iu
1717 2677 1937 2759 poenis
1986 2678 2205 2740 inferni
2247 2697 2389 2741 eum
2432 2697 2573 2742 esse
2614 2678 2832 2742 credit.
2871 2705 2922 2741 ευ

548 2803 624 2847 an
672 2783 1018 2865 perturbati
1076 2786 1140 2846 et
1203 2783 1478 2847 dolentis
1547 2784 1738 2847 uerba
1805 2790 1954 2847 sunt
2017 2786 2184 2848 mala
2250 2804 2366 2847 sua
2432 2787 2626 2849 etiam
2691 2785 2833 2850 hinc

549 2892 1031 2973 exaggerantis?

639 2998 950 3062 CXXVII.
984 2998 1080 3060 Et
1111 2997 1664 3060 uendiderunt
1697 2997 1988 3079 Ioseph
2023 2998 2100 3060 in
2131 3000 2583 3081 Aegyptum
2616 3000 2833 3062 Pete-

549 3104 791 3185 phrae
850 3103 1188 3185 spadoni
1248 3104 1723 3186 praeposito
1784 3123 2240 3185 coquorum.
2299 3106 2522 3168 nolunt
2578 3105 2829 3186 quidam

548 3210 975 3291 praepositum
1043 3228 1387 3292 coquorum
1455 3211 1870 3291 interpretari,
1939 3211 2047 3291 qui
2115 3230 2336 3294 graece
2405 3207 2830 3295 ἀρχιμάγειρος
2866 3238 2912 3277 ε,

550 3316 802 3380 dicitur.
848 3316 955 3379 sed
1004 3316 1435 3398 praepositum
1483 3316 1771 3381 militiae.
1812 3318 1914 3381 cui
1955 3322 2127 3380 esset
2163 3322 2447 3399 potestas
2487 3318 2826 3382 occidendi.

550 3442 690 3485 nam
741 3422 831 3485 sic·
880 3424 1234 3504 appellatus
1276 3430 1371 3486 est
1413 3424 1606 3486 etiam
1644 3424 1752 3487 ille
1794 3444 1981 3506 quem
2019 3425 2602 3489 Nabuchodonosor
2638 3425 2827 3497 misit,

548 3549 737 3610 penes
786 3548 972 3610 quem
1022 3529 1235 3612 potius
1287 3530 1606 3593 inuenitur
1653 3531 1958 3611 primatus
2007 3531 2203 3594 fuisse
2252 3532 2537 3596 militiae.

723 3824 755 3873 3
796 3826 862 3875 cs.
902 3823 1034 3875 Gen.
1074 3824 1159 3881 3‘0'.
1198 3825 1266 3877 23
1376 3826 1408 3876 6
1448 3825 1512 3877 cs.
1556 3825 1688 3877 Gen.
1726 3827 1813 3885 25.
1851 3828 1884 3879 6
1999 3828 2056 3879 11
2103 3828 2237 3880 Gen.
2275 3829 2362 3885 3‘4'.
2401 3829 2471 3881 35
2587 3830 2650 3881 15
2690 3827 2816 3881 Gen.

548 3914 635 3966 37.
676 3914 742 3964 35)
852 3914 920 3965 23
961 3914 1095 3965 Gen.
1134 3914 1219 3967 35.
1261 3914 1327 3965 36
1438 3915 1504 3965 27
1547 3914 1610 3966 ef.
1653 3914 1726 3967 [v
1767 3916 1897 3983 Reg.
1937 3916 2024 3970 25.
2065 3918 2113 3967 8.
2153 3920 2184 3969 9

625 4108 646 4157 1
692 4122 861 4171 genus
893 4104 939 4156 C
1072 4116 1123 4157 et
1164 4106 1495 4159 terrestrium
1537 4107 1588 4157 Γ
1673 4108 1706 4160 3
1744 4107 2080 4160 hismaelitas
2107 4109 2138 4160 b
2229 4113 2262 4162 6
2301 4109 2524 4162 cethura
2551 4109 2829 4164 PSVde

550 4196 580 4246 ’ἰ
621 4193 839 4247 dederat
882 4194 1043 4247 ΒΧΓ
1078 4194 1285 4247 dederit
1349 4213 1407 4247 er
1440 4212 1482 4247 s.
1526 4195 1560 4247 1.
1601 4212 1668 4248 ιιι.
1713 4200 1758 4259 Ι)
1812 4196 1860 4247 Γ
1976 4197 2044 4249 *23
2085 4198 2351 4265 petefares
2395 4198 2459 4249 C¹
2495 4198 2709 4269 petefre
2742 4201 2829 4253 PS

548 4284 755 4351 petefre
798 4283 844 4334 T
937 4285 1005 4335 ‘24
1046 4284 1320 4351 proposito
1352 4284 1405 4335 P
1502 4286 1573 4336 25
1597 4284 1930 4353 propositum
1959 4284 2013 4336 P
2109 4285 2494 4354 archimagiros
2529 4285 2832 4342 CPSNJ'Y

550 4374 615 4424 21
654 4371 1101 4423 nabucodonnsor
1138 4371 1181 4425 S
1213 4372 1671 4439 nabugodonosor
1719 4372 1764 4424 T
