3076 4976
487 460 616 523 510
1192 459 1243 510 S.
1304 457 1581 511 Aureli
1636 457 2073 527 Augustini

483 651 1019 716 manifestandum
1078 671 1223 715 eum
1279 651 1480 717 nobis,
1550 652 1685 716 sed
1752 653 1989 716 mitte
2054 671 2363 717 manum
2424 658 2640 718 tuam
2707 660 2785 719 et

484 764 729 843 tange
771 759 1038 823 omnia
1076 779 1272 841 quae
1311 760 1586 823 habet:
1630 759 1709 823 da
1745 763 2152 841 potestatem.
2185 761 2346 824 nisi
2377 760 2779 825 infaciem

484 870 703 930 tuam
761 865 1279 930 benedixerit
1336 866 1525 930 tibi:
1586 866 1863 948 pendens
1922 866 2184 942 locutio,
2243 867 2307 930 id
2365 871 2493 931 est:
2556 871 2610 931 si
2660 886 2779 931 non

486 970 604 1033 tibi
652 971 712 1033 in
762 971 986 1035 faciem
1036 970 1357 1035 benedicit
1404 970 1595 1034 tactis
1643 972 1830 1035 rebus
1881 972 2036 1048 suis,
2080 971 2259 1053 quasi
2298 971 2780 1058 subaudiretur:

492 1076 643 1158 quid
700 1077 929 1142 iubes?
991 1081 1067 1141 et
1123 1077 1523 1141 discessit
1581 1077 1961 1143 diabolus
2012 1098 2046 1142 a
2094 1080 2305 1143 facie
2356 1078 2696 1143 domini:
2749 1098 2784 1141 a
2853 1102 2881 1140 5

486 1185 950 1249 consultatione
1008 1184 1085 1248 ad
1143 1185 1472 1248 actionem.
1536 1188 1613 1248 et
1669 1191 2069 1250 uenerunt
2116 1187 2388 1250 hostes
2438 1190 2516 1249 et
2563 1204 2783 1266 cepe-

490 1297 680 1355 runt
728 1311 881 1357 eost.
934 1291 1279 1356 secundum
1327 1291 1526 1356 illud:
1579 1293 1710 1373 qui
1759 1311 1963 1356 nunc
2012 1297 2396 1375 operatur
2441 1293 2520 1356 in
2561 1291 2783 1355 filiis

486 1397 1053 1475 diffidentiae,
1115 1398 1306 1461 etiam
1362 1398 1524 1462 istos
1584 1399 1901 1463 excitauit.
1961 1399 2307 1463 notandum
2365 1403 2579 1463 autem
2631 1418 2782 1480 quo-

484 1506 670 1570 modo
728 1505 788 1568 in
846 1505 1210 1569 hominibus
1270 1505 1571 1570 habuerit
1608 1510 1992 1586 potestatem
2043 1514 2108 1570 et
2152 1508 2213 1569 in
2266 1506 2616 1576 elementis,
2669 1505 2783 1568 sed

488 1617 697 1676 tamen
750 1613 960 1676 datam
1010 1631 1043 1676 a
1096 1612 1233 1676 deo.
1285 1613 1544 1677 nudus
1593 1613 1753 1677 exii
1803 1613 1890 1676 ‹le
1931 1618 2160 1677 utero
2200 1613 2488 1676 matris
2527 1631 2781 1676 meae:
2827 1637 2881 1676 ιο

485 1718 826 1783 notandum
900 1735 1089 1800 quam
1165 1719 1589 1783 consolatoria
1650 1720 1970 1802 loquatur,
2053 1720 2346 1800 quamuis
2433 1719 2784 1783 secundum

486 1825 1003 1889 consuetudinem
1054 1824 1300 1888 luctum
1349 1825 1591 1889 fecerit.

575 1931 655 1995 II.
723 1932 923 1995 Ecce
989 1931 1216 1994 trado
1281 1931 1517 1995 illum
1576 1931 1765 1997 tibi:
1826 1935 2140 1996 tantum
2199 1932 2543 1995 animam
2604 1931 2783 1995 eius

487 2037 846 2102 custodi:
888 2056 963 2100 ne
1012 2038 1212 2100 uitam
1262 2038 1498 2120 eripere
1537 2057 1727 2121 posse
1767 2043 2224 2120 praesumeret.
2265 2041 2342 2102 et
2378 2037 2582 2102 tulit
2620 2037 2784 2100 sibi

487 2149 815 2220 testam,
867 2146 953 2207 ut
1001 2144 1326 2208 raderet
1373 2144 1715 2208 saniem:
1764 2163 1875 2227 per
1911 2144 2268 2227 passionem
2311 2143 2549 2209 domini
2588 2143 2782 2229 signi·
2825 2167 2877 2206 1⁵

486 2251 634 2315 licat
677 2250 810 2314 radi
859 2253 1121 2331 peccata
1167 2250 1627 2315 confitentium.

574 2358 688 2422 111.
737 2358 831 2420 Et
878 2377 1024 2423 nox
1072 2357 1146 2421 in
1199 2376 1353 2439 qua
1399 2357 1818 2423 dixerunt:
1862 2361 2313 2439 conceptus
2354 2360 2480 2422 est
2515 2357 2783 2421 homo:

485 2465 730 2547 aliquae
790 2464 1145 2549 superiores
1201 2469 1576 2548 potestateS,
1636 2484 1793 2547 quae
1843 2466 1962 2532 hoc
2013 2465 2171 2531 scire
2218 2467 2583 2549 potuerunt.
2635 2483 2784 2530 nox

486 2573 635 2636 illa
683 2573 851 2637 sint
897 2572 1313 2637 tenebrae:
1364 2592 1439 2637 ne
1485 2572 1767 2655 patiatur
1811 2572 1938 2635 iam
1986 2591 2144 2655 quae
2199 2591 2430 2655 passus
2494 2575 2614 2647 est,
2663 2570 2785 2634 hoc

488 2684 586 2744 est
632 2681 800 2744 sint
847 2681 1262 2756 tenebrae,
1311 2680 1375 2743 id
1426 2684 1558 2744 est:
1609 2680 1696 2744 sit
1742 2679 2071 2745 obliuioni.
2113 2699 2368 2762 neque
2407 2679 2786 2761 requirat
2824 2707 2876 2744 ρο

490 2805 651 2849 earn
701 2785 1073 2850 dominus
1125 2785 1503 2868 desuper:
1556 2806 1677 2851 non
1723 2790 2049 2870 reparetur
2087 2804 2198 2867 per
2232 2786 2784 2859 inmortalitatem,

488 2891 553 2954 id
620 2895 747 2956 est:
815 2896 1032 2974 pereat
1097 2892 1472 2958 moltalitaS.
1542 2912 1681 2958 nec
1746 2894 2027 2956 ueniat
2093 2893 2168 2956 in
2235 2911 2400 2957 earn
2479 2892 2784 2956 lumen:

490 2999 701 3061 lumen
779 2999 1141 3062 memoriae.
1219 2999 1355 3062 sed
1432 3001 1857 3083 excipiant
1928 3001 2154 3064 illam
2238 2999 2624 3063 tenebrae
2711 3008 2787 3061 et

489 3104 763 3168 umbra
816 3106 1138 3168 mortis:
1197 3106 1330 3169 uita
1382 3105 1509 3169 ista
1565 3126 1724 3188 quae
1780 3107 2004 3170 umbra
2060 3111 2161 3170 est
2214 3108 2461 3169 futurae
2526 3123 2785 3186 poenae,

491 3214 563 3275 ut
628 3210 714 3275 sit
774 3230 1032 3275 sensus:
1099 3211 1310 3275 iustus
1378 3212 1486 3294 qui
1551 3212 1763 3276 lumen
1831 3217 1931 3277 est
1993 3232 2112 3277 non
2181 3231 2317 3276 eam
2374 3211 2612 3287 uideat,
2677 3210 2784 3275 sed
2824 3239 2878 3277 τε,

489 3317 803 3396 tenebrae,
850 3318 973 3383 hoc
1022 3322 1151 3383 est:
1200 3322 1564 3401 peccatores
1615 3323 1679 3382 et
1725 3320 2004 3383 carnales
2053 3318 2496 3383 tribulationes
2538 3318 2614 3382 de
2653 3318 2788 3381 uita

677 3535 698 3588 1
740 3534 838 3588 Iob
881 3540 929 3597 1,
975 3536 1032 3589 11
1147 3538 1179 3590 5
1218 3534 1314 3588 Iob
1348 3536 1393 3597 1,
1429 3537 1495 3590 12
1605 3537 1637 3589 6
1675 3535 1773 3589 Iob
1808 3539 1853 3600 1,
1885 3537 1948 3589 15
2061 3538 2092 3589 7
2129 3536 2330 3607 Ephes,
2359 3535 2408 3599 2,
2438 3536 2471 3588 2
2586 3536 2654 3590 10
2688 3534 2785 3588 101)

494 3625 539 3685 1,
581 3624 644 3677 21
816 3625 881 3677 13
920 3623 1017 3677 Iob
1058 3625 1107 3687 2,
1148 3624 1180 3677 6
1347 3625 1414 3677 14
1450 3623 1549 3678 Iob
1589 3625 1640 3687 2,
1679 3626 1713 3679 8
1882 3627 1945 3679 17
1985 3625 2081 3679 Iob
2122 3627 2170 3690 3,
2211 3627 2243 3679 3
2422 3624 2486 3678 18
2525 3624 2624 3678 Iob
2665 3625 2715 3683 3.
2750 3625 2784 3675 4

492 3714 562 3767 20
601 3711 697 3765 101)
737 3713 787 3776 3,
826 3714 860 3766 4
974 3713 1042 3766 22
1081 3713 1178 3767 101)
1218 3713 1267 3776 3,
1306 3719 1337 3769 4
1448 3713 1518 3768 23
1557 3712 1654 3767 Iob
1694 3715 1745 3775 3,
1785 3717 1817 3769 5

566 3839 597 3891 2
636 3836 775 3891 facie
810 3836 956 3891 Hier
1090 3838 1122 3891 3
1162 3853 1260 3889 sua
1298 3836 1344 3890 S
1378 3853 1478 3893 om.
1524 3836 1577 3891 G
1685 3839 1718 3891 4
1755 3836 2048 3891 benedicet
2093 3836 2181 3890 Τά
2313 3837 2347 3889 6
2385 3839 2704 3905 receperunt
2745 3833 2792 3887 C

496 3928 525 3980 7
567 3942 656 3979 eas
693 3925 838 3979 Hier
981 3925 1121 3979 filios
1165 3925 1273 3980 GP
1346 3927 1405 3979 11
1453 3926 1809 3980 consolatorie
1856 3925 2080 3979 1⁷1²de
2153 3925 2220 3978 13
2257 3925 2428 3994 ipsius
2467 3922 2515 3978 S
2547 3923 2695 3979 illins
2735 3921 2784 3975 G

497 4015 561 4067 17
602 4013 873 4083 dixerunt]
917 4012 1120 4068 dictum
1162 4020 1245 4068 est
1282 4014 1423 4068 Hier
1557 4015 1620 4069 18
1658 4016 1871 4085 aliquas
1915 4014 2023 4069 GP
2171 4014 2452 4086 potuerint
2489 4014 2523 4065 b
2666 4012 2786 4081 nox]

496 4103 610 4156 dies
652 4103 682 4156 b
813 4103 879 4156 19
919 4103 993 4156 sit
1029 4102 1171 4156 Hier
1324 4120 1461 4173 quae
1500 4120 1605 4159 om.
1650 4103 1701 4157 G
1845 4103 1948 4157 hoc
1989 4103 2090 4173 est]
2129 4120 2231 4157 nox
2268 4103 2368 4157 illa
2405 4102 2443 4155 d
2586 4101 2658 4156 20
2691 4115 2787 4153 nec

494 4191 639 4245 Hier
767 4192 830 4245 21
875 4190 1125 4245 (lominus
1165 4208 1280 4245 earn
1320 4191 1463 4245 Hier
1606 4196 1947 4261 repararetur
1988 4191 2035 4245 C
2138 4193 2207 4245 22
2243 4208 2311 4245 116
2347 4191 2403 4244 P
2543 4189 2788 4244 inueniat

496 4280 640 4334 Hier
800 4280 857 4334 in
897 4296 998 4334 om.
1037 4280 1182 4334 Hier
1354 4297 1416 4333 ea
1454 4280 1564 4335 GP
1764 4280 1831 4334 23
1870 4281 2050 4334 lumen
2090 4297 2191 4335 om.
2237 4280 2285 4333 0
2435 4278 2710 4349 decipiant
2744 4273 2792 4330 S

497 4370 651 4423 illurn
696 4369 747 4423 G
785 4386 901 4423 earn
941 4369 1083 4422 Hier
1190 4371 1259 4423 24
1299 4370 1458 4439 qnae]
1502 4369 1632 4438 quia
1674 4369 1835 4423 GPC
1938 4369 2006 4423 25
2047 4368 2256 4437 uideat]
2298 4366 2508 4421 indicat
2550 4366 2603 4422 G
