3076 4976
752 482 1233 549 Quaestionum
1271 483 1383 540 lib.
1422 482 1494 538 11.
1537 483 1827 550 (Quaest.
1868 484 1944 538 de
1982 484 2244 552 Exodo).
2512 489 2637 552 195

349 680 758 759 conspectu
834 697 965 742 suo
1051 676 1206 740 dixit
1280 677 1436 741 deus
1517 678 1580 740 in
1659 679 2065 743 tabernaculo
2133 699 2270 743 suc.
2355 679 2473 745 hoc
2541 685 2639 744 est

348 789 558 849 autem
615 804 790 861 „non
839 784 958 847 illi
1007 784 1394 848 uideberis
1441 784 1763 848 inanis“:
1812 804 2157 868 numquam
2196 788 2462 852 intrabis
2502 789 2638 853 sine

347 893 553 973 aliquo
610 910 891 955 munere.
967 891 1135 972 quod
1193 891 1564 973 spiritaliter
1616 892 2016 957 intellectum
2069 913 2370 978 magnum
2437 915 2639 960 sacra-

343 1003 629 1064 mentum
667 1001 785 1062 est.
825 1017 1046 1062 uerum
1086 998 1238 1061 baec
1279 998 1648 1062 dicebantur
1683 998 1759 1062 de
1799 999 2040 1062 umbris
2080 999 2635 1084 significationum.

275 1130 305 1169 s
434 1104 615 1170 CLX.
666 1105 825 1168 Cum
875 1105 950 1168 de
1000 1105 1264 1169 sabbato
1305 1106 1749 1188 praecepisset,
1791 1106 1943 1186 quid
1982 1109 2083 1170 est
2120 1108 2287 1188 quod
2326 1109 2636 1174 adiunxit:

343 1213 639 1276 satione
689 1213 763 1275 et
807 1230 1048 1274 messe
1095 1211 1576 1292 requiesces?
1635 1211 1891 1275 uidetur
1936 1213 2102 1276 enim
2152 1213 2385 1278 dicere:
2442 1219 2635 1289 „tem-

339 1338 490 1400 pore
538 1319 803 1383 sationis
860 1324 923 1380 et
977 1317 1270 1382 messis“.
1348 1337 1422 1381 an
1480 1318 1641 1381 forte
1698 1318 1789 1381 ita
1843 1318 2300 1383 obseruandam
2354 1321 2635 1402 requiem

342 1426 587 1489 sabbati
634 1425 974 1508 praecepit,
1025 1428 1098 1488 ut
1142 1444 1256 1488 nec
1314 1425 1422 1488 illa
1480 1428 1766 1507 tempora
1820 1425 2090 1489 habeant
2146 1428 2633 1505 excusationem,

342 1551 500 1614 quae
567 1532 865 1615 agricolis
929 1531 1115 1595 ualde
1182 1533 1333 1595 sunt
1394 1531 1752 1595 necessaria
1815 1536 2071 1613 propter
2133 1532 2376 1597 uictum
2445 1538 2633 1617 atque

243 1668 300 1706 ιο
340 1639 579 1703 uitam?
628 1638 877 1703 iussum
926 1642 1028 1702 est
1072 1657 1241 1721 erge,
1289 1642 1364 1702 ut
1410 1638 1600 1702 etiam
1648 1641 1929 1719 tempore
1978 1639 2242 1703 sationis
2282 1643 2346 1703 et
2380 1642 2633 1717 messiS,

340 1745 586 1827 quando
643 1746 921 1809 multum
978 1749 1166 1829 urget
1221 1744 1523 1826 operatio,
1580 1745 2015 1825 requiescatur
2068 1746 2130 1808 in
2200 1746 2483 1811 sabbato.
2560 1769 2631 1811 ac

340 1852 430 1916 sic
478 1871 589 1934 per
635 1852 789 1916 haec
837 1854 1143 1934 tempora,
1194 1870 1352 1933 quae
1410 1872 1571 1933 opus
1627 1852 1972 1933 plurimum
2029 1852 2334 1935 flagitant,
2393 1855 2631 1938 signifi-

340 1962 549 2022 catum
599 1962 701 2022 est
747 1958 914 2022 omni
962 1961 1245 2041 tempore
1293 1956 1556 2022 sabbato
1607 1958 1832 2022 debere
1882 1959 2135 2022 cessari.

427 2064 638 2129 CLXI.
691 2065 876 2144 Quod
915 2064 1100 2129 dicit:
1152 2084 1288 2128 non
1339 2065 1834 2147 concupiscet
1872 2064 2268 2147 quisquam
2310 2065 2394 2129 de
2433 2068 2630 2130 terra

243 2201 296 2239 15
339 2174 466 2235 tua
519 2168 633 2256 [et]
694 2190 856 2235 cum
914 2172 1274 2236 ascendes
1342 2171 1589 2235 uideri
1645 2171 1714 2234 in
1776 2176 2187 2253 conspectu
2256 2173 2631 2245 (domini)

338 2278 456 2341 dei
514 2279 626 2341 tui
682 2278 830 2342 tria
885 2280 1219 2361 tempora
1278 2278 1465 2355 anni,
1525 2278 1643 2342 hoc
1702 2279 1846 2341 uult
1890 2279 2198 2361 intellegi,
2248 2282 2321 2342 ut
2367 2298 2627 2344 securus

336 2384 601 2467 quisque
660 2384 1028 2449 ascenderet
1073 2405 1185 2449 nec
1235 2384 1310 2448 de
1356 2388 1522 2448 terra
1573 2404 1689 2448 sua
1736 2385 2053 2449 sollicitus
2105 2390 2278 2450 esset
2325 2386 2439 2449 deo
2487 2407 2629 2468 pro-

333 2491 625 2556 mittente
691 2492 1064 2568 custodiam,
1133 2492 1303 2573 quod
1365 2509 1549 2554 nemo
1613 2491 1757 2555 inde
1826 2492 2060 2574 aliquid
2129 2494 2625 2575 concupisceret,

333 2603 587 2680 propter
631 2597 816 2661 illum
865 2597 972 2678 qui
1022 2597 1327 2673 ascendit,
1377 2616 1454 2660 ne
1503 2614 1685 2660 suam
1740 2596 1885 2660 inde
1941 2598 2194 2662 timeret
2253 2599 2627 2666 absentiam.

237 2739 293 2780 20
335 2708 396 2768 et
441 2705 543 2768 hic
593 2704 751 2768 satis
800 2704 1083 2767 ostendit
1130 2703 1284 2785 quid
1341 2722 1530 2784 supra
1589 2703 1843 2766 dixerit:
1901 2724 2035 2768 non
2098 2705 2496 2786 adparebis
2554 2707 2624 2770 in

334 2814 750 2892 conspectu
800 2810 1078 2874 domini
1139 2811 1252 2874 dei
1312 2810 1425 2873 tui
1474 2810 1741 2878 inanis,
1792 2811 1940 2892 quia
1987 2810 2049 2873 in
2097 2812 2208 2875 illo
2257 2812 2397 2876 loco
2448 2813 2623 2888 dixit,

332 2918 439 2981 ubi
486 2918 965 2981 tabernaculum
1014 2917 1119 2980 uel
1166 2917 1475 2997 templum
1524 2915 1682 2979 deus
1731 2916 1938 2980 fuerat
1983 2916 2339 2982 habiturus

421 3024 670 3090 CLXII.
738 3023 906 3102 Quid
956 3031 1056 3087 est
1103 3022 1270 3104 quod
1318 3023 1433 3086 ait:
1492 3042 1631 3086 non
1684 3023 1985 3087 occides
2035 3043 2263 3106 super
2317 3025 2623 3089 fermen-

330 3134 488 3194 tum
540 3129 986 3213 sanguinem
1035 3129 1598 3193 immolatorum
1646 3129 2017 3195 meorum?
2066 3150 2139 3193 an
2180 3131 2291 3193 illa
2328 3132 2622 3196 hocloco

235 3270 293 3311 2⁶
332 3236 486 3301 dicit
549 3237 913 3312 „immolata
968 3244 1151 3312 sua“,
1208 3255 1365 3317 quae
1423 3255 1536 3318 per
1590 3236 1826 3318 pascha
1882 3236 2276 3312 occiduntur,
2334 3241 2399 3301 et
2452 3257 2624 3319 prae-

331 3344 511 3425 cipit,
569 3362 647 3406 ne
702 3347 857 3407 tunc
917 3343 1003 3407 sit
1056 3343 1119 3406 in
1189 3342 1372 3406 domo
1440 3344 1850 3420 fermentum,
1920 3344 2213 3424 quoniam
2272 3343 2406 3407 dies
2474 3349 2624 3408 sunt

328 3452 730 3532 azymorum?

502 3695 534 3747 6
573 3693 669 3747 Ex.
708 3695 794 3757 34,
833 3694 897 3746 21
1034 3694 1100 3745 14
1137 3693 1233 3750 Ex.
1272 3694 1359 3753 34.
1398 3693 1468 3746 24
1607 3693 1675 3745 20
1713 3692 1809 3746 Ex.
1851 3694 1936 3756 34,
1976 3694 2045 3746 20
2183 3694 2251 3746 23
2291 3693 2383 3746 Ex.
2425 3694 2510 3755 34,
2550 3694 2618 3748 25

397 3871 422 3922 1
465 3868 713 3922 dominus
752 3868 918 3921 PVT
1040 3869 1073 3920 2
1114 3867 1220 3937 illi]
1259 3867 1334 3920 ibi
1374 3867 1496 3921 de
1626 3869 1660 3920 4
1699 3869 1919 3930 uerbum
1976 3867 2021 3917 V
2175 3868 2260 3938 de]
2301 3869 2355 3922 in
2395 3868 2626 3922 PNVT

327 3958 358 4010 5
396 3959 752 4027 praecipisset
789 3957 834 4010 C
994 3956 1263 4025 adiunxit]
1303 3956 1526 4010 adduxit
1574 3956 1921 4020 (PV1T1bd,
1962 3958 2003 4026 (l
2044 3956 2289 4010 adiunxit
2323 3974 2364 4011 s.
2408 3957 2441 4009 1.
2470 3974 2537 4010 m.
2569 3960 2619 4018 1)

326 4045 382 4106 S,
420 4046 634 4101 addidit
669 4047 833 4116 (corr.
873 4063 938 4101 a
974 4046 1221 4111 adduxit)
1271 4045 1428 4099 V²T²
1642 4049 1673 4099 6
1717 4047 1931 4115 requies
1970 4045 2153 4099 P¹SV
2183 4046 2504 4104 κατάπαυσις
2551 4045 2620 4096 Ti

328 4135 356 4186 7
382 4135 775 4189 obseruandum
815 4134 915 4187 (ῙΤ
1023 4136 1090 4188 10
1118 4135 1322 4188 iustum
1348 4134 1487 4188 P¹V
1630 4139 1692 4188 ut
1716 4151 1818 4190 om.
1848 4134 2043 4187 PV¹T
2152 4135 2218 4186 14
2246 4132 2381 4185 dixit
2410 4132 2621 4185 PSVT

328 4224 391 4277 15
429 4228 500 4288 et,
538 4224 688 4293 quod
734 4222 1071 4277 CPSNV¹T
1092 4224 1382 4292 praeberet,
1421 4224 1626 4278 inclusi
1771 4223 1978 4276 domini
2021 4222 2221 4275 addidi
2355 4221 2420 4273 21
2463 4219 2616 4284 inan-

322 4312 404 4365 nis
452 4316 495 4362 G
637 4311 833 4366 dixerit
883 4311 932 4363 V
1055 4313 1122 4366 25
1162 4313 1440 4382 praecepit
1475 4312 1593 4366 ΡΝ
1602 4311 1750 4366 VTS
1854 4313 1923 4365 26
1961 4327 2027 4365 ne
2067 4312 2217 4378 tunc]
2259 4311 2525 4363 necuncta
2572 4308 2625 4361 V

323 4399 388 4451 27
427 4400 719 4453 azimorum
757 4399 919 4453 PSN
926 4398 1032 4452 VT

2405 4503 2501 4556 13*
