3076 4976
270 1680 321 1719 10

271 2212 323 2253 15

262 3287 319 3328 25

693 494 1171 561 Quaestionum
1209 495 1322 551 lib.
1360 497 1473 550 1111
1509 496 1802 564 (Quaest.
1846 497 1920 551 de
1968 498 2314 564 Numeris).
2519 501 2646 564 355

359 710 544 771 quae
609 692 1083 774 praeparasti
1152 692 1369 757 cuius
1438 695 1698 757 erunt?
1780 711 1858 756 ne
1933 692 2267 774 quisquam
2344 692 2652 776 glorietur

358 797 526 878 quod
574 798 632 862 ei
679 798 963 879 loquitur
1009 798 1164 863 deus
1214 818 1287 863 eo
1335 799 1523 865 modo
1583 817 1706 881 quo
1764 798 2000 862 talibus
2057 798 2443 881 loquendum
2510 818 2650 864 esse

357 904 556 981 nouit,
618 905 865 987 quando
923 908 1138 988 potest
1196 906 1312 970 hoc
1372 911 1433 970 et
1487 906 1771 988 reprobis
1830 906 1983 983 fieri,
2042 905 2190 987 quia
2237 911 2301 970 et
2348 927 2492 971 cum
2542 927 2651 991 per

358 1012 652 1095 angelum
702 1012 985 1094 loquitur
1028 1012 1166 1094 ipse
1212 1013 1515 1094 loquitur.

446 1119 731 1185 XLVIII.
801 1120 986 1200 Quod
1034 1121 1126 1184 ait
1168 1120 1429 1185 Balaam
1477 1120 1707 1184 iterum
1765 1120 1842 1184 ad
1902 1140 1968 1185 se
2024 1120 2238 1185 missis
2294 1120 2651 1185 honoratio·

359 1227 536 1292 ribus
605 1228 873 1292 nuntiis:
952 1228 1014 1291 si
1082 1227 1378 1292 dederit
1450 1228 1633 1291 mihi
1696 1227 1923 1291 Balac
1998 1229 2288 1309 plenam
2356 1229 2647 1292 domum

359 1353 567 1398 suam
626 1337 938 1418 argento
997 1337 1070 1398 et
1125 1353 1334 1411 auro,
1390 1353 1529 1398 non
1588 1338 1849 1417 potero
1918 1334 2436 1417 praeuaricare
2494 1355 2648 1399 uer-

358 1441 528 1505 bum
577 1440 857 1505 domini
904 1440 1117 1512 <dei>
1166 1441 1412 1505 facere
1458 1440 1656 1504 illud
1703 1441 2068 1523 pusillum
2128 1443 2248 1506 uel
2305 1461 2647 1526 magnum

358 1547 429 1611 in
486 1551 731 1611 mente
788 1567 972 1625 mea,
1032 1548 1279 1611 nullum
1339 1548 1530 1611 habet
1588 1548 1840 1612 omnino
1898 1551 2259 1631 peccatum:
2318 1548 2426 1613 sed
2485 1550 2650 1631 quod

360 1655 649 1737 sequitur
693 1675 814 1720 non
865 1657 964 1719 est
1011 1654 1144 1718 sine
1194 1654 1375 1738 graui
1421 1657 1704 1736 peccato.
1779 1655 1905 1719 iam
1955 1655 2120 1719 enim
2170 1660 2463 1720 constans
2512 1675 2650 1720 esse

360 1760 579 1825 debuit
629 1761 824 1825 semel
872 1761 1112 1837 audito,
1165 1762 1331 1843 quod
1380 1762 1438 1826 ei
1476 1761 1717 1825 dixerat
1754 1762 2075 1827 dominus:
2124 1781 2259 1827 non
2301 1762 2446 1827 ibis
2487 1781 2648 1827 cum

360 1868 468 1933 eis
526 1887 761 1949 neque
817 1867 1229 1932 maledices
1288 1870 1677 1951 populum;
1749 1872 1865 1932 est
1922 1868 2109 1932 enim
2180 1867 2646 1946 benedictae,

360 1993 472 2039 nec
537 1975 628 2039 eis
696 1974 888 2038 ullam
957 1993 1134 2056 spem
1203 1973 1378 2052 (lare,
1447 1974 1614 2058 quod
1681 1978 1901 2057 posset
1966 1975 2257 2040 dominus
2323 1977 2650 2056 tamquam

359 2082 495 2163 ipse
532 2081 791 2146 Balaam
837 2081 1204 2146 muneribus
1253 2086 1318 2145 et
1361 2082 1707 2147 honoribus
1753 2082 1950 2147 flexus
1998 2083 2303 2146 aduersus
2341 2084 2648 2165 populum

361 2207 568 2265 suum,
602 2207 789 2270 quem
825 2188 1227 2252 benedictum
1269 2207 1409 2253 esse
1449 2187 1705 2265 dixerat,
1746 2208 1928 2253 suam
1966 2191 2210 2253 mutare
2250 2188 2648 2253 sententiam.

361 2295 472 2359 sed
518 2294 609 2358 ibi
658 2314 723 2359 se
773 2295 1016 2359 uictum
1067 2295 1416 2377 cupiditate
1464 2296 1865 2372 monstrauit,
1905 2295 2014 2359 ubi
2061 2296 2235 2378 loqui
2285 2295 2406 2360 sibi
2456 2295 2652 2360 domi·

358 2422 508 2467 num
565 2401 641 2466 de
697 2403 812 2466 hac
867 2420 933 2465 re
990 2401 1219 2465 iterum
1278 2402 1506 2479 uoluit,
1566 2402 1641 2466 de
1699 2421 1822 2484 qua
1876 2402 2013 2466 eius
2076 2402 2204 2466 iam
2269 2406 2651 2485 cognouerat

357 2511 775 2575 uoluntatem.
860 2509 1012 2590 qnid
1059 2510 1222 2573 enim
1273 2528 1433 2593 opus
1484 2512 1617 2574 erat
1663 2528 1822 2591 quae
1872 2514 2224 2592 sequuntur
2278 2509 2647 2594 adiungere:

360 2620 433 2680 et
479 2635 670 2680 nnnc
719 2617 1104 2680 sustinete
1151 2615 1258 2679 ibi
1310 2619 1382 2680 et
1427 2634 1562 2680 uos
1612 2620 1828 2680 nocte
1876 2617 2030 2694 hac,
2081 2619 2154 2680 et
2201 2616 2429 2680 sciam
2471 2616 2648 2697 quid

359 2722 645 2786 adiciet
710 2722 1055 2787 dominus
1118 2722 1329 2804 loqui
1387 2722 1474 2785 ad
1530 2727 1683 2786 me?
1756 2722 2015 2804 proinde
2073 2722 2366 2786 dominus
2423 2722 2647 2787 uidens

360 2828 496 2893 eius
546 2828 960 2910 cupiditatem
1000 2831 1249 2910 captam
1289 2828 1733 2910 deuictamque
1769 2829 2139 2893 muneribus
2181 2829 2469 2912 permisit
2506 2848 2649 2892 eum

357 2935 465 3013 ire,
514 2938 590 3000 ut
622 2954 736 3018 per
770 2935 1128 2999 iumentum
1167 2954 1292 3017 quo
1332 2935 1683 2999 uehebatur
1720 2935 1858 3000 eius
1898 2935 2232 2999 auaritiam
2270 2936 2655 3011 coherceret,

358 3043 475 3106 hoc
541 3042 681 3124 ipso
751 3041 1143 3106 confundens
1207 3041 1384 3106 illam
1450 3041 1860 3118 dementiam,
1929 3041 2098 3124 quod
2162 3041 2651 3124 prohibitionem

359 3148 595 3214 domini
661 3168 772 3232 per
838 3147 1134 3232 angelum
1201 3149 1433 3213 factam
1498 3148 1853 3231 transgredi
1928 3147 2105 3212 asina
2166 3167 2288 3212 non
2356 3147 2648 3224 audebat,

358 3275 546 3339 quam
612 3255 718 3319 ille
776 3254 1127 3338 cupiditate
1190 3255 1548 3338 transgredi
1611 3258 1960 3332 conaretur,
2028 3254 2323 3336 quamuis
2389 3253 2649 3318 eandem

359 3361 776 3445 cupiditatem
810 3361 1036 3425 timore
1071 3361 1511 3444 supprimeret.
1554 3361 1767 3424 uenit
1805 3361 1970 3425 enim
2010 3361 2189 3426 deus
2230 3361 2316 3425 ad
2345 3361 2646 3424 Balaam

359 3471 580 3534 nocte
641 3472 713 3532 et
769 3468 877 3532 ait
932 3468 1083 3531 illi:
1144 3468 1207 3532 si
1265 3487 1534 3533 uocare
1592 3471 1663 3532 te
1722 3471 2087 3532 uenerunt
2134 3468 2492 3545 hominm,
2543 3486 2646 3531 ex-

535 3732 567 3784 6
605 3731 765 3784 Num.
804 3732 892 3798 22,
935 3732 1000 3785 18
1131 3733 1190 3784 11
1234 3729 1394 3786 Num.
1433 3732 1520 3796 22,
1564 3732 1630 3784 12
1762 3731 1825 3784 19
1865 3728 2025 3784 Num.
2064 3730 2148 3790 22,
2193 3729 2258 3781 19
2380 3729 2447 3781 26
2486 3726 2648 3781 Num.

358 3821 442 3882 22,
483 3821 567 3874 20.
604 3820 670 3873 21

428 3979 460 4031 2
501 3979 627 4049 quo]
656 3978 799 4049 quod
831 3979 876 4032 G
963 3980 994 4032 3
1034 3978 1288 4049 reprobes
1325 3978 1372 4032 C
1458 3981 1489 4031 6
1530 3977 1729 4031 dedirit
1773 3977 1820 4030 G
1923 3976 2114 4029 balaac
2157 3972 2405 4029 CP²V¹S
2491 3973 2523 4027 8
2563 3973 2648 4027 dei

357 4067 558 4121 addidi
702 4067 768 4121 10
807 4084 973 4138 graue
1012 4071 1292 4137 peccatum
1336 4066 1383 4120 0
1544 4067 1609 4120 12
1647 4065 1974 4119 maledicens
2019 4063 2067 4117 0
2225 4064 2291 4117 13
2331 4062 2485 4116 daret
2528 4062 2649 4116 ΟΥ1

361 4157 425 4210 17
463 4157 568 4209 iam
607 4172 710 4210 om.
757 4156 802 4210 C
912 4157 978 4210 18
1016 4161 1172 4210 erant
1208 4155 1370 4210 PSN
1475 4156 1540 4209 21
1582 4158 1818 4208 mentem
1858 4152 2157 4222 cupiditate
2201 4151 2252 4205 T
2429 4150 2647 4204 deuinc-

357 4250 575 4314 tamque
611 4244 678 4298 N
815 4245 1074 4315 permiset
1118 4245 1165 4298 C
1295 4245 1364 4298 22
1403 4243 1641 4298 abaricia
1679 4243 1723 4296 C
1866 4242 2145 4296 cohercere
2190 4240 2237 4294 0
2270 4245 2541 4294 coerceret
2577 4238 2651 4293 bd

357 4334 427 4387 24
467 4334 616 4386 asina
662 4333 705 4387 C
866 4332 1093 4388 auderet
1127 4333 1288 4388 PSN
1293 4333 1344 4386 V
1482 4334 1551 4387 26
1590 4333 1938 4403 supprimerit
1983 4332 2026 4383 G
2167 4330 2236 4384 27
2277 4333 2562 4383 uocarente
2608 4328 2654 4382 C

357 4422 588 4476 hominis
643 4421 691 4476 G
834 4428 963 4492 post
1006 4422 1253 4477 homines
1303 4421 1618 4477 addendum
1668 4422 1785 4476 uel.-
1837 4421 1893 4474 hi
1948 4420 2040 4488 (cf.
2082 4422 2218 4486 354,
2256 4422 2345 4484 19)
2392 4417 2512 4471 uel:
2555 4417 2647 4470 isti

2438 4523 2538 4576 23*
