3076 4976
447 498 577 562 398
1146 497 1198 552 S.
1256 495 1529 550 Aureli
1586 495 2022 564 Augustini

446 692 662 753 autem
716 690 1039 754 moechiae
1095 690 1346 754 nomine
1395 710 1515 755 non
1565 690 1821 753 uidetur
1867 688 1987 752 hoc
2042 692 2254 770 aperte
2309 688 2735 770 prohibuisse,

447 796 742 878 quoniam
790 797 1080 860 moechia
1117 797 1365 861 nonnisi
1404 796 1785 861 adulterium
1828 796 2114 878 intellegi
2154 796 2338 859 solet.
2381 793 2544 857 unde
2584 795 2736 876 quid

444 903 628 967 nobis
677 903 1020 980 uideretur,
1069 902 1157 966 ibi
1205 904 1647 968 tractauimuS.

534 1009 890 1073 XXXVIII.
956 1010 1112 1074 Non
1174 1010 1458 1074 offeres
1522 1010 1940 1074 mercedem
2005 1009 2433 1074 meretricis
2498 1029 2736 1090 neque

448 1117 1114 1181 commutationem
1185 1117 1392 1181 canis
1458 1117 1528 1180 in
1597 1116 1891 1181 domum
1956 1115 2236 1179 domini
2303 1114 2423 1178 dei
2487 1115 2603 1178 tui
2651 1115 2737 1178 ad
2804 1139 2830 1176 5

448 1242 657 1286 omne
733 1227 1017 1300 uotum,
1086 1223 1442 1304 quoniam
1508 1222 1972 1287 abominatio
2039 1221 2336 1286 domino
2407 1220 2538 1286 deo
2609 1225 2740 1285 tuo

447 1330 564 1393 est
611 1333 682 1392 et
728 1333 1163 1411 utrumque:
1215 1329 1385 1411 quod
1433 1330 1524 1394 ita
1560 1329 1976 1413 intellegitur,
2019 1328 2314 1409 quoniam
2354 1327 2737 1393 abominatio

446 1435 698 1500 domino
748 1436 865 1501 deo
916 1440 1025 1500 tuo
1068 1440 1168 1500 est
1215 1441 1278 1500 et
1326 1436 1445 1501 hoc
1495 1456 1615 1501 non
1666 1456 1862 1500 unum
1912 1434 2161 1509 horum,
2212 1435 2322 1498 sed
2378 1437 2738 1516 utrumque.

446 1541 520 1604 de
579 1560 730 1605 cane
798 1543 1030 1625 quippe
1099 1546 1278 1607 uetat
1332 1542 1468 1606 fieri
1526 1542 2088 1607 commutationem
2155 1541 2741 1626 primogenitorum,

446 1668 634 1731 quam
683 1649 860 1714 iubet
906 1650 1042 1713 fieri
1090 1650 1165 1714 de
1214 1650 1353 1714 aliis
1416 1650 1741 1713 inmundis
1803 1648 2206 1725 animalib11S‚
2269 1648 2333 1712 id
2394 1652 2496 1713 est
2556 1648 2738 1730 equis
2784 1672 2837 1710 10

447 1755 749 1820 et'asinis
808 1761 871 1821 et
918 1757 973 1820 si
1040 1756 1194 1839 quid
1260 1762 1359 1821 est
1425 1776 1641 1821 eorum
1711 1775 1870 1838 quae
1940 1756 2245 1820 adiuuant
2312 1755 2628 1820 hominem
2680 1760 2745 1819 et

444 1862 638 1926 latine
686 1882 722 1925 a
781 1863 1058 1928 iuuando
1123 1863 1411 1928 iumenta
1475 1863 1793 1928 dicuntur.
1864 1863 1941 1927 de
2009 1882 2158 1928 cane
2227 1867 2438 1927 autem
2505 1862 2741 1934 noluit:

446 1972 662 2033 utrum
711 1973 775 2034 et
820 1970 895 2034 de
945 1989 1134 2052 porco
1182 1975 1248 2035 et
1294 1988 1485 2051 quare
1546 1970 1840 2046 noluerit,
1899 1970 2345 2051 requirendum
2407 1972 2506 2034 est
2552 1974 2635 2045 et,
2688 1970 2743 2033 si

446 2074 522 2138 de
592 2076 883 2140 omnibus
959 2076 1198 2141 talibus
1275 2076 1501 2153 noluit,
1581 2095 1773 2157 quare
1849 2077 2059 2141 solum
2125 2096 2342 2141 canem
2407 2076 2531 2140 isto
2598 2076 2742 2140 loco

446 2186 775 2264 exceptum
841 2183 1080 2247 fecerit.
1153 2183 1228 2247 de
1296 2183 1585 2247 mercede
1651 2187 1862 2247 autern
1930 2183 2282 2247 meretricis
2349 2187 2422 2246 ut
2486 2183 2743 2271 diceret⁹
2789 2206 2838 2244 ιδ

445 2288 701 2353 uidetur
747 2308 821 2354 ea
878 2309 1017 2354 esse
1076 2309 1286 2363 causa,
1347 2290 1495 2374 quia
1552 2290 1845 2372 superius
1904 2289 2296 2373 prohibuerit
2351 2309 2491 2353 esse
2546 2309 2743 2354 mere-

444 2397 668 2459 tricem
717 2396 792 2459 de
840 2396 1095 2461 filiabus
1144 2396 1389 2460 Israhel
1440 2398 1552 2461 aut
1599 2415 1986 2477 quemquam
2033 2395 2310 2460 filiorum
2358 2395 2601 2460 Israhel
2647 2396 2744 2460 uti

443 2503 805 2578 meretrice;
882 2506 947 2567 et
1012 2522 1087 2568 ne
1156 2506 1529 2587 subreperet
1604 2504 1978 2587 cogitationi
2053 2504 2283 2586 expiari
2358 2522 2547 2587 posse
2623 2504 2743 2568 hoc

443 2612 800 2692 peccatum,
868 2610 923 2674 si
989 2610 1232 2692 aliquid
1295 2610 1440 2674 inde
1508 2610 1838 2675 offerretur
1882 2611 1944 2674 in
2004 2610 2336 2692 templum,
2405 2609 2741 2674 dicendum

444 2715 569 2779 fuit
616 2715 781 2797 quod
831 2716 916 2780 sit
964 2715 1350 2780 abominatio
1401 2716 1676 2781 domino.
2784 2740 2838 2778 ει)

535 2821 920 2886 XXXVIIII.
979 2822 1353 2886 Morietur
1409 2822 1529 2886 fur
1576 2823 1709 2887 ille
1758 2861 1844 2869 —
1890 2823 1958 2887 id
2015 2827 2116 2887 est
2172 2822 2281 2905 qui
2339 2823 2587 2888 furatus
2646 2827 2746 2886 est

450 2927 772 2991 hominem
837 2965 921 2974 —
993 2932 1068 2992 et
1131 2928 1504 2993 auferetis
1580 2930 1991 3014 malignum
2069 2949 2150 2994 ex
2227 2929 2449 2994 uobis
2529 2929 2741 3012 ipsis,

450 3033 707 3115 assidue
782 3035 901 3098 hoc
969 3035 1127 3099 dicit
1201 3035 1533 3118 scriptura,
1607 3056 1753 3100 cum
1817 3037 1997 3102 iubet
2063 3036 2265 3102 occidi
2330 3037 2554 3101 malos.
2621 3055 2742 3118 qna

449 3139 769 3204 locutione
816 3160 975 3205 usus
1026 3145 1124 3205 est
1172 3141 1361 3206 etiam
1412 3144 1765 3225 apostoluS‚
1816 3163 1960 3207 cum
2009 3143 2274 3208 diceret:
2326 3143 2505 3226 quid
2552 3143 2742 3206 enim

448 3246 631 3311 mihi
682 3246 767 3310 de
817 3247 932 3311 his
981 3248 1108 3330 qui
1156 3249 1344 3312 foris
1395 3252 1576 3314 sunt
1621 3249 1998 3314 indicere?
2045 3269 2281 3316 nonne
2331 3250 2415 3314 de
2454 3250 2571 3313 his
2612 3246 2739 3330 qui
2779 3274 2833 3314 25

449 3352 657 3417 intus
737 3357 912 3417 sunt
991 3373 1127 3418 uos
1194 3355 1607 3421 iudicatis?
1673 3357 1968 3422 auferte
2034 3358 2305 3421 malum
2377 3376 2456 3420 ex
2521 3354 2740 3420 uobis

451 3458 662 3541 ipsis,
694 3478 838 3523 nam
870 3480 1136 3544 graecus
1170 3461 1361 3526 habet
1390 3463 1490 3524 τὸν
1528 3466 1809 3548 πονηρόν,
1851 3465 2019 3546 quod
2060 3464 2251 3529 etiam
2290 3463 2392 3528 hic
2434 3463 2745 3544 scriptum

632 3668 665 3719 2
713 3667 777 3720 cf.
819 3672 1027 3737 quaest.
1071 3667 1137 3722 de
1174 3668 1357 3722 Exodo
1399 3673 1610 3739 quaest.
1649 3669 1822 3725 LXXI
1957 3673 1992 3724 4
2036 3671 2202 3724 Deut.
2242 3671 2327 3735 23,
2372 3671 2437 3725 18
2576 3671 2639 3724 16
2678 3671 2745 3727 cs.

452 3756 616 3808 Deut.
658 3756 744 3819 23,
788 3758 851 3809 17
965 3756 1030 3810 21
1072 3758 1234 3814 Deut.
1273 3758 1359 3820 24,
1400 3759 1432 3811 9
1474 3760 1553 3824 (7)
1668 3761 1736 3812 24
1773 3759 1798 3812 1
1841 3758 1959 3813 Cor.
2001 3763 2050 3823 5,
2095 3761 2174 3816 12.
2220 3760 2284 3812 13

529 3880 554 3933 1
604 3880 802 3932 moetie
850 3879 991 3935 P¹S¹
1043 3881 1246 3952 moecie
1292 3879 1435 3935 ΝΠι
1617 3884 1650 3935 2
1696 3883 1896 3953 moetie
1933 3883 2055 3937 P¹S
2101 3883 2302 3953 moecie
2351 3882 2401 3938 U
2448 3884 2653 3936 moecia
2689 3882 2754 3935 N

456 3969 599 4023 solet
636 3968 885 4038 intellegi
924 3970 990 4023 N
1117 3971 1153 4023 3
1189 3971 1548 4025 tractabimus
1585 3972 1720 4025 ΡΝ1
1858 3974 1886 4025 7
1928 3977 2142 4026 et—est
2179 3989 2279 4025 om.
2319 3972 2373 4025 P
2495 3971 2559 4025 12
2598 3987 2630 4024 a
2666 3972 2747 4024 iu-

455 4057 657 4127 uando]
703 4057 1013 4112 adiuuando
1050 4058 1114 4113 N
1122 4059 1176 4113 U
1291 4061 1354 4113 13
1395 4065 1451 4113 et
1491 4067 1622 4114 ante
1659 4076 1823 4129 quare
1861 4077 1964 4116 om.
2009 4062 2060 4114 T
2199 4061 2378 4114 noluit
2425 4060 2476 4114 V
2592 4062 2653 4113 15
2693 4064 2750 4113 et

455 4146 522 4200 de
570 4146 638 4199 V·
752 4148 816 4201 16
854 4147 1205 4217 prohibuerat
1241 4147 1408 4202 SUN
1513 4149 1576 4202 17
1614 4149 1846 4203 israeliti
1881 4150 1936 4202 P
2044 4150 2110 4204 18
2147 4150 2451 4219 subriperet
2484 4147 2694 4204 PSVU
2703 4147 2753 4202 Τ

455 4239 641 4304 posset
675 4236 804 4289 ΡΤι
900 4239 963 4291 19
1002 4237 1256 4291 offeretur
1292 4237 1456 4291 PSU
1559 4238 1779 4292 offerere
1816 4238 2187 4309 turitemplum
2223 4237 2291 4292 N
2374 4240 2443 4292 22
2478 4237 2748 4290 hominem

457 4341 576 4392 exp.
630 4323 678 4377 V
793 4324 1018 4394 ἐξαιρεῖτε
1058 4326 1175 4380 cod.
1213 4327 1372 4380 Alex.
1466 4327 1535 4381 26
1572 4327 1854 4381 iudicastis
1903 4326 1954 4379 V
2092 4327 2364 4380 nobismet
2399 4327 2455 4380 P
2542 4327 2609 4379 27
2634 4313 2748 4378 Τῶἷι

457 4401 713 4483 ροῐιεῐοῐῖ
730 4414 889 4468 PSN
901 4414 1009 4468 VU
1014 4414 1063 4467 T
