3076 4976
371 490 499 551 268
1077 486 1128 536 S.
1191 482 1457 535 Aureli
1516 482 1955 551 Augustini

370 679 663 763 quoniam
713 678 1018 761 quaedam
1068 677 1145 741 ad
1193 694 1371 740 escas
1421 676 1797 758 pertinentia
1844 675 2245 740 sacerdotum
2294 675 2586 758 prohibet
2631 694 2666 737 a

369 786 622 851 seminis
671 784 891 866 accipi,
944 784 1055 847 sed
1103 804 1136 847 a
1186 783 1489 847 masculis
1538 783 1735 846 iubet.

462 893 620 959 Cum
680 892 1038 974 quaesisset
1090 890 1346 972 Moyses
1407 908 1667 971 caprum
1725 889 2006 953 oblatum
2064 908 2174 972 pro
2241 888 2460 971 populi
2523 908 2664 970 pec-

371 1002 530 1065 catis
597 1004 660 1063 et
725 1019 845 1063 non
910 998 1284 1074 inuenisset,
1353 996 1650 1078 quoniam
1708 997 1914 1060 suerat
1969 996 2283 1071 incensuS,
2344 1001 2407 1059 et
2464 996 2662 1060 iratus

371 1109 562 1183 esset,
621 1106 792 1188 quod
850 1124 943 1183 ea,
1002 1124 1162 1186 quae
1219 1124 1328 1187 pro
1385 1107 1645 1186 peccato
1704 1123 1739 1166 a
1793 1104 2027 1184 populo
2086 1103 2472 1173 offerrentur,
2523 1122 2665 1167 con·
2729 1130 2753 1165 s

371 1214 586 1278 stituit
642 1212 935 1276 dominus
993 1210 1430 1275 sacerdotibus
1487 1208 1727 1273 edenda
1782 1209 1925 1273 inde
1983 1209 2213 1273 oblatis
2262 1209 2552 1291 adipibus
2602 1213 2667 1274 et

367 1320 648 1393 renibus,
714 1319 916 1382 iratus
984 1319 1195 1381 autern
1265 1318 1439 1379 esset
1501 1334 1623 1379 non
1688 1315 1863 1379 fratri
1930 1335 2068 1393 suo,
2125 1316 2239 1379 sed
2294 1315 2443 1380 filiis
2502 1316 2663 1393 eiuS,

369 1426 555 1492 credo
597 1424 764 1507 quod
805 1424 882 1488 ad
922 1442 1029 1487 eos
1071 1421 1452 1507 suggerendi
1491 1422 1915 1486 ministerium
1953 1423 2312 1506 pertineret,
2342 1422 2668 1506 respondit

367 1534 462 1597 illi
528 1532 735 1596 Aaron
805 1533 871 1595 et
934 1531 1056 1594 ait:
1126 1530 1194 1593 si
1259 1529 1502 1593 hodie
1571 1529 2050 1593 obtulerunt
2115 1548 2201 1593 ea
2265 1549 2463 1611 quae
2530 1550 2663 1611 pro

368 1641 701 1720 peccato
769 1638 1105 1701 illorum
1178 1639 1366 1699 sunt
1424 1638 1500 1698 et
1557 1634 2048 1700 holocausta
2104 1655 2247 1699 sua
2305 1639 2486 1699 ante
2545 1636 2662 1699 do·
2707 1665 2753 1700 ιο

366 1746 661 1809 minum
713 1747 792 1808 et
837 1743 1377 1826 contigerunt
1413 1741 1612 1805 mihi
1651 1742 1853 1805 talia
1895 1744 1972 1805 et
2010 1742 2413 1806 comedam
2452 1742 2663 1823 quod

371 1855 498 1915 est
543 1871 680 1934 pro
731 1853 1068 1932 peccato
1128 1848 1398 1925 hodie,
1457 1849 1840 1930 numquid
1898 1849 2290 1931 placitum
2342 1848 2499 1912 erit
2546 1848 2662 1913 do·

375 1958 634 2022 mino?
688 1961 764 2021 et
811 1956 1138 2020 audiuit
1183 1956 1507 2037 Moyses
1558 1959 1634 2018 et
1677 1956 1996 2037 placuit
2041 1955 2196 2019 illi.
2246 1956 2364 2020 hoc
2413 1956 2666 2019 uidetur

375 2066 607 2129 dixisse
672 2063 901 2137 Aaron,
969 2063 1139 2143 quod
1202 2062 1340 2144 ipso
1407 2062 1530 2127 die.
1599 2081 1720 2144 quo
1788 2062 2061 2144 primum
2127 2061 2489 2126 obtulerant
2551 2062 2664 2126 filii

367 2171 608 2235 Israhel
654 2188 765 2251 pro
813 2173 1074 2252 peccato
1125 2189 1260 2245 suo,
1311 2188 1430 2233 non
1474 2168 1696 2233 debuit
1731 2188 1767 2231 a
1805 2169 2239 2233 sacerdotibus
2278 2168 2663 2246 manducari,
2710 2200 2752 2235 ιε

371 2278 482 2342 sed
530 2280 736 2341 totum
787 2276 1057 2351 incendi,
1107 2296 1227 2339 non
1278 2276 1418 2339 inde
1465 2276 1751 2358 regulam
1797 2276 2031 2339 faciens
2088 2276 2165 2339 ad
2222 2281 2461 2343 cetera:
2518 2294 2664 2339 nam

368 2385 663 2465 deinceps
732 2382 1040 2447 sacrificia
1102 2401 1212 2465 pro
1279 2383 1559 2464 peccatis
1615 2382 1741 2465 ipsi
1801 2381 2088 2446 edebant.
2173 2382 2283 2446 sed
2341 2382 2490 2464 quia
2543 2381 2662 2445 hoc

365 2490 641 2572 primum
691 2490 816 2554 fuit
858 2490 997 2570 ipso
1045 2488 1248 2571 primo
1299 2487 1398 2552 die
1445 2488 1742 2569 primitus
1792 2488 2096 2564 oblatum,
2136 2487 2516 2553 credendum
2566 2491 2665 2550 est

366 2597 573 2661 Aaron
624 2596 1016 2661 sacerdotem
1065 2595 1183 2660 hoc
1233 2595 1448 2659 diuina
1505 2595 1915 2677 inspiratione
1973 2596 2224 2672 dixisse,
2274 2600 2348 2659 ut
2394 2599 2457 2659 et
2502 2593 2664 2657 illud

369 2703 535 2766 circa
572 2703 934 2767 sacerdotes
976 2702 1268 2785 deinceps
1309 2706 1683 2778 seruaretur,
1724 2702 1887 2785 quod
1928 2709 2333 2786 praeceperat
2368 2703 2663 2767 dominus
2699 2732 2752 2772 20

369 2809 601 2892 Moysi,
660 2813 725 2872 et
781 2810 898 2873 hoc
956 2807 1125 2890 quod
1180 2810 1385 2872 Aaron
1445 2808 1604 2872 dixit
1657 2814 1982 2891 tamquam
2047 2809 2356 2873 diuinitus
2420 2809 2660 2873 dictum

367 2915 624 2998 Moyses
674 2913 1063 2996 adprobaret.
1142 2913 1293 2994 quid
1343 2932 1489 2997 ergo
1540 2914 1615 2977 de
1664 2915 1893 2978 ceteris
1951 2915 2234 2979 eiusdem
2293 2915 2419 2979 diei
2475 2914 2660 2979 sacri·

367 3021 550 3098 ficiis,
619 3019 682 3083 id
742 3024 841 3083 est
896 3019 971 3082 de
1029 3018 1220 3083 ariete
1280 3023 1344 3082 et
1407 3020 1636 3095 uitulo,
1704 3040 1862 3102 quae
1930 3021 2200 3085 diximus
2269 3022 2456 3086 etiam
2522 3021 2662 3103 ipsa

366 3147 478 3210 pro
525 3130 788 3209 peccato
839 3127 1051 3190 oblata
1099 3125 1321 3190 debere
1367 3127 1704 3211 intellegi?
1752 3147 1827 3190 an
1870 3127 1945 3191 de
1984 3127 2188 3193 uitulo
2229 3128 2402 3191 nulla
2441 3145 2661 3208 quaes-

367 3234 456 3298 tio
542 3238 678 3306 est,
749 3234 1040 3315 quoniam
1108 3233 1439 3314 oportebat
1503 3234 1595 3297 sic
1660 3234 1815 3308 fieri,
1882 3238 1955 3298 ut
2019 3235 2093 3299 de
2155 3235 2292 3299 eius
2359 3234 2661 3317 sanguine
2696 3268 2749 3306 25

368 3340 901 3422 quemadmodum
976 3345 1385 3422 praeceptum
1460 3341 1665 3404 suerat
1738 3342 2291 3418 intromitteretur,
2361 3341 2528 3406 unde
2599 3347 2663 3405 et

367 3451 775 3537 tangerentur
823 3465 1056 3511 cornua
1093 3447 1310 3510 altaris
1350 3448 1608 3525 incensi,
1651 3453 1715 3511 et
1752 3468 2144 3531 consequens
2183 3454 2333 3527 erat,
2375 3453 2449 3513 ut
2483 3452 2659 3512 totus

368 3553 659 3617 arderet?
735 3553 886 3635 quid
944 3572 1091 3636 ergo
1151 3553 1225 3616 de
1276 3553 1516 3618 ariete?
1566 3573 1642 3618 an
1700 3555 1997 3636 quoniam
2062 3556 2335 3639 primum
2403 3575 2658 3639 caprum

368 3659 688 3741 quaesiuit
733 3660 1010 3742 Moyses,
1069 3659 1237 3741 quod
1295 3659 1370 3723 de
1430 3679 1614 3742 capro
1670 3661 1766 3724 illi
1822 3681 2198 3744 responsum
2254 3667 2371 3736 est,
2430 3663 2549 3727 hoc
2597 3665 2660 3726 et

539 3903 571 3954 3
612 3901 678 3956 cf.
717 3902 847 3957 Leu.
892 3904 975 3966 10,
1017 3905 1224 3957 16-19
1318 3905 1349 3957 9
1389 3905 1518 3959 Leu.
1563 3907 1646 3968 lo,
1692 3907 1772 3962 19.
1815 3907 1882 3961 20
1975 3908 2043 3960 24
2083 3906 2147 3962 cf.
2189 3907 2318 3962 Leu.
2360 3910 2409 3968 4,
2448 3909 2657 3961 17-20

434 4045 467 4095 4
499 4042 749 4096 fueritN
816 4046 849 4098 ὃ
879 4049 964 4097 est
983 4045 1175 4097 SP1V·
1286 4047 1579 4099 offerentur
1605 4047 1809 4102 CPSN
1876 4052 1907 4103 6
1938 4048 2136 4102 oblatis
2163 4048 2291 4102 inde
2310 4048 2660 4103 PSNVde

367 4134 395 4185 7
436 4137 582 4186 esset
619 4137 676 4186 et
711 4132 777 4185 N
864 4134 930 4186 10
969 4135 1214 4187 olocauta
1260 4135 1306 4188 O
1388 4137 1447 4187 11
1493 4137 1825 4204 contigerint
1864 4142 1919 4200 (n
1956 4155 1997 4191 s.
2040 4138 2097 4201 l.)
2144 4139 2189 4191 C
2272 4138 2336 4192 13
2366 4138 2579 4191 audibit
2615 4138 2662 4191 C

368 4223 434 4273 14
472 4223 600 4291 quo]
642 4221 784 4291 quod
822 4220 1032 4275 P¹S¹V
1159 4225 1220 4276 17
1260 4223 1360 4276 hoc
1398 4239 1499 4277 om.
1552 4224 1600 4273 V
1730 4227 1793 4280 18
1832 4227 2003 4296 primo
2040 4243 2080 4280 s.
2124 4227 2160 4280 l.
2201 4244 2265 4280 m.
2306 4232 2336 4280 1
2380 4227 2427 4281 C
2459 4243 2560 4281 om.
2610 4227 2660 4279 T

367 4311 433 4364 19
472 4311 799 4380 aspiratione
838 4310 1071 4364 PVNT
1192 4314 1259 4365 22
1300 4312 1365 4365 de
1404 4315 1599 4367 ceteris
1637 4331 1757 4383 sup.
1799 4332 1915 4384 erp.
1958 4316 2207 4369 diceretis
2256 4315 2309 4368 V
2466 4316 2569 4369 dici
2616 4315 2663 4368 C

365 4400 433 4451 26
474 4402 528 4452 et
566 4415 667 4453 om.
714 4398 887 4452 CNT¹
