3076 4976
383 523 512 587 310
1078 520 1131 574 S.
1189 520 1464 574 Aureli
1521 520 1960 590 Augustini

376 715 575 777 tatem
624 714 683 776 in
737 716 1060 778 alterutris
1107 716 1285 799 prius
1334 715 1393 779 in
1447 735 1669 799 graeco
1729 716 2038 781 accidisse
2096 715 2365 779 arbitror
2417 717 2676 797 propter

376 820 556 883 uerbi
633 821 911 885 similem
988 841 1247 898 sonum3
1327 824 1667 906 βεβήλωσις
1743 823 1910 886 enim
1987 821 2338 905 profanatio
2418 820 2670 895 dicitur,

379 927 700 1008 βεβαίωσις
748 931 960 992 autem
1010 929 1428 994 confirmatio.
1506 929 1618 993 sed
1664 930 1772 993 ille
1824 948 2049 994 sensus
2096 930 2351 1009 apertus
2407 930 2538 990 est:
2596 932 2672 990 et

376 1036 598 1095 terra
664 1053 812 1098 non
883 1036 1520 1100 uenumdabitur
1576 1036 1651 1100 in
1710 1036 2395 1118 profanationem,
2453 1034 2519 1097 id
2574 1036 2672 1097 est

373 1157 449 1201 ne
501 1139 643 1220 quis
693 1140 953 1205 auderet
999 1145 1247 1219 terram,
1297 1163 1485 1225 quam
1527 1144 1775 1225 accepit
1810 1162 1846 1206 a
1885 1142 2024 1219 deo,
2063 1141 2335 1206 uendere
2371 1140 2669 1224 profanis,
2730 1161 2757 1199 5

375 1244 482 1326 qui
540 1264 612 1309 ea
669 1249 932 1310 utantur
987 1247 1065 1310 ad
1120 1248 1493 1331 inpietatem
1561 1249 1931 1331 cultumque
1998 1247 2257 1312 deorum
2324 1248 2670 1310 alienorum

375 1354 567 1432 atque
606 1352 938 1417 falsorum.
988 1355 1151 1418 illud
1199 1358 1411 1419 autem
1464 1355 1933 1420 subobscurum
1981 1358 2112 1419 est:
2163 1374 2308 1418 non
2357 1372 2668 1418 uenum-

375 1456 711 1522 dabitur
791 1462 1011 1525 terra
1084 1462 1159 1524 in
1238 1461 1973 1526 confirmationem.
2066 1460 2236 1543 quod
2316 1464 2472 1543 puto
2546 1480 2666 1523 non

374 1564 899 1649 intellegendum,
958 1568 1081 1632 nisi
1139 1588 1215 1633 ne
1273 1570 1364 1633 ita
1418 1569 1703 1633 uenditio
1762 1567 2184 1644 confirmetur,
2241 1569 2315 1631 ut
2361 1585 2499 1630 eam
2549 1586 2669 1630 non

374 1670 641 1752 recipiat
696 1674 991 1738 uenditor
1045 1679 1331 1757 tempore
1387 1674 1806 1752 remissioniS,
1866 1675 2037 1739 sicut
2089 1676 2495 1757 praeceptum
2551 1678 2668 1737 est.
2710 1698 2760 1737 ιο

376 1778 544 1857 quod
617 1797 769 1844 uero
847 1782 1134 1863 sequitur
1207 1783 1460 1864 utrique
1528 1782 1746 1846 sensui
1811 1784 2025 1864 potest
2088 1799 2462 1864 congruere,
2532 1780 2669 1843 siue

382 1883 663 1967 legatur:
695 1891 775 1950 et
802 1892 1020 1952 terra
1048 1907 1196 1952 non
1228 1888 1868 1953 uenumdabitur
1897 1888 1965 1951 in
1997 1887 2667 1970 profanationem,

382 1989 555 2055 siue:
606 1992 680 2056 in
732 1994 1461 2060 confirmationem.
1540 1997 1804 2059 secutus
1855 1994 2087 2076 quippe
2137 1992 2447 2056 adiunxit:
2504 2010 2671 2055 mea

382 2096 592 2161 enim
641 2103 768 2163 est
815 2104 1061 2179 terra,
1121 2104 1459 2184 propter
1516 2100 1725 2183 quod
1769 2099 2180 2182 proselyti
2228 2102 2304 2163 et
2348 2098 2667 2162 incolae

377 2222 520 2269 uos
572 2207 781 2270 estis
830 2211 1011 2271 ante
1059 2228 1192 2272 me.
2706 2227 2756 2265 ιε»

474 2312 640 2378 XCI.
707 2315 804 2378 Et
849 2334 988 2397 per
1034 2334 1335 2379 omnem
1383 2318 1679 2379 terram
1724 2311 2293 2396 possessionis
2340 2313 2667 2374 uestrae

378 2420 826 2483 mercedem
896 2421 1207 2486 dabitis
1281 2425 1572 2485 terrae.
1658 2420 1766 2484 alii
1832 2423 2044 2484 autem
2112 2417 2361 2482 codices
2437 2415 2672 2480 habent

384 2526 1070 2610 „redemptionem
1129 2527 1438 2592 dabitis
1497 2531 1832 2593 terrae“.
1911 2544 2138 2592 sensus
2187 2543 2336 2609 ergo
2385 2524 2490 2587 hic
2537 2527 2666 2586 est:

378 2651 529 2696 non
599 2634 1236 2698 uenumdabitur
1299 2638 1518 2699 terra
1575 2635 1648 2698 in
1706 2632 2390 2716 profanationem,
2449 2629 2516 2693 id
2572 2633 2669 2692 est

375 2741 507 2805 illis
568 2740 677 2821 qui
737 2759 810 2803 ea
865 2743 1128 2804 utantur
1182 2741 1244 2804 in
1302 2741 1597 2805 iniuriam
1661 2740 1985 2814 creatoriS,
2044 2743 2180 2803 aut:
2247 2738 2322 2801 in
2382 2735 2667 2801 confir·
2705 2763 2759 2801 πο

376 2846 845 2923 mationem,
902 2845 968 2910 id
1026 2851 1126 2911 est
1180 2851 1250 2910 ut
1307 2866 1444 2911 eam
1504 2849 1753 2930 emptor
1806 2849 2110 2930 perpetuo
2174 2843 2500 2926 possideat
2553 2861 2667 2906 nec

378 2957 549 3016 certo
600 2952 951 3016 secundum
1000 2953 1099 3017 dei
1158 2957 1566 3035 praeceptum
1619 2952 1957 3018 interuallo
2014 2969 2319 3016 annorum
2372 2948 2671 3014 restituat

375 3058 713 3122 uenditori.
789 3078 959 3122 mea
1017 3060 1222 3123 enim
1280 3062 1436 3137 est,
1493 3060 1727 3141 inquit,
1787 3063 2036 3123 terra:
2095 3057 2259 3121 unde
2317 3055 2667 3120 secundum

377 3184 590 3228 meum
638 3169 1046 3247 praeceptum
1095 3185 1168 3230 ea
1212 3166 1309 3229 uti
1359 3165 1628 3231 debetis,
1706 3168 1895 3247 atque
1950 3168 2027 3228 ut
2084 3163 2441 3228 ostenderet
2488 3181 2665 3226 suam

381 3292 541 3350 esse,
601 3293 722 3337 non
780 3273 1086 3356 ipsorum,
1148 3274 1299 3355 quid
1353 3273 1479 3355 ipsi
1533 3273 1597 3336 in
1657 3292 1730 3337 ea
1785 3275 2017 3347 essent,
2067 3272 2522 3353 consequenter
2567 3267 2670 3331 ad·
2706 3296 2758 3335 2⁵

386 3379 590 3443 iunxit
639 3379 888 3444 dicens:
948 3385 1282 3462 propter
1329 3380 1536 3463 quod
1583 3378 1989 3460 proselyti
2037 3381 2115 3441 et
2157 3376 2478 3442 incolae
2524 3392 2666 3440 uos

380 3486 592 3550 estis
643 3491 825 3550 ante
872 3506 1016 3564 me,
1065 3487 1186 3551 hoc
1238 3489 1368 3550 est:
1419 3485 1711 3568 quamuis
1761 3484 2086 3568 proselyti,
2135 3484 2200 3547 id
2246 3484 2346 3547 est
2390 3482 2668 3546 aduenae

379 3592 510 3656 sint
565 3592 771 3668 uobiS,
832 3593 935 3676 qui
998 3612 1068 3656 ex
1127 3592 1500 3675 alienigenis
1562 3591 1993 3675 adiunguntur
2047 3589 2220 3673 genti
2274 3592 2546 3664 uestrae,
2605 3591 2669 3651 et

376 3699 643 3776 incolae,
704 3699 768 3762 id
826 3703 925 3763 est
982 3719 1103 3763 non
1162 3700 1223 3762 in
1282 3703 1445 3763 terra
1499 3698 1750 3782 propria
1804 3701 2151 3774 manenteS,
2206 3700 2417 3760 tamen
2475 3694 2665 3759 etiam

563 3926 626 3978 13
667 3926 796 3982 Lou.
834 3927 918 3984 25,
961 3927 1028 3979 23
1146 3926 1209 3979 16
1248 3927 1379 3980 Len.
1418 3925 1505 3986 25,
1544 3926 1614 3978 24

451 4087 485 4138 2
524 4085 920 4139 BEBELosls
967 4085 1013 4138 C
1045 4085 1336 4138 bebellosis
1375 4084 1441 4138 N
1472 4083 1822 4139 BEBLOSIS
1859 4084 2073 4138 PSVT
2247 4085 2279 4136 3
2315 4081 2663 4136 BEBEOSIS

386 4172 540 4227 CPN
579 4173 975 4228 BEBELOSIS
1003 4175 1048 4229 S
1082 4174 1434 4228 BEBLOSIS
1472 4173 1525 4226 V
1556 4173 1823 4226 bebleosis
1858 4174 1908 4227 T
2012 4177 2043 4226 5
2084 4171 2296 4225 auderit
2329 4171 2376 4225 0
2481 4173 2513 4224 9
2551 4169 2664 4222 nesi

379 4278 446 4315 ne
484 4263 532 4316 C
604 4264 669 4317 10
699 4264 1127 4332 repromissionis
1157 4263 1221 4316 N
1293 4265 1365 4316 14
1395 4266 1479 4315 est
1508 4262 1647 4314 enim
1685 4261 1786 4314 CT
1889 4265 2030 4331 terre
2060 4260 2105 4315 S
2187 4262 2254 4314 20
2273 4277 2365 4328 pr.
2398 4260 2451 4312 in
2481 4276 2581 4313 om.
2620 4257 2669 4310 T

379 4353 448 4405 23
490 4355 573 4404 est
610 4353 750 4405 enim
792 4352 865 4405 bei
1009 4355 1078 4405 24
1117 4353 1361 4405 debeatis
1401 4350 1543 4404 P¹N
1680 4351 1747 4402 27
1788 4351 1918 4403 estis
1956 4367 2057 4404 om.
2106 4350 2157 4403 T
2262 4351 2329 4403 28
2397 4364 2533 4418 quae
2573 4346 2671 4401 ΓΕ

380 4441 742 4511 aligenigenis
781 4442 834 4494 P
979 4443 1054 4509 et]
1095 4445 1157 4493 ut
1203 4438 1251 4490 T
1263 4441 1314 4494 V
