3076 4976
459 468 593 529 440
1171 464 1221 516 S.
1281 462 1555 516 Aureli
1614 463 2051 532 Augustini

464 658 876 739 subiugatum
947 661 1045 721 est
1110 677 1298 738 quam
1358 660 1604 739 septem
1661 658 1808 723 illae
1868 661 2088 740 gentes
2145 658 2473 733 tenebant3
2532 678 2601 723 ac
2649 680 2760 742 per

463 766 581 828 hoc
628 768 780 828 tunc
818 764 880 827 in
924 764 1300 828 seruitutem
1346 763 1638 828 redactae
1679 775 1830 828 sunt
1867 784 1986 827 non
2028 769 2270 847 septem
2315 765 2427 828 sed
2463 765 2756 829 undecim

464 874 702 956 gentes
765 871 932 953 quod
992 872 1158 935 enim
1204 872 1265 935 in
1314 872 1680 955 Regnorum
1738 871 1916 935 libris
1978 871 2288 960 scriptum
2347 877 2470 939 est:
2524 892 2759 955 usque

463 979 549 1043 ad
617 979 813 1043 fines
880 979 1209 1062 Aegypti
1275 999 1310 1042 a
1374 978 1713 1055 flumine,
1783 998 1927 1042 cnm
1996 979 2310 1061 scriptura
2375 981 2450 1042 ab
2521 980 2758 1044 oriente

463 1106 663 1168 usque
714 1086 791 1149 ad
840 1086 1232 1150 occidentem
1282 1090 1587 1167 quantum
1636 1090 1996 1169 porrectum
2048 1090 2220 1150 esset
2256 1104 2522 1169 regnum
2562 1088 2762 1151 uellet
2823 1110 2849 1149 5

467 1193 816 1270 ostendere,
877 1192 995 1257 hoc
1052 1193 1221 1256 idern
1277 1194 1339 1256 in
1394 1192 1647 1269 Genesi,
1708 1213 1853 1257 cum
1911 1192 1987 1255 ab
2039 1193 2366 1257 occidente
2422 1213 2625 1275 usque
2682 1194 2761 1257 ad

468 1300 769 1364 orientem
806 1300 1261 1382 praefiniretur,
1296 1299 1536 1363 dictum
1573 1302 1701 1364 est:
1743 1319 1777 1362 a
1806 1300 2123 1364 flumine
2153 1301 2482 1383 Aegypti
2523 1320 2760 1381 usque

468 1408 556 1471 ad
596 1408 880 1470 flumen
929 1426 1271 1489 magnum
1322 1408 1707 1477 (flumen)
1759 1407 2211 1488 Euphraten.
2253 1407 2484 1470 flumen
2530 1407 2762 1488 quippe

466 1514 762 1597 Aegypti,
796 1513 902 1594 qui
936 1512 1076 1577 finis
1118 1517 1216 1577 est
1255 1513 1700 1577 disterminans
1741 1533 2008 1597 regnum
2047 1514 2289 1577 Israhel
2331 1514 2406 1577 ab
2445 1514 2761 1596 Aegypto,

466 1641 586 1685 non
647 1624 744 1684 est
798 1620 1007 1695 Nilus,
1066 1620 1177 1683 sed
1235 1620 1397 1683 alius
1458 1624 1558 1684 est
1622 1640 1742 1685 non
1801 1640 2070 1702 magnus
2136 1620 2398 1691 fluuius,
2458 1621 2564 1702 qui
2621 1621 2764 1683 fluit
2807 1644 2856 1678 ιι»

468 1748 576 1811 per
641 1727 1138 1792 Rhinocoruram
1207 1727 1557 1801 ciuitatem.
1627 1728 1790 1791 unde
1856 1728 1981 1790 iam
2033 1727 2109 1790 ad
2168 1727 2470 1791 orientem
2539 1746 2765 1790 uersus

466 1835 694 1916 incipit
748 1840 911 1898 terra
976 1834 1436 1917 promissionis.
1507 1834 1600 1897 sic
1649 1852 1795 1917 ergo
1854 1835 2061 1898 fuerat
2127 1835 2547 1898 constitutum
2613 1834 2764 1897 filiis

469 1942 732 2018 Israhel,
799 1944 871 2004 ut
939 1943 1179 2021 septem
1250 1939 1534 2023 gentium
1613 1944 1809 2003 terras
1878 1939 2306 2003 exterminatis
2375 1944 2438 2003 et
2499 1939 2764 2021 perditis

470 2047 601 2111 illis
652 2047 949 2130 gentibus
997 2046 1121 2128 ipsi
1168 2046 1615 2121 inhabitarent,
1667 2046 1808 2109 aliis
1857 2050 2069 2109 autem
2116 2051 2452 2129 regnarent
2490 2046 2765 2110 subditis

473 2157 662 2235 atque
721 2153 1071 2217 tributariis
1129 2171 1330 2233 usque
1381 2152 1459 2216 ad
1507 2153 1737 2216 flumen
1795 2153 2180 2235 Euphraten.
2240 2157 2304 2216 et
2360 2154 2652 2234 quamuis
2699 2153 2762 2215 in
2807 2174 2857 2213 ιε»

470 2261 591 2324 hoc
631 2260 745 2323 deo
785 2279 906 2323 non
949 2260 1510 2341 obtemperassent,
1564 2259 1711 2340 quia
1751 2261 1814 2322 et
1852 2280 1920 2323 ex
1960 2260 2109 2336 illis,
2153 2279 2310 2341 quas
2359 2260 2766 2324 exterminare

475 2367 790 2444 deberent,
842 2366 1249 2431 oboedientes
1299 2366 1544 2447 aliquas
1594 2365 1885 2443 fecerant,
1928 2367 2083 2430 deus
2123 2371 2331 2431 tamen
2370 2367 2766 2449 temporibus

476 2473 830 2539 Salomonis
878 2473 1065 2537 fidem
1115 2493 1265 2537 suae
1314 2472 1754 2554 promissionis
1803 2473 2092 2557 inpleuit.

566 2580 748 2644 Nunc
777 2580 991 2661 itaque
1020 2580 1084 2643 in
1122 2580 1283 2644 libro
1322 2581 1468 2643 lesu
1507 2580 1687 2643 Naue
1729 2581 1896 2662 quod
1937 2582 2327 2645 considerare
2368 2580 2768 2663 suscepimus

482 2686 798 2768 quomodo
851 2687 969 2750 erit
1018 2706 1269 2750 uerum:
1322 2690 1393 2749 et
1442 2686 1654 2750 dedit
1710 2688 2052 2752 dominus
2099 2688 2424 2751 Israheli
2486 2706 2768 2750 omnem
2810 2709 2863 2747 2³0

477 2797 755 2858 terram
804 2813 1020 2875 quam
1069 2794 1458 2856 iurauerat
1507 2794 1677 2857 dare
1726 2795 2076 2875 patribus
2128 2813 2408 2867 eorum;
2461 2798 2532 2857 et
2571 2794 2771 2856 here-

479 2900 921 2964 ditauerunt
960 2904 1156 2964 eam?
1197 2900 1509 2981 quomodo
1543 2901 1747 2965 adhuc
1777 2902 2037 2965 uiuente
2077 2902 2220 2964 Iesu
2252 2919 2502 2964 omnem
2541 2904 2770 2963 terram

480 3005 671 3083 dedit,
731 3026 876 3069 cum
934 3005 1124 3069 etiam
1181 3005 1482 3087 reliquias
1541 3006 1792 3069 illarum
1851 3011 2095 3089 septem
2155 3006 2436 3090 gentium
2494 3005 2772 3068 nondum

483 3112 1001 3193 superauissent‘?
1050 3131 1195 3175 nam
1234 3112 1401 3192 quod
1441 3113 1754 3194 sequitur:
1807 3117 1879 3176 et
1925 3112 2553 3176 hereditauerunt
2595 3131 2771 3188 eam,

482 3239 704 3282 uerum
771 3215 890 3298 est,
960 3220 1108 3300 quia
1152 3220 1239 3283 ibi
1290 3223 1465 3284 erant
1529 3220 1742 3300 ibique
1810 3220 2243 3283 consederant.
2314 3218 2534 3283 deinde
2603 3219 2774 3300 quod
2814 3241 2868 3280 εἴ»

484 3327 802 3409 adiungit:
871 3330 944 3391 et
998 3328 1335 3408 requiem
1393 3326 1602 3390 dedit
1656 3326 1818 3390 illis
1878 3327 2223 3390 dominus
2289 3326 2361 3389 in
2420 3325 2772 3396 circuitu,

485 3434 690 3498 sicut
754 3433 1145 3498 iurauerat
1208 3434 1557 3516 patribus
1627 3453 1898 3510 eorum,
1958 3452 2182 3497 uerum
2240 3438 2357 3508 est,
2417 3433 2563 3514 quia
2620 3432 2774 3496 uiuo

484 3541 688 3604 adhuc
719 3540 865 3604 Iesu
894 3561 1015 3605 non
1057 3541 1147 3604 eis
1189 3541 1441 3623 quidem
1484 3540 1790 3604 cedebant
1827 3541 2128 3621 reliquiae
2169 3540 2420 3604 illarum
2463 3538 2773 3622 gentium.

664 3785 732 3839 20
770 3786 873 3838 Ios.
915 3785 1001 3848 21,
1040 3785 1251 3838 43—45

557 3946 589 3995 4
630 3947 862 4012 aegffivte
900 3943 961 3996 N
1069 3943 1098 3994 7
1138 3942 1480 4011 perfiniretur
1517 3941 1582 3996 ,8ι
1693 3941 1724 3994 8
1771 3941 1965 3994 flumen
2008 3941 2205 3995 addidi
2243 3957 2307 3995 ea:
2342 3939 2621 4008 superiore
2658 3938 2779 3992 loco

476 4049 536 4100 p.
566 4036 699 4094 438,
730 4034 810 4083 28
921 4031 986 4084 10
1017 4030 1123 4083 fuit
1152 4032 1216 4083 N
1321 4032 1380 4084 11
1415 4032 1750 4084 rinocouram
1777 4030 1921 4084 P¹S¹
1948 4031 2295 4083 rinoconrant
2323 4029 2384 4080 N
2496 4029 2561 4081 12
2589 4026 2689 4080 filii
2716 4026 2784 4079 N

492 4121 554 4173 16
586 4123 641 4173 et
671 4136 784 4188 exp.
824 4119 874 4172 T
965 4120 1027 4172 17
1060 4120 1341 4188 deberent]
1373 4120 1502 4173 iussi
1535 4123 1660 4172 sunt
1697 4117 1745 4172 T
1868 4119 2079 4187 aliquos
2106 4117 2396 4172 PSNVbd
2485 4117 2552 4169 20
2584 4115 2716 4168 deus
2741 4115 2781 4167 d

487 4207 586 4260 isrl
622 4206 780 4260 PSV
902 4209 969 4261 ‘22
1012 4224 1127 4260 eam
1166 4223 1268 4261 om.
1317 4207 1367 4259 Τ
1490 4208 1558 4261 25
1597 4207 1673 4260 ibi
1714 4210 1887 4276 erant]
1931 4207 2174 4260 abierant
2211 4205 2386 4259 PNS¹
2533 4203 2779 4257 conside-

487 4300 611 4349 rant
649 4295 761 4347 ΡΝ
939 4296 1008 4349 26
1047 4296 1157 4348 illis
1195 4312 1297 4350 om.
1347 4296 1396 4347 V
1594 4295 1840 4349 dominus
1878 4296 1987 4349 illis
2025 4294 2240 4347 PSNT
2417 4293 2481 4346 27
2523 4292 2684 4346 sicuti
2720 4289 2785 4343 N

486 4387 761 4438 iurauerat
796 4372 907 4438 ff
932 4384 1102 4437 PVT
1206 4385 1275 4437 28
1311 4384 1436 4437 Iesu
1474 4401 1576 4439 om.
1617 4385 1688 4436 P¹
