3076 4976
472 471 557 532 60
1181 466 1232 519 S.
1287 465 1557 519 Aureli
1617 464 2073 533 Augustini

474 662 806 744 apostolus
853 660 918 724 in
970 660 1246 742 epistula
1284 678 1400 723 sna
1435 659 1665 731 tenuit,
1706 658 1814 721 ubi
1855 657 1943 721 ait
1981 677 2128 721 eum
2168 655 2547 738 adparuisse
2596 653 2793 718 illis

473 767 922 832 duodecim.
1011 785 1157 830 cum
1216 765 1481 829 articulo
1541 764 1704 827 enim
1766 765 1886 828 hoc
1945 763 2156 846 graeci
2215 762 2471 827 codices
2523 760 2792 834 habent,

474 879 548 938 ut
619 892 741 937 non
809 872 1059 954 possint
1122 871 1412 954 intellegi
1479 871 1860 951 quicumque
1928 870 2288 946 duodecim,
2359 868 2472 932 sed
2542 867 2648 931 illi
2723 866 2794 929 in

477 999 551 1043 eo
619 997 880 1042 numero
948 978 1255 1061 insignes,
1333 997 1403 1041 eo
1478 977 1665 1041 modo
1740 976 2083 1040 locutionis
2160 980 2317 1058 puto
2389 982 2456 1038 et
2522 971 2694 1037 illud
2757 991 2798 1034 a

477 1085 730 1148 domino
792 1084 1068 1148 dictum:
1146 1102 1399 1148 nonne
1467 1102 1609 1165 ego
1676 1101 1819 1146 uos
1879 1082 2306 1145 duodecim
2367 1080 2643 1162 elegi?
2715 1082 2794 1141 et
2885 1086 2918 1124 ⁵

483 1210 690 1256 unus
761 1211 845 1254 ex
910 1190 1149 1255 uobis
1217 1189 1600 1253 diabolus
1685 1194 1838 1265 est,
1908 1191 1980 1251 ut
2051 1208 2175 1252 non
2251 1187 2332 1251 ad
2400 1186 2796 1250 electionem

475 1298 666 1362 etiam
744 1297 882 1378 ipse
960 1296 1271 1377 pertinere
1350 1295 1662 1359 uideatur.
1752 1314 1873 1359 non
1953 1295 2120 1357 enim
2194 1293 2383 1357 facile
2462 1292 2799 1355 inuenitur

477 1404 825 1467 electorum
874 1421 1102 1466 nomen
1150 1402 1211 1464 in
1252 1402 1442 1474 ma10,
1482 1401 1604 1464 nisi
1646 1400 1893 1482 qnando
1933 1400 2088 1464 mali
2128 1400 2459 1482 eliguntur
2496 1418 2535 1461 a
2576 1398 2795 1460 malis,

474 1507 702 1590 quodsi
752 1507 1192 1589 putauerimus
1241 1509 1304 1570 et
1349 1506 1532 1569 illum
1582 1508 1878 1583 electum,
1927 1509 2002 1569 ut
2037 1524 2151 1587 per
2189 1505 2327 1569 eius
2367 1503 2799 1568 traditionem

473 1614 713 1678 domini
779 1613 992 1694 passio
1062 1612 1479 1693 conpleretur,
1526 1612 1593 1675 id
1642 1615 1742 1677 est
1803 1612 2115 1675 malitiam
2185 1612 2323 1675 eius
2393 1611 2472 1674 ad
2543 1610 2803 1692 aliquid
2843 1640 2912 1678 ιο

472 1722 743 1784 electam
790 1719 948 1782 bene
997 1721 1216 1782 utente
1266 1717 1380 1782 deo
1440 1718 1631 1781 etiam
1679 1719 1883 1793 malie,
1943 1717 2119 1782 aliud
2168 1717 2625 1793 adtendamus,
2682 1717 2801 1779 ubi

475 1827 597 1890 ait:
638 1846 787 1890 non
830 1825 919 1888 de
961 1823 1334 1889 omnibus
1375 1824 1611 1888 uobis
1652 1823 1864 1898 dico;
1902 1842 2046 1907 ego
2078 1824 2250 1888 scio
2288 1843 2492 1904 quos
2529 1823 2798 1905 elegi:

473 1933 583 1996 ubi
635 1932 914 1996 declarat
961 1929 1040 1993 ad
1108 1930 1481 1994 electionem
1530 1948 1651 1993 non
1718 1932 2030 2010 pertinere
2080 1931 2205 1994 nisi
2273 1930 2499 1994 bonos,
2556 1948 2631 1993 ac
2683 1948 2806 2010 per

472 2040 597 2103 hoc
643 2038 807 2101 illud
856 2036 1027 2118 quod
1107 2036 1348 2099 dictum
1424 2039 1555 2099 est:
1607 2054 1748 2119 ego
1820 2055 1963 2099 uos
2031 2036 2466 2099 duodecim
2538 2036 2801 2118 elegi,

474 2164 586 2227 per
654 2143 1091 2225 synecdochen
1150 2142 1392 2204 dictum
1463 2143 1581 2217 est,
1629 2145 1704 2204 ut
1750 2141 2001 2205 nomine
2049 2142 2308 2205 maioris
2366 2141 2805 2222 meliorisque
2851 2172 2908 2210 1⁵

474 2252 674 2335 partis
725 2250 913 2313 etiam
962 2247 1124 2312 illud
1172 2250 1696 2329 conplecteretur,
1756 2249 1923 2328 quod
1971 2249 2049 2312 ad
2095 2249 2312 2328 ipsum
2371 2268 2608 2313 nomen
2670 2268 2805 2312 non

475 2356 769 2440 pertinet.

567 2462 689 2525 Hic
737 2460 966 2525 modus
1017 2461 1116 2523 est
1160 2458 1222 2521 in
1272 2459 1392 2523 hoc
1460 2458 1681 2523 eodem
1747 2459 1930 2537 libro,
1980 2461 2088 2525 ubi
2156 2461 2421 2525 Emmor
2469 2481 2585 2542 pro
2657 2460 2803 2525 filio

480 2589 597 2632 suo
665 2566 958 2649 Sychem,
1036 2568 1112 2628 ut
1176 2565 1488 2646 acciperet
1549 2566 1777 2629 Dinam
1843 2567 2038 2631 filiam
2105 2567 2318 2644 Iacob,
2389 2568 2546 2631 exiit
2612 2569 2808 2649 loqui

478 2694 626 2739 cum
677 2673 904 2736 eodum
955 2670 1144 2734 Iacob
1194 2672 1258 2734 et
1302 2676 1612 2735 uenerunt
1660 2673 1849 2735 etiam
1913 2672 2030 2736 filii
2097 2673 2235 2736 eius
2303 2675 2414 2754 qui
2485 2674 2802 2738 absentes
2850 2709 2908 2746 ,ο

479 2782 676 2855 erant,
728 2782 793 2842 et
839 2777 917 2841 ad
979 2795 1193 2840 omnes
1263 2776 1418 2840 dicit
1479 2777 1768 2842 Emmor:
1838 2778 2174 2861 Sychem
2242 2779 2493 2844 filius
2562 2800 2804 2843 meus

482 2885 750 2968 elegit
817 2883 1075 2946 animo
1141 2882 1407 2946 filiam
1474 2886 1862 2959 uestram;
1934 2885 2116 2949 date
2167 2905 2357 2969 ergo
2412 2887 2553 2949 illi
2621 2907 2802 2949 eam

479 3009 821 3054 uxorem.
865 2989 1015 3070 quia
1052 2989 1216 3052 enim
1250 2989 1457 3070 potior
1487 2993 1620 3052 erat
1649 2991 1846 3072 patris
1875 3010 2162 3072 persona,
2198 3012 2311 3074 per
2341 2994 2804 3074 synecdochen

480 3096 748 3158 filiam
796 3098 1158 3158 uestram
1225 3094 1438 3160 dicens
1507 3097 1699 3159 etiam
1745 3098 1965 3160 fratres
2033 3098 2246 3162 tenuit
2311 3099 2435 3163 hoc
2507 3101 2801 3172 nomine,

481 3221 751 3282 quorum
809 3219 930 3264 non
1000 3203 1134 3264 erat
1196 3201 1345 3263 filia.
1414 3201 1558 3264 hinc
1607 3207 1704 3264 est
1750 3205 1812 3264 et
1874 3203 2069 3267 illud:
2139 3223 2372 3269 curre
2423 3206 2520 3269 ad
2592 3226 2801 3269 oues
2844 3246 2902 3286 2⁵

483 3311 561 3370 et
608 3307 890 3388 accipe
938 3305 1133 3368 mihi
1181 3305 1364 3368 inde
1413 3305 1610 3369 duos
1677 3306 1995 3372 haedos.
2065 3309 2262 3373 simul
2328 3312 2501 3374 enim
2571 3331 2802 3393 pasce-

481 3415 713 3476 bantur
778 3431 932 3476 oues
999 3414 1062 3474 et
1127 3411 1343 3484 haediz
1414 3415 1478 3474 et
1540 3412 1689 3493 quia
1752 3414 2029 3494 potiores
2098 3420 2252 3479 sunt
2317 3436 2500 3491 oues,
2572 3438 2801 3481 earum

481 3519 733 3582 nomine
784 3519 976 3582 etiam
1025 3536 1353 3597 caprarum
1399 3536 1595 3598 pecus
1644 3519 1982 3600 conplexus
2042 3525 2160 3584 est.
2224 3523 2314 3585 sic
2365 3525 2522 3604 quia.
2580 3525 2807 3606 potior

483 3628 617 3687 erat
680 3644 978 3688 numerus
1045 3622 1338 3687 undecim
1406 3623 1678 3686 filiorum
1745 3624 1954 3702 Iacob,
2022 3628 2130 3708 qui
2198 3629 2334 3692 nati
2402 3630 2669 3694 fuerant
2734 3630 2800 3694 in

660 3801 691 3851 5
729 3798 844 3852 1011.
884 3801 934 3858 6,
974 3797 1042 3850 70
1175 3797 1239 3848 12
1276 3796 1391 3848 Ioh.
1437 3796 1518 3858 13,
1563 3794 1627 3847 18
1757 3797 1819 3849 21
1865 3797 1995 3851 Gen.
2036 3800 2122 3863 34,
2164 3802 2196 3854 8
2329 3803 2399 3855 25
2445 3802 2586 3857 Gen.
2629 3805 2724 3864 27,
2767 3805 2801 3856 9

557 3922 583 3972 1
623 3920 755 3987 illis]
798 3921 874 3973 eis
920 3919 971 3972 T
1041 3920 1073 3972 3
1113 3921 1334 3987 possent
1369 3917 1543 3970 CPSb
1614 3919 1648 3970 4
1675 3918 1769 3971 illo
1800 3936 2022 3974 nurnero
2054 3923 2085 3974 b
2198 3925 2277 3992 et]
2311 3929 2376 3978 ut
2404 3925 2470 3978 N
2544 3930 2578 3981 5
2613 3944 2804 3981 nonne

484 4025 584 4062 om.
625 4007 673 4062 S
820 4009 963 4078 elegi
1004 4025 1100 4060 uos
1140 4006 1424 4059 duodecim
1471 4006 1521 4058 T
1638 4009 1668 4058 7
1707 4007 1962 4062 uideatur
1999 4012 2272 4079 pertinere
2313 4014 2361 4068 S
2486 4017 2521 4070 8
2564 4017 2804 4086 elegun—

482 4101 574 4149 tur
608 4097 751 4150 P¹N
901 4099 961 4150 11
1007 4095 1178 4162 aliud]
1221 4095 1355 4147 illud
1392 4094 1507 4146 ΡΝ
1514 4094 1595 4146 Vb
1749 4098 1813 4148 15
1853 4099 2186 4165 synecdocen
2234 4102 2300 4154 0ι
2338 4104 2726 4160 sinecdochen
2767 4106 2814 4161 S

483 4185 799 4239 sinecdocen
838 4186 907 4238 N
1029 4185 1094 4237 16
1134 4182 1495 4250 compleretur
1537 4181 1585 4234 Ο
1689 4184 1754 4237 18
1793 4185 1978 4239 eodem
2018 4187 2122 4241 hoc
2169 4190 2221 4242 T
2361 4192 2534 4262 libro]
2578 4196 2708 4249 loco
2761 4196 2818 4248 V

485 4290 628 4326 emor
673 4273 958 4326 CPSVTb
1091 4273 1155 4324 19
1196 4271 1397 4323 sichem
1436 4269 1724 4322 PSVNbd
1848 4274 1915 4326 23
1954 4275 2278 4331 sinecdocen
2323 4278 2437 4331 GN
2557 4282 2633 4336 26
2675 4284 2812 4336 inde

485 4362 616 4414 mihi
660 4362 871 4414 CJVTP
1008 4360 1144 4412 mihi
1182 4375 1284 4412 om,
1334 4359 1385 4409 V
1522 4359 1645 4411 inde
1684 4376 1768 4412 om
1826 4361 1872 4414 S
1976 4365 2046 4418 ‘28
2085 4367 2366 4434 caprinum
2406 4370 2487 4422 bd
