3076 4976
686 528 1156 594 Quaestionum
1195 532 1307 586 lib.
1350 532 1421 585 VI
1460 531 1758 603 (Quaest.
1801 534 1875 588 de
1912 535 2062 589 Iesu
2100 536 2324 603 Naue).
2527 543 2657 605 419

368 727 441 786 ut
505 725 818 806 inpleatur
885 726 1054 807 quod
1122 747 1312 810 supra
1378 728 1622 793 dictum
1696 736 1821 795 est:
1896 734 2313 809 laetamini,
2393 738 2655 818 gentes

369 830 595 894 simul
647 849 807 894 eum
857 833 1137 915 populo
1189 834 1373 911 eiuS,
1414 835 1588 916 quia
1627 838 1959 901 caecitas
2002 858 2079 903 ex
2117 845 2325 921 parte
2365 842 2655 906 Israhel

366 937 591 1001 faeta·
636 940 779 1016 est,
848 938 1077 1003 donee
1148 941 1548 1021 plenitudo
1617 945 1955 1027 gentium
2024 945 2346 1011 intraret
2410 951 2482 1012 et
2546 949 2655 1013 sie

366 1044 605 1108 omnis
653 1045 949 1109 Israhel
1001 1047 1265 1110 saluus
1314 1048 1563 1113 fieret.

299 1170 326 1210 5
449 1150 643 1214 LVII.
722 1151 881 1216 Cum
940 1152 1170 1235 Ioseph
1227 1153 1658 1232 benediceret,
1718 1158 1807 1220 ait
1863 1158 2026 1221 inter
2090 1162 2324 1224 cetera:
2391 1162 2655 1243 primo-

366 1257 673 1339 genitus
732 1258 931 1322 tauri
990 1259 1482 1340 pulchritudo
1534 1262 1719 1326 eius,
1799 1265 1966 1345 quod
2013 1286 2131 1329 non
2180 1266 2270 1329 ita
2316 1267 2654 1349 legendum

365 1368 482 1440 est,
532 1366 859 1445 tamquam
908 1364 1160 1430 dixerit:
1209 1366 1670 1451 primogenitus
1719 1372 1906 1447 tauri,
1949 1373 2077 1439 sed,
2121 1392 2264 1435 cum
2307 1373 2393 1436 sit
2427 1373 2657 1454 primo-

365 1472 641 1554 genitus,
690 1471 1105 1552 pulchritudo
1156 1474 1291 1539 eius
1340 1476 1505 1539 tauri
1555 1480 1682 1551 est3
1741 1482 1998 1561 propter
2046 1480 2249 1543 crucis
2300 1499 2530 1544 cornua
2579 1480 2656 1544 de

363 1577 613 1641 domino
662 1578 1055 1663 intellegitur
1099 1579 1462 1663 figuratum.

271 1816 322 1852 10
764 1789 979 1843 LIBER
1020 1789 1303 1844 SEXTVS.
1364 1790 1661 1855 QVAEsT.
1701 1792 1797 1845 DE
1836 1793 2006 1847 IEsv
2044 1795 2255 1847 NAVI-J.

454 1903 763 1973 QVAEST.
806 1899 854 1962 Ι.
905 1899 1216 1963 Dominus
1266 1899 1421 1964 dicit
1461 1901 1538 1963 ad
1577 1901 1791 1964 Iesum
1830 1901 2038 1966 Naue:
2089 1906 2162 1966 et
2209 1903 2412 1968 sicut
2459 1925 2651 1970 eram

362 2024 523 2068 eum
590 2006 876 2088 Moyse,
944 2006 1052 2069 ita
1118 2025 1238 2070 ero
1308 2010 1379 2071 et
1444 2009 1712 2072 tecum.
1799 2029 1920 2072 non
1990 2010 2197 2073 solum
2264 2014 2476 2075 autem
2534 2013 2653 2077 hoe

359 2111 726 2175 testimonio
778 2112 889 2176 sed
937 2112 1128 2176 etiam
1175 2113 1238 2176 in
1279 2113 1775 2179 Deuteronomio
1815 2116 2036 2179 multis
2078 2116 2476 2182 doeumentis
2515 2139 2653 2201 pro-

358 2218 545 2281 batur
597 2218 855 2300 Moyses
914 2219 1004 2282 ita
1062 2218 1399 2285 defunctus
1460 2223 1529 2284 ut
1588 2221 1687 2284 dei
1745 2222 2022 2286 famulus
2081 2226 2145 2286 et
2201 2223 2317 2288 deo
2374 2225 2652 2306 placens,

267 2348 318 2387 ιε,
359 2324 651 2405 quamuis
701 2324 761 2386 in
813 2343 885 2388 eo
934 2325 1045 2388 illa
1091 2325 1376 2389 uindicta
1434 2327 1748 2409 completa
1807 2328 1910 2405 sit,
1969 2348 2045 2391 ne
2101 2332 2330 2393 terram
2388 2332 2652 2413 promis-

362 2430 557 2495 sionis
604 2431 886 2498 intraret.
964 2451 1035 2496 ex
1085 2452 1206 2515 quo
1258 2434 1442 2497 datur
1495 2433 1782 2517 intellegi
1842 2434 2163 2501 dominum
2225 2437 2415 2502 etiam
2472 2437 2653 2502 bonis

358 2539 558 2602 seruis
611 2540 744 2604 suis
805 2540 863 2602 in
915 2531 1138 2622 ⁴aliquo
1199 2546 1674 2605 suscensent-em
1735 2547 1799 2606 et
1854 2544 2286 2625 temporaliter
2334 2545 2652 2609 uindicare

358 2650 421 2710 et
474 2651 688 2710 tamen
745 2647 806 2709 in
868 2666 1085 2711 eorum
1144 2648 1373 2712 habere
1431 2667 1711 2726 numero,
1770 2669 1927 2731 quae
1978 2652 2128 2713 sunt
2173 2650 2233 2713 in
2284 2650 2467 2715 domo
2518 2651 2652 2714 eius

356 2772 511 2816 uasa
555 2753 618 2816 in
670 2754 971 2817 honorem
1019 2755 1207 2818 utilia
1254 2754 1531 2831 domine,
1585 2756 1818 2837 quibus
1868 2756 2130 2819 daturus
2190 2759 2289 2819 est
2340 2757 2655 2840 promissa

260 2885 314 2923 20
355 2862 737 2925 sanctorum.

440 2967 522 3032 II.
575 2967 881 3047 Quaestio
932 2971 1049 3043 est,
1099 2968 1412 3050 quomodo
1462 2972 1880 3051 posteaquam
1927 2969 2180 3034 loeutus
2222 2972 2322 3033 est
2359 2970 2654 3034 dominus

351 3072 430 3135 ad
468 3073 683 3138 Iesum
721 3073 903 3137 Naue
952 3074 1286 3138 exhortans
1336 3078 1400 3137 et
1438 3074 1814 3139 confirmans
1857 3094 1998 3139 eum
2040 3095 2234 3158 seque
2273 3076 2653 3158 promittens

352 3198 498 3243 cum
548 3180 658 3243 illo
706 3180 995 3244 futurum
1044 3181 1441 3245 mandauerit
1486 3181 1653 3244 idem
1702 3182 1883 3246 Iesus
1932 3184 2166 3265 populo
2224 3202 2336 3265 per
2390 3183 2649 3259 scribas,

352 3290 425 3350 ut
470 3290 912 3370 praepararent
941 3287 1211 3363 cibaria,
1264 3288 1430 3369 quod
1479 3293 1626 3370 post
1674 3293 1802 3353 tres
1851 3289 1987 3353 dies
2026 3290 2357 3353 Iordanem
2405 3291 2654 3354 fuerant

531 3513 554 3564 1
598 3512 749 3567 Rom.
790 3514 870 3573 15.
904 3512 996 3577 103
1030 3514 1111 3574 11,
1144 3513 1228 3571 25.
1262 3514 1331 3566 26
1442 3515 1474 3566 5
1514 3515 1673 3566 Deut.
1707 3515 1793 3577 33,
1828 3515 1892 3579 17
2006 3514 2067 3567 11
2111 3516 2216 3567 Ios.
2252 3516 2297 3578 1,
2328 3518 2360 3568 5
2475 3516 2539 3569 13
2580 3515 2645 3570 cf.

349 3601 512 3653 Dent.
554 3602 640 3665 32,
680 3602 923 3666 48-52;
964 3602 1051 3669 34,
1089 3604 1139 3658 4.
1180 3607 1212 3656 5
1354 3603 1417 3656 18
1458 3602 1525 3656 cf.
1566 3603 1620 3655 11
1659 3603 1795 3657 Tim.
1836 3604 1886 3665 2,
1926 3604 1990 3656 21
2125 3605 2192 3657 ‘23
2232 3605 2295 3659 cf.
2337 3604 2442 3656 Ios.
2488 3606 2533 3664 1,
2579 3605 2638 3658 ll

419 3746 451 3798 2
490 3744 715 3813 populo]
756 3745 915 3815 plebe
951 3745 1019 3799 N
1172 3747 1227 3798 in
1266 3745 1472 3798 Israhel
1510 3745 1687 3799 Pde
1813 3746 1844 3797 5
1885 3746 2047 3814 inter]
2086 3746 2142 3796 in
2179 3744 2246 3796 N
2374 3747 2406 3798 6
2446 3745 2644 3812 pulcri-

342 3832 476 3886 tudo
516 3833 625 3886 SN
799 3835 831 3887 9
888 3834 1199 3903 Expliciunt
1247 3835 1562 3903 questiones
1611 3834 2007 3887 deuteronomii
2044 3834 2144 3901 fol.
2184 3836 2298 3885 168
2334 3833 2388 3886 Ρ
2421 3833 2648 3886 Finiunt

344 3923 694 3990 quaestiones
745 3921 810 3976 de
860 3922 1290 3977 deuteronomiO.
1343 3923 1439 3976 Ine
1491 3923 1795 3977 locutiones
1846 3921 1910 3975 de
1958 3923 2075 3974 iesu
2124 3938 2261 3974 naue
2308 3921 2407 3988 fol.
2448 3925 2552 3974 121
2586 3921 2654 3975 Ν

341 4009 705 4080 Expliciciunt
744 4011 1055 4080 questiones
1096 4011 1494 4065 deuteronomii
1532 4011 1812 4081 Incipiunt
1851 4010 2163 4079 questiones
2195 4007 2346 4062 ihesu
2377 4026 2516 4063 naue
2545 4011 2644 4076 fol.

339 4102 454 4152 144
496 4099 560 4166 T,
597 4100 698 4167 fol.
740 4102 849 4154 195
897 4100 950 4154 U

415 4189 480 4242 10
536 4189 814 4258 Incipiunt
862 4190 1209 4259 quaestiones
1249 4189 1366 4243 iesu
1404 4206 1544 4242 naue
1572 4189 1682 4257 sol.
1723 4191 1836 4242 169
1873 4188 1939 4251 P,
1969 4204 2103 4256 pay.
2149 4190 2266 4240 484
2306 4185 2352 4240 S
2405 4186 2647 4256 Explicit

337 4276 687 4346 loquutiones
746 4277 812 4331 de
868 4278 986 4331 iesu
1041 4294 1196 4332 naue.
1256 4278 1351 4331 Ine
1399 4278 1747 4347 quaestiones
1806 4275 2043 4329 eiusdem
2103 4275 2230 4328 libri
2275 4276 2374 4342 fol.
2429 4279 2534 4329 122
2587 4276 2653 4328 Ν

341 4366 398 4419 11
445 4370 501 4419 et
538 4382 642 4420 om.
680 4366 734 4419 V
903 4367 965 4421 15
1006 4369 1091 4435 eo]
1130 4383 1185 4419 se
1214 4366 1281 4421 N
1455 4369 1520 4419 17
1559 4367 1878 4419 irascentem
1916 4364 1968 4419 U
2107 4363 2203 4417 ,23
2240 4364 2412 4434 Iesus]
2445 4366 2548 4419 isrl
2587 4364 2651 4418 Ν

335 4457 405 4510 24
449 4460 780 4527 praeparent
816 4453 1118 4510 PSNV¹U
1260 4455 1517 4509 iordanen
1569 4455 1621 4508 V

2439 4561 2538 4591 θ’*

2441 4583 2498 4614 ad
