3076 4976
186 1657 240 1694 10

187 2189 238 2227 15

184 2721 241 2759 ²0

182 3255 237 3293 25

884 478 1413 533 Adnotationum
1451 481 1516 533 in
1555 479 1670 533 Iob
1711 480 1888 534 liber
1924 480 1968 534 Ι.
2443 483 2571 547 567

275 674 592 737 nationem
650 694 762 756 pro
822 677 1065 741 meritis
1132 676 1287 741 suis.
1367 680 1445 741 et
1519 696 1822 742 omnem
1900 677 2147 741 finem
2223 677 2396 759 ipse
2470 677 2575 743 in-

278 782 545 845 uenit:
588 782 740 864 quid
778 803 901 864 quo
938 783 1333 864 perduceret.
1373 784 1693 848 inuenit
1733 788 1943 848 autem
1985 784 2143 848 dixit
2187 785 2572 862 „instituit“.

276 889 494 971 lapis
551 889 933 955 tenebrae
992 893 1068 954 et
1123 891 1399 955 umbra
1455 891 1784 956 mortis:
1841 891 2076 973 lapiS,
2124 891 2192 956 id
2239 896 2338 956 est
2383 895 2574 957 uetus

276 999 734 1061 testamentum
800 997 1078 1062 tenebris
1146 1002 1210 1062 et
1273 997 1534 1062 umbrae
1601 998 1825 1062 mortis
1893 998 2113 1062 datum
2180 1001 2297 1074 est,
2346 998 2413 1063 id
2477 1008 2577 1063 est

279 1102 552 1167 carnalia
616 1104 1031 1180 sectantibus,
1092 1105 1385 1186 quamuis
1454 1104 1529 1169 ab
1589 1124 1714 1169 uno
1774 1105 1889 1168 deo
1938 1105 2094 1169 haec
2144 1108 2573 1188 expectarent:

277 1210 388 1274 ubi
437 1210 870 1291 superbientes
919 1230 1040 1276 non
1090 1211 1531 1276 discindebant
1575 1214 1938 1289 torrentem,
1979 1211 2045 1276 id
2082 1217 2183 1276 est
2217 1232 2338 1276 non
2377 1216 2577 1277 trans-

276 1318 456 1381 ibant
510 1335 620 1399 1101·
672 1317 923 1398 lapsum
980 1318 1428 1400 temporalium
1487 1319 1566 1384 ad
1635 1319 1912 1401 aliquam
1988 1319 2405 1397 soliditatem,
2463 1320 2577 1384 sed

276 1425 417 1506 ipso
466 1425 651 1507 lapsu
698 1423 1080 1488 ferebantur.
1132 1428 1209 1489 et
1263 1426 1486 1489 facta
1543 1430 1667 1490 est
1725 1425 2120 1490 discissio
2171 1426 2573 1490 torrentis

279 1550 316 1594 a
371 1531 659 1605 cinere,
728 1531 848 1596 hoc
914 1533 1040 1595 est:
1096 1551 1132 1595 a
1189 1532 1527 1596 confitente
1585 1535 1846 1615 peccata
1900 1551 2017 1597 sua
2073 1536 2139 1596 et
2192 1551 2311 1596 non
2361 1551 2577 1615 super-

276 1637 489 1701 biente
538 1636 614 1700 de
662 1637 904 1702 meritis
963 1657 1244 1721 operum,
1295 1638 1465 1720 quod
1510 1640 1748 1702 factum
1798 1641 1898 1702 est
1951 1658 2064 1721 per
2109 1638 2376 1721 gratiam
2426 1639 2577 1701 noui

277 1745 669 1809 testamenti.
720 1745 1114 1810 discissio
1172 1746 1576 1810 torrentis
1626 1764 1660 1809 a
1709 1746 2016 1809 cinere:
2065 1745 2141 1810 ab
2189 1745 2574 1809 hominibus.

279 1855 357 1915 et
405 1852 785 1916 commoti
835 1855 1025 1916 sunt
1071 1852 1162 1916 ab
1211 1852 1720 1918 hominibus:
1770 1851 2183 1916 adulantibus
2213 1871 2333 1917 non
2372 1851 2572 1915 incre·

276 1961 465 2040 pante
515 1958 628 2023 deo
680 1958 758 2021 ad
803 1958 942 2041 ipsa
981 1977 1141 2040 quae
1180 1959 1271 2024 eis
1310 1960 1627 2042 promissa
1664 1963 1840 2023 erant
1876 1958 2194 2041 perdendo
2232 1958 2576 2040 primatum

278 2086 490 2130 suum.
538 2069 758 2129 terra
808 2066 896 2129 de
948 2085 1098 2147 qua
1145 2085 1531 2150 egressus
1582 2069 1708 2130 est
1744 2066 1995 2150 paniS,
2037 2063 2574 2130 subaudiendum:

277 2174 456 2255 ipsos
505 2172 644 2236 dico
694 2177 1047 2238 commotos
1105 2173 1179 2236 de
1242 2173 1472 2256 quibus
1533 2177 1859 2254 tamquam
1909 2173 1986 2236 de
2032 2175 2197 2236 terra
2245 2172 2423 2255 panis
2472 2172 2578 2236 do-

279 2280 439 2343 mini
506 2280 675 2344 exiit.
744 2283 822 2343 et
887 2298 1049 2343 eam
1125 2280 1612 2344 incensurus
1689 2283 1848 2343 est:
1923 2279 2242 2343 infidelem
2317 2278 2578 2343 caelesti

277 2387 517 2452 iudicio
557 2386 815 2451 domini.
855 2385 1089 2451 locus
1140 2385 1503 2468 sapphiri
1555 2385 1878 2466 lapides
1927 2384 2124 2451 01110.
2174 2384 2354 2449 ordo:
2393 2384 2576 2448 locus

279 2494 581 2577 sapphiri,
610 2494 674 2558 id
706 2497 805 2558 est
834 2493 1096 2575 pretiosi
1136 2496 1200 2557 et
1246 2492 1585 2558 necessarii
1624 2492 1908 2557 aedificio
1950 2492 2231 2557 ciuitatis
2262 2492 2574 2558 caelestis,

279 2605 358 2664 et
422 2619 760 2685 aggeres
828 2620 1101 2664 aurum
1169 2601 1275 2665 ei:
1343 2620 1569 2664 aurum
1627 2599 1684 2664 ei
1743 2620 1863 2665 non
1919 2599 2238 2664 modicum
2296 2602 2413 2675 est,
2463 2600 2577 2664 sed

277 2726 561 2790 aggeres,
604 2707 969 2772 semitam
1013 2725 1238 2788 quam
1277 2727 1425 2772 non
1466 2706 1857 2790 cognouit
1895 2706 2103 2771 auis:
2146 2706 2576 2770 humilitatem

278 2814 541 2880 domini.
600 2833 738 2878 nec
794 2814 1011 2878 uidit
1069 2834 1231 2878 eam
1289 2814 1579 2879 oculus
1637 2813 2044 2877 uulturis:
2103 2812 2360 2878 diaboli.
2429 2833 2576 2877 non

276 2920 623 2985 transiit
678 2940 919 3004 super
973 2940 1134 2985 eam
1190 2920 1354 2985 leo:
1406 2940 1518 3003 per
1563 2920 2006 2984 fortitudinem
2052 2919 2450 3002 superbiens.
2499 2920 2575 2984 in

278 3027 689 3092 durissimo
764 3027 1015 3109 lapide
1090 3027 1430 3092 extendit
1507 3047 1798 3091 manum
1874 3047 2115 3091 suam:
2185 3030 2410 3110 potens
2479 3030 2579 3091 est

278 3133 449 3197 enim
516 3133 670 3199 deus
733 3133 808 3198 de
874 3134 1195 3216 lapidibus
1264 3134 1532 3199 excitare
1600 3134 1768 3198 filios
1841 3134 2147 3201 Abrahae.
2225 3136 2297 3198 et
2369 3133 2575 3215 ripas

277 3240 682 3304 fluminum
735 3240 1097 3323 disrupit:
1149 3244 1223 3305 ut
1268 3244 1478 3307 totum
1523 3242 1847 3325 inrigaret.
1897 3241 2160 3304 flumina
2206 3240 2372 3304 enim
2420 3240 2577 3305 dixit

275 3347 742 3430 praedicatores
799 3348 996 3413 uerbi.
1056 3349 1398 3413 uoluerunt
1454 3350 1688 3432 quippe
1736 3348 1891 3430 ripis
1941 3347 2077 3412 suis
2129 3347 2454 3424 contineri,
2505 3350 2578 3411 ut

463 3592 487 3645 1
527 3590 624 3644 Iob
663 3590 750 3654 28,
788 3591 820 3644 3
909 3591 940 3643 3
977 3589 1074 3643 Iob
1113 3591 1199 3653 28,
1238 3591 1270 3644 3
1346 3591 1377 3643 8
1417 3590 1514 3644 Iob
1556 3590 1642 3657 28,
1681 3592 1715 3645 4
1794 3591 1857 3645 12
1897 3591 1993 3644 Iob
2034 3591 2122 3653 28,
2154 3593 2187 3645 4
2265 3591 2347 3644 14.
2380 3591 2444 3645 16
2475 3590 2571 3643 Ιο11

275 3682 365 3743 28,
406 3683 437 3734 5
578 3681 642 3733 17
677 3678 776 3733 Iob
814 3680 902 3741 28,
943 3682 974 3734 6
1115 3680 1179 3734 19
1216 3679 1314 3733 Iob
1356 3680 1439 3740 28.
1480 3681 1514 3733 6
1643 3681 1712 3734 20
1749 3680 1846 3733 Iob
1887 3680 1972 3744 28,
2016 3682 2044 3734 7
2174 3680 2240 3733 21
2280 3678 2376 3733 Iob
2417 3679 2501 3741 28,
2544 3679 2575 3731 7

276 3770 375 3824 Iob
417 3769 503 3831 28,
542 3769 577 3822 8
686 3769 755 3822 22
795 3769 891 3822 Iob
932 3768 1019 3832 28,
1058 3770 1091 3822 9
1201 3769 1270 3822 24
1310 3768 1377 3822 cf.
1418 3769 1615 3822 Matth.
1656 3770 1705 3833 3,
1745 3770 1778 3823 9
1924 3768 2021 3823 Iob
2062 3769 2146 3833 28,
2191 3768 2255 3822 10

352 3947 383 3999 3
421 3944 630 4015 lapides
669 3946 700 4000 b
810 3946 1030 3999 umbrae
1068 3946 1211 3999 Hier
1284 3947 1315 3998 5
1354 3946 1456 3999 hoc
1494 3945 1599 4000 PC
1669 3948 1701 4000 6
1742 3946 1857 4015 ubi]
1900 3944 2040 3998 unde
2071 3945 2109 3999 d
2216 3945 2489 4014 sapientes
2536 3944 2583 3998 0

273 4035 311 4088 8
350 4035 503 4104 lapso
550 4034 601 4088 Τ
723 4039 779 4087 01
816 4034 961 4088 facta
1000 4038 1083 4087 est
1120 4051 1221 4088 om.
1260 4034 1449 4088 SHier
1575 4022 1654 4088 fc—s
1698 4036 1744 4089 C
1825 4035 1889 4088 12
1930 4034 2362 4087 01-110111111111110
2392 4033 2579 4087 SHier

278 4123 449 4177 aliter
484 4123 825 4193 coniungunt
1010 4125 1075 4177 14
1112 4140 1327 4193 gressus
1366 4123 1413 4178 S
1594 4126 1657 4177 16
1697 4124 1882 4177 subter
1921 4139 2036 4176 eam
2076 4140 2262 4176 uersus
2301 4126 2384 4175 est
2424 4121 2577 4190 quasi

275 4212 424 4281 ignis
462 4210 650 4267 SHier
724 4214 787 4268 17
829 4212 1076 4266 dominus
1114 4213 1188 4267 bd
1331 4213 1548 4282 saphyri
1595 4212 1676 4266 Tb
1713 4213 1915 4282 saphiri
1953 4210 2054 4265 PC
2088 4212 2251 4281 sapiri
2291 4210 2337 4265 S
2418 4211 2482 4264 19
2523 4215 2578 4264 et

275 4317 472 4355 aurum
510 4300 624 4354 eius
663 4318 831 4371 agger
869 4308 951 4355 est
990 4302 1134 4358 Hier
1241 4303 1305 4356 21
1347 4319 1445 4357 nec
1481 4303 1580 4370 fin.
1610 4303 1753 4356 Hier
1861 4302 1927 4355 22
1968 4301 2222 4355 transiuit
2257 4299 2347 4354 CS
2380 4300 2579 4354 transit

274 4390 355 4443 bd
462 4390 640 4460 super]
681 4408 776 4459 1101·
812 4392 866 4445 Ρ
973 4393 1040 4446 25
1079 4392 1303 4446 fluuium
1348 4391 1395 4445 C
1498 4391 1702 4461 dirupit
1747 4391 1830 4445 Tb
1934 4386 2074 4445 *dicit
2114 4391 2152 4445 d
