3076 4976
685 504 1165 571 Quaestionum
1203 505 1317 595 lib.
1361 505 1461 560 VII
1501 505 1791 574 (Quaest.
1832 506 1908 560 de
1947 506 2333 575 Iudicibus).
2515 510 2646 572 453

445 699 522 764 V.
573 700 667 763 Et
712 718 860 765 non
902 700 1414 764 hereditauit
1450 701 1695 766 Iudas
1738 700 2025 766 Gazam
2065 705 2141 766 et
2180 702 2423 766 finem
2467 703 2644 766 eius

358 810 436 871 et
497 807 978 872 Ascalonem
1041 811 1117 872 et
1171 807 1413 872 finem
1481 809 1659 872 eius
1708 812 1787 872 et
1842 809 2204 874 Accaron
2264 812 2342 873 et
2398 809 2644 874 finem

357 914 532 977 eius
572 916 648 978 et
683 913 1020 978 Azotum
1060 917 1136 977 et
1173 913 1647 979 adiacentia
1687 915 1886 980 eiuS.
1928 919 2006 980 et
2053 918 2227 980 erat
2274 916 2643 980 dominus

357 1038 528 1084 cum
592 1019 809 1084 Iuda.
879 1024 958 1084 et
1021 1020 1546 1086 hel-erlitauit
1618 1026 1982 1101 montem,
2046 1023 2423 1104 quoniam
2496 1042 2644 1088 non

291 1161 318 1185 ‚
357 1125 633 1208 potuit
686 1126 1161 1192 hereditare
1219 1128 1789 1194 inhabitantes
1837 1130 1912 1194 in
1973 1130 2213 1206 ualle,
2273 1130 2643 1211 quoniam

355 1232 676 1297 Rechab
727 1232 1077 1297 obstitit
1125 1234 1263 1311 eiS,
1314 1238 1390 1298 et
1439 1253 1725 1299 currus
1776 1239 2007 1301 erant
2056 1236 2126 1300 ei
2164 1236 2432 1301 ferrei.
2475 1235 2646 1318 quod

355 1339 417 1402 in
465 1338 625 1404 libro
672 1340 819 1403 Iesu
866 1340 1067 1418 Naue,
1118 1360 1263 1405 cnm
1310 1342 1493 1405 illum
1532 1342 1745 1406 locum
1785 1346 2144 1410 tractarem.
2186 1344 2294 1408 ubi
2335 1343 2644 1425 scriptum

357 1448 481 1510 est:
567 1449 639 1509 et
704 1446 916 1510 dedit
984 1446 1328 1512 dominus
1393 1448 1724 1513 Israheli
1791 1468 2073 1514 omnem
2140 1454 2434 1527 terram,
2501 1468 2646 1514 cum

354 1552 591 1618 multas
631 1553 766 1617 eius
802 1557 1017 1635 partes
1057 1555 1337 1619 nondum
1375 1556 1791 1637 possiderent,
1833 1558 1957 1621 dixi
1996 1558 2086 1622 ita
2124 1576 2311 1640 posse
2359 1555 2647 1639 intellegi

266 1679 319 1717 10
357 1678 605 1725 omnem
663 1664 892 1725 terram
952 1661 1186 1738 datam,
1243 1663 1392 1745 quia
1439 1683 1514 1727 ea
1562 1684 1721 1746 quae
1770 1664 1916 1728 data
1971 1684 2091 1729 non
2140 1667 2241 1728 est
2285 1664 2347 1728 in
2395 1682 2645 1747 posses-

356 1767 595 1831 sionem
665 1767 812 1832 data
876 1772 976 1832 est
1038 1769 1101 1832 in
1170 1770 1485 1851 quandam
1553 1771 2017 1836 exercitationis
2082 1771 2458 1836 utilitatem:
2524 1770 2643 1833 hoc

356 1876 560 1939 multo
621 1875 979 1939 euidentius
1028 1875 1130 1939 hic
1179 1876 1458 1958 adparet,
1509 1878 2019 1959 quandoquidem
2078 1881 2648 1943 commemorantur

357 1983 674 2060 ciuitates,
749 2002 906 2065 quas
981 2002 1102 2047 non
1177 1983 1564 2049 hereditauit
1636 1985 1850 2061 IudaS,
1919 1988 1984 2049 et
2049 1985 2307 2048 dicitur:
2387 1988 2449 2047 et
2511 1987 2646 2046 erat

356 2089 649 2154 dominus
725 2108 870 2155 cum
944 2091 1122 2154 Iuda.
1190 2095 1255 2155 et
1317 2092 1705 2156 hereditauit
1777 2096 2081 2169 montem,
2158 2091 2454 2173 quoniam
2520 2108 2643 2153 non

266 2211 317 2251 1⁵
355 2199 701 2278 potuerunt
772 2197 1122 2262 hereditare
1193 2198 1624 2263 inhabitantes
1690 2199 1752 2262 in
1821 2198 2008 2265 ualle.
2078 2199 2218 2281 quis
2287 2197 2453 2261 enim
2518 2214 2641 2259 non

354 2303 686 2386 intellegat
763 2303 953 2368 etiam
1028 2305 1147 2369 hoc
1221 2305 1431 2387 ipsum
1510 2305 1590 2369 ad
1653 2305 1717 2368 id
1786 2305 2191 2387 pertinuisse,
2268 2303 2437 2386 qnod
2511 2304 2645 2365 erat

356 2410 649 2475 dominus
708 2429 849 2474 cum
896 2411 1075 2481 Iuda,
1125 2431 1201 2476 ne
1249 2417 1455 2476 totum
1504 2415 1760 2495 repente
1811 2412 2147 2475 obtinendo
2198 2410 2643 2474 extolleretur?

358 2517 527 2600 quod
592 2517 757 2581 enim
827 2518 1143 2602 adiungit:
1214 2520 1562 2600 quoniam
1629 2519 1925 2583 Rechab
1993 2518 2307 2584 obstitit
2372 2517 2502 2592 eie,
2571 2518 2643 2580 et

357 2644 622 2688 currus
683 2629 894 2689 erant
942 2625 1006 2689 ei
1055 2625 1303 2700 ferrei,
1363 2645 1521 2709 quos
1581 2645 1800 2691 currus
1858 2625 2163 2699 timuerit,
2222 2623 2465 2688 dictum
2521 2625 2639 2699 est,

258 2748 315 2788 20
357 2750 478 2796 non
547 2731 840 2796 dominus
908 2730 1015 2813 qui
1065 2732 1305 2795 eratin
1353 2732 1531 2808 Iuda,
1600 2732 1711 2797 sed
1758 2733 1896 2815 ipse
1960 2730 2181 2806 Iudas;
2251 2749 2363 2795 cur
2428 2731 2639 2792 autem

354 2838 660 2914 timuerit,
719 2857 865 2902 cum
923 2857 1044 2920 quo
1095 2838 1386 2902 dominus
1444 2843 1597 2915 erat,
1647 2838 1700 2901 si
1750 2838 2092 2921 quaeritur,
2150 2839 2269 2902 hoc
2328 2839 2427 2900 est
2474 2833 2642 2917 quod

354 2943 697 3025 prudenter
735 2943 1234 3027 intellegendum
1282 2948 1383 3009 est
1427 2945 1770 3029 refringere
1820 2945 2006 3009 deum
2055 2944 2400 3027 propitium
2451 2942 2642 3006 etiam

354 3052 418 3114 in
467 3049 761 3114 cordibus
810 3069 1070 3114 suorum
1120 3051 1350 3116 nimiae
1387 3052 1827 3134 prosperitatis
1867 3070 2184 3127 excessu8‚
2225 3055 2298 3114 ut
2342 3050 2404 3114 in
2453 3068 2641 3112 usum

354 3176 570 3221 eorum
612 3160 939 3220 conuertat
973 3156 1285 3232 inimicos,
1325 3177 1446 3222 non
1488 3159 1696 3224 solum
1728 3158 1976 3240 quando
2009 3158 2353 3223 uincuntur
2380 3156 2644 3228 inimici,

254 3282 313 3321 25
356 3263 468 3327 sed
516 3263 704 3327 etiam
755 3263 1006 3345 quando
1055 3269 1455 3329 metuuntur:
1505 3265 1667 3330 illud
1716 3266 1793 3329 ad
1842 3264 2398 3329 commendandam
2456 3261 2643 3345 largi-

351 3377 552 3435 tatem
617 3389 819 3445 suam,
885 3369 1046 3434 illud
1112 3371 1189 3434 ad
1258 3391 1475 3436 eorum
1544 3371 2005 3454 reprimendam
2072 3371 2430 3435 elationem.
2499 3388 2642 3432 nam

352 3475 575 3557 utique
620 3476 917 3540 inimicus
976 3482 1337 3542 sanctorum
1388 3482 1488 3542 est
1532 3480 1796 3562 angelus
1855 3485 2131 3552 satanae,
2190 3497 2374 3560 quern
2433 3479 2640 3538 tamen

353 3583 476 3646 sibi
554 3582 771 3646 datum
853 3584 1352 3666 colaphizantem
1430 3584 1586 3649 dicit
1652 3585 2001 3669 apostolus,
2070 3603 2145 3648 ne
2211 3582 2644 3668 magnitudine

349 3689 814 3754 reuelationum
865 3692 1288 3755 extolleretur.

536 3934 558 3986 1
603 3932 721 3986 Iud.
766 3935 812 3996 1,
854 3933 935 3987 18.
980 3935 1044 3987 19
1121 3936 1149 3987 7
1192 3935 1256 3987 cf.
1299 3940 1506 4004 quaest.
1549 3934 1615 3988 de
1653 3935 1778 3988 Iesu
1817 3936 1971 3990 Naue
2012 3939 2218 4004 quaest.
2258 3934 2382 3987 XXI
2475 3932 2638 3985 8102.

345 4022 437 4084 21,
475 4022 546 4075 43
655 4023 723 4076 27
764 4023 830 4077 cf.
870 4022 924 4075 ΙΙ
963 4021 1083 4077 Cor.
1126 4025 1207 4088 12,
1248 4025 1276 4076 7

423 4145 455 4198 2
495 4162 688 4199 acaron
728 4145 836 4200 ΒΝ
1011 4149 1044 4201 3
1090 4147 1325 4201 iacentia
1361 4148 1415 4201 P
1593 4149 1626 4200 6
1672 4146 1831 4201 recab
1870 4147 2030 4202 PSN
2035 4148 2084 4201 T
2260 4147 2328 4216 ei]
2374 4146 2451 4198 eis
2490 4144 2547 4197 N
2558 4143 2645 4196 Ta

340 4235 383 4288 8
420 4234 523 4287 isrl
560 4233 717 4288 PSV
788 4236 853 4288 12
892 4242 1432 4290 commemorarentur
1468 4237 1532 4288 Ν
1617 4238 1680 4290 13
1720 4242 1775 4291 et
1810 4238 1905 4301 fin.
1945 4253 2048 4290 om.
2085 4235 2307 4290 PSNV
2386 4236 2450 4289 14
2487 4233 2639 4300 iuda]

342 4323 447 4377 illa
492 4323 561 4377 V¹
638 4324 703 4377 17
742 4326 943 4393 totum]
984 4330 1141 4378 tantu
1180 4324 1243 4377 Ν
1329 4326 1393 4379 18
1430 4343 1590 4395 recap
1631 4327 1677 4379 S
1707 4326 1866 4379 recab
1904 4326 2021 4379 ΡΝ
2104 4326 2167 4379 19
2208 4325 2277 4393 ei]
2320 4325 2395 4377 eis
2433 4322 2644 4375 NVTd

340 4413 418 4466 23
459 4428 555 4465 usu
593 4411 661 4465 N
779 4412 850 4466 28
890 4414 1255 4467 culafisantem
1296 4414 1342 4469 S
1463 4415 1519 4467 in
1559 4414 1933 4483 magnitudine
1975 4414 2186 4482 (tudine
2226 4414 2356 4468 add.
2395 4431 2461 4466 m.
2499 4417 2559 4476 2)
2601 4411 2645 4465 S
