3076 4976
307 1693 361 1732 10

305 2224 355 2264 15

300 2760 352 2800 20

297 3295 351 3334 25

761 510 1242 578 Quaestionum
1280 509 1397 564 lib.
1437 509 1523 563 111
1562 507 1848 578 (Quaest.
1889 507 1962 562 de
1999 506 2353 574 Leuitico).
2566 510 2694 574 293

401 708 605 774 noluit
652 706 1012 790 superduci.
1093 705 1262 788 quod
1309 704 1567 769 uidetur
1612 704 1842 768 fecisse
1890 704 2099 782 Iacob,
2150 703 2286 767 sine
2345 703 2491 785 quia
2546 722 2696 767 non-

402 816 552 880 dum
626 816 833 879 fuerat
903 814 1047 897 lege
1119 811 1513 895 prohibitum
1580 812 1716 875 siue
1785 811 1934 892 quia
1998 811 2366 893 subpositae
2433 811 2692 875 alterius

399 923 615 986 fraude
674 920 976 1001 deceptus
1037 922 1135 983 est
1192 923 1256 982 et
1310 918 1422 981 illa
1477 917 1683 1000 magis
1742 916 1816 979 de
1873 917 2105 999 placito
2166 917 2460 981 ueniebat
2507 938 2694 999 quam

399 1028 718 1111 posterius
752 1025 1030 1110 accepit3
1073 1024 1184 1090 sed
1222 1025 1531 1089 iniustum
1573 1027 1706 1088 erat
1742 1023 2011 1105 priorem
2051 1023 2307 1100 dimitti,
2346 1043 2423 1087 ne
2460 1024 2697 1088 faceret

400 1155 536 1200 eam
576 1134 915 1199 moechari.
965 1132 1082 1196 hoc
1132 1135 1344 1196 autem
1395 1131 1565 1213 quod
1612 1130 1702 1195 ait
1756 1131 1867 1205 „in
1918 1130 2244 1207 zelum“,
2290 1134 2505 1194 utrum
2550 1129 2692 1194 ideo

397 1242 677 1325 positum
738 1243 852 1316 est,
912 1258 987 1302 ne
1048 1238 1135 1303 sit
1190 1240 1365 1302 zelus
1421 1238 1589 1301 inter
1642 1256 1909 1313 sororeS,
1970 1235 2077 1319 qui
2131 1237 2295 1300 inter
2339 1236 2483 1301 illas
2533 1255 2692 1317 quae

399 1368 643 1414 sorores
703 1367 823 1411 non
882 1349 1098 1410 essent
1157 1345 1655 1409 contemnendus
1712 1344 1880 1407 fuit?
1966 1363 2037 1407 an
2105 1343 2246 1408 ideo
2312 1343 2548 1425 potius,
2617 1362 2693 1407 ne

395 1459 650 1537 propter
693 1455 812 1519 hoc
863 1452 993 1529 fiat,
1040 1452 1104 1516 id
1155 1456 1272 1529 est,
1312 1471 1387 1515 ne
1427 1451 1546 1515 hoc
1585 1450 1793 1514 animo
1833 1450 1962 1528 fiat,
2003 1452 2077 1513 ut
2112 1450 2172 1512 in
2213 1450 2418 1513 zelum
2460 1449 2692 1514 sororis

398 1581 572 1627 soror
617 1560 1121 1642 superducatur?

486 1667 745 1732 LXIIII.
825 1667 922 1731 Et
988 1665 1077 1729 ad
1142 1665 1563 1729 mulierem
1630 1664 1703 1728 in
1765 1663 2338 1748 segregatione
2397 1664 2690 1727 inmun-

397 1773 658 1838 ditiae
735 1774 911 1838 eius
985 1791 1134 1836 non
1212 1772 1551 1836 accedes
1636 1771 2005 1835 reuelare
2089 1769 2688 1853 turpitudinem

398 1882 603 1946 eius:
659 1880 723 1943 id
783 1884 881 1944 est
938 1878 1015 1942 ad
1072 1880 1531 1942 menstruatam
1579 1878 1907 1941 mulierem
1957 1896 2076 1941 non
2127 1876 2423 1945 accedes:
2482 1895 2690 1959 segre-

396 1989 666 2072 gabatur
702 1987 868 2050 enim
921 1985 1272 2050 secundum
1317 1986 1523 2068 legem
1573 1987 1829 2066 propter
1873 1983 2340 2049 inmunditiam.
2389 1983 2508 2047 hoc
2547 2002 2691 2046 cum

396 2093 687 2177 superius
748 2093 904 2157 satis
962 2091 1353 2156 sufficienter
1406 2091 1860 2172 prohibuisset,
1920 2090 2069 2173 quid
2128 2089 2251 2154 sibi
2305 2089 2468 2166 uult,
2519 2088 2689 2171 quod

396 2201 586 2265 etiam
632 2200 736 2264 hic
785 2200 904 2265 hoc
950 2199 1151 2264 isdem
1200 2199 1554 2281 praeceptis
1603 2199 1811 2262 uoluit
1859 2199 2244 2282 adiungere?
2295 2218 2366 2262 an
2416 2198 2577 2261 forte
2623 2198 2686 2260 in

394 2304 825 2388 superioribus
903 2304 1199 2389 quoniam
1276 2305 1519 2369 dictum
1589 2309 1707 2382 est,
1776 2324 1854 2368 ne
1918 2304 2185 2387 figurate
2251 2303 2685 2385 accipiendum

392 2414 740 2496 putaretur,
810 2412 1001 2475 etiam
1067 2412 1167 2475 hic
1232 2411 1512 2494 positum
1577 2414 1693 2486 est,
1752 2411 1861 2473 ubi
1924 2410 2079 2473 talia
2136 2409 2457 2493 prohibita
2514 2414 2683 2487 sunt,

393 2540 550 2601 quae
581 2520 771 2584 etiam
805 2523 1088 2602 tempore
1120 2520 1267 2584 noui
1307 2518 1672 2583 testamenti
1712 2521 1955 2582 remota
1992 2518 2357 2582 umbrarum
2395 2520 2684 2581 ueterum

393 2627 835 2691 obseruatione
882 2627 1013 2690 sine
1064 2625 1256 2690 dubio
1299 2625 1715 2690 custodienda
1755 2629 1947 2690 sunt?
1998 2625 2167 2707 quod
2207 2625 2460 2689 uidetur
2497 2626 2685 2688 etiam

389 2752 500 2814 per
544 2733 917 2815 prophetam
966 2733 1366 2797 Ezechielem
1418 2732 1830 2816 significasse,
1883 2733 1991 2815 qui
2038 2733 2202 2796 inter
2246 2732 2359 2796 illa
2404 2735 2682 2814 peccata,

392 2858 548 2921 quae
599 2858 721 2903 non
771 2840 1077 2923 figuratae
1128 2838 1238 2903 sed
1285 2838 1657 2903 manifestae
1706 2839 2062 2921 iniquitatis
2112 2841 2279 2917 sunt,
2331 2839 2517 2903 etiarn
2569 2839 2685 2902 hoc

391 2952 861 3023 commemorat,
930 2946 1007 3009 ad
1071 2946 1403 3010 mulierem
1457 2949 1916 3010 menstruatam
1975 2947 2027 3010 si
2088 2946 2229 3029 quis
2288 2946 2565 3021 accedat,
2624 2949 2687 3008 et

390 3053 555 3116 inter
600 3052 886 3117 iustitiae
935 3053 1180 3130 merita,
1232 3053 1286 3116 si
1333 3072 1455 3117 non
1505 3053 1781 3117 accedat.
1860 3073 1983 3136 qua
2036 3054 2099 3116 in
2160 3072 2223 3116 re
2284 3071 2403 3115 non
2462 3057 2684 3116 natura

391 3159 740 3235 damnatur,
793 3159 903 3224 sed
953 3159 1396 3242 concipiendae
1444 3160 1607 3241 proli
1654 3161 1907 3224 noxium
1956 3160 2343 3241 perhibetur.

483 3265 671 3330 LXV.
751 3267 845 3330 Et
909 3267 1000 3330 ad
1057 3285 1377 3331 uxorem
1434 3267 1781 3350 proximi
1837 3268 1959 3330 tui
2017 3286 2164 3331 non
2223 3267 2454 3331 dabis
2515 3285 2682 3329 con-

393 3373 758 3437 cubitum
836 3372 1173 3438 seminis
1251 3373 1371 3437 tui
1442 3374 1856 3455 inquinari
1933 3374 2023 3437 ad
2090 3392 2272 3438 eam.
2359 3391 2505 3437 ecce
2571 3372 2680 3435 ubi

386 3498 607 3542 rursus
656 3478 948 3559 prohibet
996 3479 1398 3556 adulterium,
1460 3481 1627 3562 quod
1686 3500 1830 3544 cum
1891 3480 2095 3545 aliena
2149 3500 2336 3545 uxore
2395 3480 2681 3544 commit-

388 3585 565 3661 titur,
617 3586 786 3667 quod
834 3585 1023 3649 etiam
1081 3586 1143 3650 in
1205 3586 1508 3671 decalogo
1567 3588 1959 3670 prohibetur.
2044 3587 2208 3650 unde
2268 3587 2525 3668 adparet
2571 3586 2681 3650 illa

567 3830 589 3881 1
636 3828 699 3882 cf.
741 3827 871 3882 Gen.
912 3829 1000 3888 30.
1041 3830 1251 3882 22—‘2-,5
1374 3830 1439 3883 10
1477 3831 1604 3886 Len.
1653 3831 1732 3893 18,
1776 3833 1840 3884 19
1959 3831 2024 3884 13
2064 3831 2129 3885 cf.
2168 3833 2298 3885 Len.
2343 3833 2426 3894 15,
2470 3831 2676 3884 19—27

382 3915 454 3970 20
494 3916 557 3969 cf.
597 3916 790 3970 Ezech.
835 3917 917 3978 18,
959 3918 1016 3980 6;
1057 3918 1141 3980 ⁶22,
1186 3918 1251 3971 10
1360 3919 1428 3971 25
1468 3918 1597 3971 Leu.
1645 3921 1726 3982 1⁸,
1766 3919 1834 3972 20
1944 3921 2012 3973 28
2052 3920 2117 3976 cf.
2156 3920 2252 3974 Ex,
2293 3921 2378 3978 20.
2423 3922 2487 3972 17

454 4075 486 4128 3
528 4077 602 4144 ct]
649 4078 703 4127 at
749 4074 798 4126 T
923 4078 954 4129 6
996 4076 1167 4128 zelum
1212 4074 1474 4129 CPSVN
1632 4094 1732 4146 que
1770 4076 1956 4132 P¹SV
1992 4077 2133 4146 quod
2170 4078 2365 4131 P2NT
2483 4079 2511 4130 7
2553 4095 2677 4131 con-

381 4162 701 4217 temnendus
747 4164 944 4231 scripsi
990 4181 1111 4218 cum
1157 4165 1261 4218 bd.-
1313 4165 1759 4219 contemnendum
1810 4166 2081 4220 CPNVT
2132 4167 2590 4220 condemnendum
2635 4166 2682 4220 S

387 4252 450 4304 10
490 4254 920 4322 segregationem
956 4253 1063 4307 CN
1160 4255 1223 4308 15
1263 4254 1465 4307 eisdem
1500 4255 1703 4308 V²de
1846 4257 1983 4308 forte
2022 4272 2089 4309 ne
2118 4255 2337 4308 PSNV
2444 4256 2506 4308 16
2548 4273 2675 4325 quo-

381 4340 546 4410 niam]
588 4342 798 4409 quando
849 4343 895 4395 T
933 4342 1072 4412 quod
1121 4342 1192 4396 V²
1231 4343 1372 4412 quod
1412 4345 1517 4397 iam
1558 4345 1632 4398 bd
1772 4363 1837 4398 ne
1877 4362 1977 4399 om.
2026 4346 2074 4398 T
2108 4362 2226 4413 exp.
2278 4345 2330 4397 V
2433 4346 2495 4398 21
2537 4345 2674 4413 figu-

380 4432 494 4482 rate
533 4430 635 4484 PS
652 4431 693 4479 V
879 4431 1163 4486 manifeste
1202 4433 1301 4487 PS
1311 4435 1358 4482 V
1506 4436 1573 4488 24
1614 4434 1929 4503 prohibetur
1966 4433 2030 4486 N
2184 4435 2251 4488 25
2290 4435 2396 4502 tui]
2437 4434 2539 4488 tibi
2581 4433 2682 4484 FT
