3076 4976
455 443 583 506 520
1161 440 1214 493 S.
1271 438 1547 493 Aureli
1603 437 2037 507 Augustini

457 634 959 699 adiutorium
1008 655 1044 700 a
1089 655 1206 700 me
1254 634 1638 699 recessit:
1688 634 1897 698 factus
1944 634 2230 699 modalis
2278 634 2500 698 uolens
2540 634 2603 698 in
2643 653 2745 699 me

459 740 789 806 confidere.
840 746 916 806 et
962 743 1352 807 uisitatio
1413 742 1719 807 domini
1764 760 1878 805 me
1936 740 2332 822 despexit.
2392 740 2745 804 secundum

457 847 625 930 quod
673 848 914 913 dictum
962 851 1087 913 est:
1138 853 1276 913 aut
1321 849 1564 914 filius
1605 848 1979 924 hominis,
2021 847 2397 929 quoniam
2436 846 2746 912 uisitas

460 959 683 1020 eum?
729 956 1165 1039 propinqui
1239 958 1393 1021 mei
1467 976 1616 1022 non
1691 958 2231 1038 respexerunt
2311 973 2452 1018 me:
2530 954 2748 1019 horrui

459 1062 725 1145 angel-is.
774 1064 1177 1144 tamquam
1223 1065 1546 1128 torrens
1595 1062 2035 1127 deficiens:
2092 1061 2526 1127 misericordia
2574 1061 2745 1125 enim
2806 1081 2835 1122 ⁵

459 1169 796 1251 aliquando
859 1170 1196 1235 inundauit
1257 1192 1386 1248 me:
1454 1175 1519 1236 et
1584 1170 1819 1236 siccaui
1887 1176 1951 1235 et
2014 1189 2133 1234 non
2200 1169 2296 1234 fui
2359 1168 2517 1233 mihi
2583 1170 2749 1234 fons.

460 1278 598 1340 aut
673 1276 895 1341 sicut
976 1277 1292 1342 fluctus
1376 1277 1898 1342 transierunt
1979 1296 2123 1341 me:
2209 1279 2539 1358 tamquam
2624 1275 2753 1340 sint

462 1382 921 1447 consolationes
960 1386 1175 1465 potus.
1216 1385 1352 1466 qui
1389 1404 1505 1448 me
1542 1383 2037 1461 metuebant,
2076 1401 2281 1447 nunc
2317 1382 2755 1446 inruerunt

461 1507 704 1570 super
750 1508 895 1554 me:
954 1490 1245 1555 diabolus
1304 1510 1449 1555 cum
1508 1489 1752 1574 angelis
1820 1489 1975 1554 suiS.
2032 1488 2240 1572 perii
2298 1491 2376 1553 et
2432 1489 2612 1553 exul
2661 1489 2751 1553 de

460 1594 686 1660 domo
752 1615 918 1660 mea
980 1598 1253 1661 factus
1312 1616 1507 1661 sum:
1569 1599 1681 1661 aut
1737 1597 1812 1660 de
1868 1595 2262 1660 habitatione
2321 1595 2578 1659 caelesti
2638 1598 2751 1659 aut
2789 1615 2847 1653 10

463 1702 539 1766 de
579 1702 996 1778 conscientia:
1035 1703 1270 1768 idcirco
1309 1704 1476 1768 foras
1516 1707 1688 1768 extra
1727 1703 1982 1767 domum
2024 1721 2203 1766 suam
2246 1701 2526 1766 sedebat.
2567 1702 2751 1766 uias

463 1809 1048 1875 Themanorum
1079 1809 1379 1887 uidete,
1412 1810 1752 1875 semitas
1784 1809 2275 1875 Sabaeorum
2304 1809 2751 1872 intuemini:

461 1916 608 1981 illos
666 1916 1001 1999 significat,
1061 1917 1169 1998 qui
1214 1917 1277 1979 in
1334 1916 1792 1999 temporalibus
1852 1914 2193 1991 confidunt,
2245 1914 2319 1979 de
2369 1914 2602 1996 quibus
2662 1933 2753 1989 se,

461 2023 527 2086 id
577 2028 676 2087 est
723 2023 1041 2088 hominem
1090 2042 1279 2104 quem
1327 2022 1645 2106 significat
1692 2022 1847 2086 dicit
1892 2041 2014 2086 non
2071 2039 2490 2103 praesumere.
2547 2039 2752 2084 nunc

468 2131 734 2192 autem
765 2132 842 2194 et
870 2147 1017 2193 uos
1046 2129 1637 2194 insurrexistis
1674 2128 1749 2191 in
1782 2147 1895 2192 me
1935 2128 2106 2191 sine
2145 2127 2751 2192 misericordia:
2791 2153 2846 2193 ιε

462 2238 761 2316 putantes
807 2235 1266 2299 beatitudinem
1314 2235 1664 2312 hominum,
1715 2234 1771 2298 si
1819 2233 2173 2299 carnalibus
2223 2232 2564 2308 abundent,
2605 2234 2756 2315 quia

464 2339 856 2405 insultabant
936 2341 1150 2422 potius
1236 2360 1426 2424 quam
1508 2340 2050 2422 conpatiebantur.
2135 2339 2275 2403 sed
2357 2339 2754 2404 uidentes

468 2448 768 2512 uulnus
817 2466 1067 2513 meum
1116 2448 1432 2514 timete:
1480 2448 1924 2533 intellegentes
1974 2446 2126 2529 quid
2174 2443 2489 2530 significet
2532 2446 2754 2512 timete

466 2557 715 2620 futuras
798 2575 1054 2638 poenaS.
1135 2556 1325 2639 quid
1398 2556 1651 2621 enim?
1743 2554 2128 2638 numquid
2218 2554 2532 2635 aliquid
2608 2572 2754 2618 uos

466 2662 713 2745 petii?
763 2666 900 2727 aut
944 2662 1439 2728 fortitudine
1487 2664 1766 2727 uestra
1811 2661 2186 2744 indigeo?
2235 2661 2384 2742 quia
2431 2680 2639 2724 coram
2679 2679 2752 2725 eo
2787 2684 2845 2724 20

465 2768 753 2834 infirmus
812 2773 931 2847 est,
990 2770 1099 2851 qui
1158 2787 1304 2832 eum
1361 2771 1578 2850 potest
1635 2770 1901 2833 saluare.
1963 2766 2248 2832 docete
2306 2786 2418 2831 me
2476 2770 2553 2832 et
2609 2785 2753 2849 ego

469 2875 1050 2951 obmutescam:
1127 2873 1361 2938 idcirco
1437 2875 1605 2938 enim
1668 2875 1985 2958 patientes
2051 2893 2192 2938 esse
2259 2873 2613 2938 debuerunt
2678 2872 2754 2936 ad

469 2982 818 3046 doctrinam
869 2981 1027 3056 eiuS,
1079 2980 1229 3062 quia
1274 2980 1398 3062 ipsi
1447 3000 1594 3044 eum
1643 2980 1863 3046 docere
1910 3000 2033 3045 non
2082 2983 2391 3063 poterant.
2451 2979 2611 3056 sed,
2671 2982 2756 3043 ut

469 3088 728 3165 uideo,
777 3106 1029 3169 praua
1075 3087 1252 3150 ueri
1310 3087 1663 3151 hominis
1722 3088 1966 3151 uerba
2023 3086 2343 3151 dicitis:
2406 3106 2552 3151 eum
2602 3085 2757 3150 dicit

469 3214 690 3260 uerum
737 3194 1059 3259 hominem
1110 3193 1215 3276 qui
1262 3212 1592 3277 personam
1644 3194 1957 3278 significat
2003 3195 2248 3277 agentis
2307 3193 2756 3276 paenitentiam
2786 3217 2848 3260 εὖ

472 3300 883 3365 conuersione
923 3300 1001 3364 ad
1039 3301 1247 3378 deum,
1290 3300 1472 3364 cuius
1520 3319 1716 3382 praua
1753 3301 1946 3365 uerba
1994 3299 2304 3364 dicebant.
2353 3319 2500 3364 non
2551 3300 2758 3364 enim

649 3526 682 3578 2
720 3525 816 3579 Iob
855 3528 905 3587 6,
950 3526 1014 3579 14
1103 3526 1135 3579 3
1174 3526 1261 3579 Ps.
1302 3526 1351 3588 8,
1392 3527 1424 3580 5
1550 3527 1587 3577 4
1623 3524 1721 3578 Iob
1760 3527 1810 3589 6,
1854 3527 1918 3579 15
2027 3529 2075 3580 5.
2118 3527 2148 3579 'I
2185 3524 2282 3580 Iob
2321 3526 2374 3592 6,
2415 3527 2479 3579 15
2591 3525 2624 3579 8
2663 3525 2759 3579 Iob

471 3618 522 3679 6,
565 3617 630 3669 16
766 3615 799 3668 9
837 3614 932 3667 Iob
972 3616 1021 3677 6,
1063 3615 1128 3667 18
1267 3615 1326 3667 11
1367 3613 1483 3668 Iob.
1522 3615 1573 3675 6,
1618 3615 1681 3667 19
1821 3615 1888 3667 14
1925 3614 2021 3667 Iob
2061 3615 2110 3677 6,
2150 3615 2214 3668 21
2358 3615 2422 3666 17
2463 3612 2560 3667 Iob
2602 3615 2654 3671 6.
2692 3614 2755 3667 21

474 3704 540 3759 19
579 3703 677 3756 Iob
716 3703 767 3767 6,
806 3703 874 3756 22
982 3704 1049 3757 21
1088 3702 1186 3756 Iob
1225 3703 1275 3765 6,
1316 3704 1385 3756 24
1494 3704 1563 3757 23
1599 3702 1698 3755 Iob
1737 3703 1787 3766 6,
1826 3704 1894 3757 25
2004 3703 2073 3756 26
2110 3702 2208 3755 Iob
2247 3702 2296 3767 6,
2333 3703 2403 3756 25

548 3828 572 3880 1
616 3842 647 3879 a
684 3843 769 3879 me
807 3826 1051 3895 recessit]
1090 3826 1373 3879 amerescit
1411 3825 1458 3879 S
1561 3826 1593 3879 2
1635 3825 1869 3895 dispexit
1906 3825 1954 3880 S
2056 3825 2087 3876 6
2125 3824 2436 3894 inundauit]
2477 3823 2762 3878 inundauit

477 3912 584 3967 GP
723 3912 829 3965 fuit
870 3912 922 3967 G
1030 3914 1062 3966 8
1100 3913 1375 3967 irruebant
1416 3913 1467 3968 G
1504 3914 1715 3967 irruunt
1757 3914 1807 3966 T
1842 3914 2021 3967 ierunt
2063 3913 2110 3967 C
2213 3913 2246 3966 9
2285 3913 2427 3982 perit
2466 3912 2509 3967 S
2646 3912 2762 3965 exul

474 4002 561 4070 de]
604 3999 823 4055 exclude
850 4001 897 4055 S
968 4002 1035 4055 10
1072 4000 1232 4054 domu
1262 4001 1308 4056 S
1380 4003 1440 4056 11
1482 4002 1667 4056 uidete
1706 4002 1821 4055 uias
1850 4001 2241 4055 Themanorum
2279 4006 2667 4069 (temaneorum
2698 3998 2758 4065 S)

474 4091 659 4145 SHier
784 4092 851 4144 12
889 4091 1164 4143 intuimini
1203 4090 1251 4145 S
1374 4093 1440 4145 13
1478 4091 1655 4145 fidunt
1693 4091 1724 4144 b
1848 4092 1912 4144 15
1952 4092 2066 4145 sinc
2101 4088 2472 4145 misericordia
2507 4091 2760 4158 putantes

476 4180 574 4245 (sic
611 4180 774 4249 coni.)
814 4181 844 4233 b
944 4180 1014 4233 20
1053 4180 1192 4249 petit
1230 4179 1275 4234 S
1370 4182 1436 4233 21
1479 4184 1661 4248 potest
1699 4196 1817 4233 eum
1859 4179 1889 4232 b
1981 4179 2050 4233 22
2090 4178 2393 4233 debuerunt
2430 4194 2547 4231 esse
2592 4174 2763 4231 Tde

474 4269 544 4321 24
581 4284 746 4337 parua
789 4266 1079 4322 GTPde
1240 4267 1427 4337 uerba]
1471 4284 1588 4321 esse
1625 4268 1769 4321 Hier
1924 4267 2045 4320 citis
2085 4266 2131 4321 S
2280 4267 2422 4336 eum]
2467 4269 2522 4320 et
2560 4282 2677 4319 cum
2721 4262 2765 4317 G

475 4357 542 4412 26
582 4356 649 4410 ad
688 4355 962 4410 dominum
1004 4357 1034 4410 b
1180 4374 1349 4427 praua
1383 4356 1607 4425 scripsi:
1645 4373 1812 4426 parua
1851 4357 1940 4410 lib.
