3076 4976
512 496 638 559 584
1209 492 1261 545 S.
1319 491 1596 544 Aureli
1652 491 2092 560 Augustini

511 688 792 768 absque
860 707 970 751 me
1036 687 1345 756 uidebo:
1412 691 1492 750 tu
1561 686 1872 750 ostende
1938 686 2157 749 mihi:
2224 690 2287 749 te
2343 686 2803 768 reprehendens

506 815 605 858 me
655 795 867 878 ipsum
916 797 1076 858 forte
1115 793 1697 877 reprehendendum
1739 813 1877 857 esse
1917 813 2038 857 non
2079 792 2313 859 uideo?
2352 793 2806 875 interroga-nter

508 901 1063 983 pronuntiandum.
1087 901 1662 983 siiniquitatem
1686 904 2043 983 operatus
2067 920 2255 974 sum,
2280 920 2418 964 non
2451 900 2801 964 adiciam:

511 1011 834 1091 correptus
876 1029 910 1070 a
948 1011 1031 1072 te.
1075 1006 1439 1089 numquid
1479 1026 1514 1070 a
1551 1010 1624 1071 te
1665 1006 1905 1088 exigit
1944 1025 2131 1084 eam,
2175 1006 2347 1088 quia
2394 1008 2805 1089 repulisti?

511 1115 660 1197 quia
697 1113 1180 1195 reprehendisti.
1232 1121 1306 1177 et
1353 1114 1469 1177 uir
1516 1114 1821 1196 sapiens
1872 1113 2132 1177 audiet
2179 1114 2487 1178 uerbum
2536 1134 2802 1178 meum:
2862 1133 2886 1170 ⁵

512 1221 701 1284 deum
744 1221 952 1285 omnia
1000 1239 1236 1284 curare.
1286 1220 1416 1285 Iob
1467 1224 1717 1285 autem
1766 1239 1904 1284 non
1951 1221 2021 1283 in
2074 1220 2452 1302 sapientia
2498 1221 2804 1285 locutus

510 1332 658 1392 est:
708 1327 986 1409 putando
1036 1327 1202 1410 quod
1251 1328 1488 1410 aliquid
1540 1327 1658 1391 sibi
1709 1327 1921 1410 inique
1971 1328 2281 1391 diuinitus
2330 1328 2651 1393 acciderit.

597 1435 854 1498 XXXV.
915 1433 1160 1513 Quare
1216 1435 1352 1498 hoe
1412 1434 1878 1498 existimasti
1935 1435 2004 1498 in
2062 1435 2397 1499 iudicio?
2447 1454 2638 1516 quare
2687 1436 2803 1499 hoc

511 1541 858 1606 iudicasti?
933 1545 1011 1604 tu
1087 1542 1255 1623 quis
1333 1561 1439 1620 es,
1516 1542 1640 1623 qui
1718 1541 2015 1606 dixisti:
2083 1542 2339 1606 iustus
2408 1562 2565 1605 sum
2636 1547 2803 1607 ante

513 1650 1003 1730 conspectum
1091 1647 1418 1712 domini?
1503 1651 1647 1712 ante
1733 1652 2147 1729 conspectum
2230 1649 2467 1714 domini
2553 1649 2800 1714 dixisti:
2841 1666 2886 1703 1⁰

511 1755 721 1819 iustus
798 1774 959 1818 sum.
1028 1757 1369 1837 utrumque
1435 1754 1602 1818 enim
1667 1755 2159 1836 reprehensibile
2226 1759 2325 1820 est
2386 1756 2450 1819 in
2516 1757 2803 1821 homine:

513 1881 732 1939 unum,
785 1863 838 1925 si
886 1866 996 1927 aut
1042 1863 1312 1945 superbe
1363 1861 1610 1925 dicatur
1657 1865 1769 1924 aut
1803 1861 2037 1926 falsum
2079 1861 2165 1926 sit
2200 1863 2441 1927 iustum
2480 1883 2625 1928 eum
2666 1884 2804 1929 esse

513 1969 704 2033 etiam
778 1969 1126 2033 secundum
1203 1971 1543 2033 humanam
1616 1969 1952 2047 iustitiam,
2019 1969 2288 2033 alterum
2355 1973 2590 2044 autem,
2659 1972 2805 2051 quia

515 2094 858 2157 numquam
906 2094 1052 2138 uere
1103 2074 1225 2138 diei
1273 2075 1350 2139 ab
1398 2075 1653 2140 homine
1699 2078 1935 2156 potest,
1986 2075 2155 2156 quod
2202 2079 2344 2140 ante
2393 2081 2802 2158 conspectum

515 2182 612 2246 dei
655 2183 742 2246 sit
778 2183 1010 2258 iustu3‚
1053 2181 1155 2245 cui
1195 2184 1596 2263 comparatus
1637 2182 1905 2262 quilibet
1938 2182 2197 2263 iniquus
2237 2186 2353 2246 est.
2404 2188 2531 2246 aut
2579 2183 2800 2247 dicis:
2839 2199 2884 2239 ιε

516 2289 690 2370 quid
756 2288 1066 2371 prodest
1129 2289 1271 2352 tibi
1339 2291 1469 2351 aut
1533 2289 1711 2370 quid
1777 2289 2077 2366 faciam,
2141 2290 2204 2353 si
2261 2290 2626 2373 peccaui?
2684 2291 2801 2354 hoc

514 2397 679 2460 enim
710 2398 766 2461 ei
796 2396 1050 2459 uidetur
1079 2396 1190 2459 Iob
1241 2396 1473 2459 dixisse
1523 2395 1661 2472 dee,
1704 2396 1885 2477 quasi
1927 2409 2038 2460 aut
2074 2396 2189 2461 deo
2229 2398 2433 2478 prosit
2467 2400 2800 2479 peccatum

518 2505 673 2581 eius,
733 2508 804 2568 ut
859 2504 985 2567 isto
1046 2504 1260 2567 dolore
1318 2504 1395 2567 ad
1450 2504 1753 2585 pietatem
1815 2508 2097 2587 cogatur.
2155 2504 2265 2567 ubi
2323 2504 2441 2567 ait:
2491 2504 2645 2569 noli
2692 2524 2798 2568 me

517 2610 779 2674 docere
812 2609 1096 2691 inpium
1133 2628 1330 2673 esse:
1363 2628 1446 2671 an
1485 2610 1757 2672 bonum
1798 2613 1914 2673 est
1950 2609 2097 2672 tibi
2136 2608 2201 2673 si
2240 2609 2495 2691 inique
2536 2613 2797 2694 egero?

517 2720 628 2780 aut
683 2717 796 2780 deo
855 2719 1079 2779 noceat
1131 2715 1468 2797 peccando,
1530 2720 1595 2779 et
1647 2715 1787 2779 ideo
1842 2716 2025 2779 illum
2085 2716 2177 2779 sic
2232 2716 2604 2798 insequatur
2650 2717 2798 2781 deus
2831 2736 2877 2774 ευ

517 2823 698 2904 quasi
745 2822 996 2885 hostem
1045 2841 1233 2885 suum
1282 2842 1594 2904 premen8‚
1646 2842 1721 2885 ne
1769 2822 2009 2905 aliquid
2049 2822 2125 2885 ab
2164 2823 2275 2886 illo
2315 2823 2467 2886 mali
2504 2825 2797 2905 patiatur.

519 2950 660 2992 nam
702 2928 822 2992 hoc
863 2929 1052 2991 etiam
1094 2928 1365 2992 dixerat:
1409 2929 1470 2993 si
1512 2948 1647 3011 ego
1690 2930 2032 3010 peccaui,
2084 2929 2261 3010 quid
2306 2949 2616 3011 possum
2661 2930 2799 2995 tibi

517 3037 813 3099 facere?
891 3035 967 3098 ad
1042 3038 1380 3116 utrumque
1458 3055 1606 3119 ergo
1672 3035 1818 3099 Elin
1882 3036 2208 3118 respondit
2272 3037 2800 3118 consequentibus

523 3142 766 3205 uerbis:
818 3160 951 3224 ego
995 3140 1185 3204 dabo
1225 3141 1372 3206 tibi
1411 3161 1855 3225 responsum
1896 3146 1969 3206 et
2006 3143 2253 3207 tribus
2295 3143 2560 3207 amicis
2598 3144 2799 3207 meis.

522 3248 776 3330 aspice
824 3248 894 3312 in
944 3248 1231 3312 caelum
1275 3252 1347 3311 et
1384 3249 1590 3323 uide:
1632 3249 1926 3330 respice
1966 3249 2036 3313 in
2076 3250 2312 3314 nubes
2354 3270 2569 3332 quam
2610 3251 2800 3314 altae
2836 3267 2878 3303 ²⁵

700 3478 726 3528 1
767 3475 864 3527 Iob
904 3476 992 3539 34,
1031 3474 1098 3528 32
1279 3475 1310 3527 3
1351 3474 1445 3527 Iob
1484 3476 1573 3535 34,
1612 3475 1680 3528 32
1862 3476 1897 3527 4
1932 3474 2030 3528 Iob
2070 3477 2154 3535 34,
2195 3476 2262 3528 33
2409 3479 2440 3530 5
2480 3476 2578 3530 Iob
2620 3479 2703 3535 34.
2741 3479 2805 3531 34

525 3567 556 3619 6
600 3563 695 3616 Iob
738 3565 824 3619 34.
864 3567 933 3617 35
1044 3564 1075 3616 8
1112 3563 1208 3617 Iob
1249 3565 1336 3625 35,
1374 3565 1406 3617 2
1517 3566 1550 3617 9
1588 3564 1686 3617 Iob
1723 3567 1810 3619 35.
1852 3567 1884 3618 2
1996 3566 2060 3617 15
2099 3564 2194 3617 Iob
2235 3566 2304 3618 25
2342 3566 2374 3619 3
2489 3566 2554 3619 18
2590 3567 2687 3619 Iob
2730 3568 2804 3627 10,

522 3655 571 3707 2.
611 3654 644 3705 3
754 3653 824 3704 22
859 3654 958 3706 Iob
999 3654 1048 3713 7,
1090 3655 1157 3706 20
1268 3654 1337 3706 24
1376 3653 1472 3706 Iob
1513 3655 1600 3711 35.
1638 3656 1673 3707 4
1764 3656 1831 3707 25
1871 3654 1969 3707 Iob
2010 3655 2096 3713 35.
2134 3657 2166 3707 5

598 3776 621 3827 1
667 3778 724 3828 at
763 3774 907 3843 quod
944 3774 1119 3827 minus
1157 3774 1315 3827 uideo
1353 3775 1497 3827 Hier
1666 3793 1749 3828 me
1789 3792 1888 3830 om.
1930 3775 1975 3829 S
2082 3776 2113 3829 2
2152 3776 2349 3829 uidebo
2394 3777 2439 3831 C
2547 3780 2578 3832 3
2618 3778 2805 3846 iniqui-

522 3868 666 3918 tates
705 3864 736 3915 b
882 3865 915 3915 4
955 3867 1224 3916 correctus
1272 3864 1318 3915 T
1317 3864 1422 3916 PC
1563 3865 1705 3917 exiet
1742 3864 1788 3919 S
1822 3866 2001 3934 exiget
2036 3864 2180 3918 Hie-r
2331 3867 2582 3934 repulisti
2621 3883 2732 3919 eam
2771 3865 2812 3919 S

524 3956 556 4008 5
595 3954 696 4023 uir]
737 3953 829 4006 ubi
875 3952 922 4005 G
1025 3952 1057 4005 8
1095 3953 1150 4005 in
1190 3952 1388 4006 iudicio
1429 3953 1752 4006 existimasti
1788 3954 1845 4007 P
1949 3956 1981 4005 9
2021 3955 2112 4023 qui
2158 3954 2205 4007 G
2354 3955 2468 4024 qui]
2510 3957 2640 4025 quia
2677 3955 2809 4009 Hier

527 4044 593 4096 10
632 4041 718 4095 dei
751 4058 837 4110 pr.
876 4041 1022 4095 Hier
1168 4042 1233 4095 14
1271 4041 1378 4095 dici
1417 4046 1598 4110 potest
1643 4041 1718 4095 Cb
1875 4042 2037 4112 quod]
2079 4044 2231 4110 quasi
2271 4042 2301 4095 b
2452 4046 2517 4096 15
2557 4043 2736 4097 dicens
2771 4044 2811 4096 S

527 4132 591 4185 17
633 4135 726 4183 aut
764 4149 796 4183 a
833 4130 934 4183 deo
978 4131 1025 4184 C
1132 4130 1197 4183 18
1233 4131 1571 4198 impietatem
1610 4131 1684 4184 bd
1824 4131 1995 4184 nolite
2045 4132 2128 4183 Τά
2236 4133 2303 4184 19
2343 4132 2430 4202 an]
2470 4135 2569 4185 aut
2595 4131 2810 4186 SdHier

525 4220 589 4272 21
631 4219 911 4288 patiantur
957 4219 999 4270 C
1071 4219 1139 4271 22
1179 4219 1280 4271 tibi
1319 4236 1535 4287 possum
1576 4218 1720 4271 Hier
1801 4220 1868 4271 23
1910 4219 1975 4271 ad
2016 4220 2559 4289 utrumque—uerbis
2586 4223 2649 4272 in
2688 4219 2808 4273 TPb

520 4313 648 4376 post
683 4308 858 4361 facere
901 4310 1034 4367 585,
1063 4310 1103 4359 2
1137 4313 1441 4375 &efficuntur
1566 4312 1856 4377 utcumque
1893 4308 1940 4360 C
2060 4309 2208 4361 heliu
2244 4308 2427 4363 TPCb
2527 4310 2600 4362 24
2636 4310 2807 4377 itaque

529 4412 628 4463 ego
667 4396 811 4448 Hier
951 4396 1103 4463 meis]
1142 4397 1253 4448 tuis
1293 4395 1477 4449 SHier
1586 4398 1653 4448 25
1693 4395 1816 4449 uide
1855 4411 1957 4448 om.
2003 4397 2048 4449 G
2598 4408 2609 4417 ·
