3076 4976
921 507 1447 562 Adnotationum
1493 508 1558 561 in
1597 508 1712 561 Iob
1750 507 1925 562 liber
1963 506 2004 560 Ι.
2483 510 2614 572 575

312 704 389 767 in
460 704 746 769 faciem
811 723 1051 767 meam
1123 704 1559 768 miserunt:
1620 706 1693 767 ut
1749 702 1839 767 eis
1897 702 2139 767 inuitus
2191 703 2611 767 consentirem

311 816 569 893 portans
620 830 727 875 eos
776 811 1081 875 ducentes
1132 831 1255 893 quo
1305 812 1550 875 uellent
1597 810 1675 874 ad
1720 810 1849 873 ima
1897 829 2031 874 sua.
2084 812 2160 873 e‘t
2213 830 2247 874 a
2305 809 2614 875 dextris

313 918 871 1002 germinantes
934 920 1663 982 consurrexerunt:
1723 920 1787 981 et
1841 917 2111 982 fauendo
2163 919 2228 981 et
2272 917 2430 981 hene
2481 937 2611 981 mo·

310 1025 512 1089 nendo
565 1025 759 1089 exorti
809 1029 960 1089 sunt
1006 1025 1282 1107 quidem,
1331 1028 1406 1088 ut
1461 1044 1611 1089 suas
1661 1024 2043 1107 cupiditates
2101 1024 2439 1106 explerent,
2488 1043 2611 1088 non

243 1156 268 1194 ⁵
310 1132 765 1214 persequendo.
860 1131 1107 1213 pedes
1194 1150 1408 1197 meos
1506 1132 1945 1195 uinxerunt
2038 1130 2613 1214 compedibus:

310 1238 660 1303 officiorum
721 1238 1324 1313 ecclesiasticorum,
1376 1243 1448 1303 ut
1504 1258 1625 1303 non
1676 1257 1783 1303 eos
1832 1241 2094 1320 possent
2139 1224 2379 1321 fugere.
2442 1256 2614 1301 con·

307 1344 559 1408 tritae
609 1348 801 1408 sunt
859 1345 1203 1409 semitae
1261 1365 1516 1410 meae:
1564 1348 1639 1409 ut
1687 1364 1806 1409 non
1857 1345 2246 1428 adparereut,
2295 1364 2407 1427 per
2454 1364 2611 1427 quas

309 1451 517 1515 solent
560 1451 711 1515 boni
759 1452 1100 1528 ambulare,
1151 1472 1273 1516 non
1324 1455 1695 1534 quaerentes
1746 1471 1878 1529 sua,
1929 1451 2041 1516 sed
2081 1449 2336 1516 Christi.
2387 1451 2616 1515 exuit

308 1557 516 1622 enim
574 1576 685 1621 me
744 1559 998 1622 stola:
1058 1559 1435 1624 auctoritate
1491 1558 1781 1640 pristina,
1841 1558 1942 1622 cui
2002 1558 2140 1622 cedi
2188 1558 2378 1634 solet3
2438 1558 2609 1639 quod

212 1692 264 1727 ιο
308 1665 625 1748 contingit
671 1664 1081 1754 multitudine
1121 1671 1185 1729 et
1223 1666 1683 1731 consuetudine
1730 1669 2134 1748 peccatorum
2184 1667 2611 1747 praeualente.

304 1775 383 1835 et
427 1771 737 1835 iaculis
787 1771 960 1835 suis
1011 1771 1498 1836 uulnerauit
1533 1790 1686 1836 me:
1724 1771 2103 1853 praeceptis,
2146 1771 2378 1853 quihus
2419 1770 2608 1834 uideo

307 1878 475 1940 mala
522 1880 605 1953 et,
656 1877 802 1959 quia
850 1877 1182 1941 cohercere
1230 1897 1351 1942 non
1420 1896 1705 1959 possum,
1774 1877 2037 1940 crucior.
2116 1876 2419 1941 abusus
2489 1879 2615 1940 est

302 2002 421 2047 me
490 1983 712 2047 sicut
778 1983 1086 2048 uoluit:
1157 1984 1346 2048 etiam
1411 1983 1771 2048 calamitate
1830 1987 1893 2046 et
1947 1982 2202 2047 miseria
2257 2002 2399 2048 mea
2448 2003 2607 2048 usus

302 2095 403 2154 est
469 2089 545 2154 ad
611 2090 926 2154 iustitiam
996 2111 1176 2155 suam
1243 2091 1423 2166 deus,
1492 2090 1664 2155 sicut
1709 2091 1939 2154 uoluit.
2009 2090 2437 2155 doloribus
2505 2090 2608 2153 in·

208 2225 261 2263 15
301 2196 646 2262 uolutus
696 2216 901 2262 sum:
953 2201 1017 2261 et
1063 2197 1125 2261 in
1175 2216 1274 2261 me
1314 2197 1476 2261 etin
1530 2197 1671 2261 aliis
1728 2198 1964 2278 pati01·;
2014 2197 2218 2261 foris
2266 2216 2605 2284 pugnae,

298 2303 528 2367 intus
594 2302 958 2368 timores.
1028 2303 1207 2385 quis
1272 2303 1768 2379 infirmatur,
1819 2307 1898 2368 et
1962 2322 2105 2387 ego
2171 2322 2319 2368 non
2380 2304 2607 2367 infir-

298 2414 516 2475 mor?
604 2414 681 2474 et
762 2409 1176 2474 iterantur
1259 2410 1584 2474 dolores
1670 2410 1849 2487 mei,
1936 2409 2301 2475 discedit
2382 2410 2605 2475 sicut

301 2517 655 2600 spiritus
715 2536 897 2599 spes
956 2536 1159 2582 mea:
1211 2517 1390 2600 quasi
1437 2517 1620 2582 inane
1669 2517 1910 2599 aliquid
1960 2517 2249 2583 conuersi
2298 2518 2374 2582 ad
2422 2537 2602 2600 spem

297 2623 749 2707 temporalium
789 2624 1091 2688 habentes
1134 2624 1301 2707 quod
1333 2624 1659 2705 promitto.
1693 2627 1771 2687 et
1809 2624 2029 2688 sicut
2064 2625 2313 2689 nubes
2354 2629 2605 2689 trans·

201 2760 257 2798 20
301 2731 404 2794 iit
471 2732 695 2795 salus
762 2749 967 2795 mea:
1027 2750 1147 2795 non
1207 2733 1531 2812 sperantes
1610 2731 1881 2795 salutem
1951 2731 2330 2813 promissam
2398 2751 2611 2796 amore

297 2837 649 2921 praesentis
691 2836 939 2901 salutis,
992 2840 1069 2900 et
1115 2856 1318 2900 nunc
1367 2856 1610 2918 super
1655 2857 1769 2901 me
1818 2837 2298 2902 effundetur
2346 2837 2608 2901 anima

298 2963 504 3008 mea:
554 2942 1166 3026 peccand0.nocte
1219 2963 1404 3008 uero
1456 2962 1641 3008 ossa
1689 2964 1855 3008 mea
1903 2945 2329 3009 confracta
2381 2948 2609 3008 sunt:

297 3051 683 3125 firmitatem,
734 3069 921 3132 quam
972 3050 1214 3125 habuit,
1265 3051 1421 3115 dixit
1468 3051 1593 3114 sibi
1644 3055 1945 3133 ereptam.
2015 3055 2094 3115 et
2157 3050 2388 3114 nerui
2455 3051 2608 3115 mei

300 3156 704 3222 dissoluti
763 3159 986 3221 sunt:
1047 3158 1329 3222 actiones
1387 3158 1783 3239 praeteritae.
1843 3157 1917 3220 in
1978 3157 2234 3221 multa
2291 3158 2611 3222 uirtute

203 3292 259 3332 25
300 3263 850 3344 adprehendit
895 3264 1193 3328 stolam
1242 3282 1526 3328 meam:
1578 3264 1655 3328 ad
1704 3264 2261 3329 demonstrandam
2299 3265 2608 3329 uirtutem

298 3389 481 3435 suam
545 3371 734 3434 modo
783 3370 1135 3455 adfligendo
1196 3373 1260 3434 et
1313 3373 1538 3453 postea
1593 3371 1961 3453 reparando,
2032 3374 2109 3436 et
2173 3371 2406 3454 quasi
2475 3391 2608 3436 ora

297 3478 785 3542 uestimenti
834 3479 982 3541 mei
1024 3477 1581 3542 circumdedit
1619 3496 1770 3542 me:
1812 3477 2134 3542 modicum
2166 3478 2321 3542 mihi
2350 3477 2613 3560 reliquit

480 3687 513 3739 2
550 3686 647 3740 Iob
687 3687 773 3749 30,
816 3687 882 3740 12
1020 3690 1051 3741 5
1088 3687 1187 3741 Iob
1227 3687 1312 3749 30,
1355 3688 1420 3740 12
1553 3688 1585 3741 6
1624 3686 1721 3739 Iob
1762 3687 1846 3747 30,
1893 3687 1957 3740 13
2088 3688 2120 3740 8
2162 3687 2225 3741 cf.
2264 3686 2406 3741 Phil.
2447 3686 2497 3748 2,
2536 3686 2601 3739 21

297 3776 397 3829 Iob
437 3776 525 3843 30,
567 3777 631 3830 13
765 3777 823 3829 11
867 3775 962 3829 Iob
1005 3777 1091 3838 30,
1135 3777 1201 3830 14
1334 3777 1398 3829 12
1436 3774 1534 3828 Iob
1575 3775 1661 3837 30,
1705 3775 1770 3828 14
1901 3776 1967 3828 14
2005 3774 2101 3827 Iob
2141 3774 2226 3835 30,
2271 3776 2336 3828 14
2448 3776 2513 3829 15
2550 3773 2607 3827 ΙΙ

299 3863 420 3919 Cor.
463 3865 514 3930 7,
550 3865 582 3917 5
680 3863 746 3918 16
787 3861 834 3915 11
876 3865 993 3919 (lor.
1037 3864 1118 3926 11,
1158 3864 1226 3917 29
1323 3864 1387 3917 17
1427 3862 1523 3915 Iob
1566 3863 1651 3925 30,
1695 3863 1761 3915 15
1858 3863 1921 3916 19
1964 3862 2058 3915 Iob
2100 3863 2184 3925 30,
2228 3864 2292 3917 15
2397 3864 2463 3916 21
2506 3862 2608 3916 Iob

297 3953 386 4011 30,
430 3952 497 4005 16
641 3952 710 4005 22
745 3950 844 4005 Iob
884 3952 970 4009 30.
1014 3952 1076 4004 17
1226 3952 1293 4005 23
1331 3951 1427 4004 Iob
1468 3952 1555 4015 30,
1599 3952 1664 4005 17
1810 3951 1881 4005 24
1916 3950 2014 4004 Iob
2055 3951 2141 4015 30,
2187 3951 2249 4005 18
2397 3951 2465 4004 26
2506 3951 2607 4004 Iob

298 4042 389 4101 30.
436 4040 501 4093 18

373 4165 407 4216 2
448 4167 1021 4217 eis—consurrexerunt
1057 4180 1158 4217 om.
1191 4162 1333 4217 Hier
1442 4162 1492 4233 a]
1534 4162 1602 4215 ad
1633 4162 1679 4216 S
1748 4164 1780 4217 3
1818 4162 2085 4216 mouendo
2124 4163 2167 4214 C
2238 4167 2271 4217 4
2310 4163 2528 4232 quidam
2565 4165 2612 4217 G

300 4257 334 4309 5
373 4251 776 4323 persequendos
815 4252 846 4305 b
1053 4254 1320 4306 finxerunt
1357 4250 1403 4306 S
1582 4254 1613 4305 6
1654 4252 1871 4305 contriti
1913 4250 1958 4305 S
2134 4254 2165 4306 9
2207 4252 2346 4322 cedi]
2389 4252 2534 4306 credi
2574 4253 2606 4305 b

305 4344 370 4396 17
411 4341 693 4395 descendit
736 4342 782 4395 G
872 4343 937 4395 19
977 4342 1050 4394 sic.
1079 4341 1123 4395 S
1225 4342 1457 4395 transiet
1486 4340 1532 4395 S
1620 4341 1690 4393 22
1728 4340 1994 4410 precando
2025 4341 2099 4394 bd
2187 4342 2254 4394 23
2295 4344 2528 4394 erectam
2565 4340 2614 4394 G

302 4433 374 4485 25
416 4429 821 4500 comprehendit
859 4431 915 4483 P
1022 4431 1089 4483 26
1129 4431 1262 4483 hora
1297 4430 1403 4483 PC
