3076 4976
426 490 553 553 450
1129 481 1182 534 S.
1237 480 1504 535 Aureli
1561 478 1999 547 Augustini

428 679 788 746 ascendet
833 677 1223 742 nobiscum
1271 676 1358 739 ad
1408 675 1924 741 chananaeum
1972 674 2115 737 dux
2154 672 2241 736 ad
2277 671 2710 737 bellandum

426 790 498 853 in
546 790 670 851 eo?
738 790 810 849 et
857 784 1047 848 dixit
1113 782 1490 848 dominus:
1557 781 1782 845 Iudas
1849 780 2233 855 ascendet;
2301 798 2472 844 ecce
2544 779 2714 843 dedi

428 898 701 958 terram
750 892 822 955 in
870 909 1087 954 manu
1134 890 1403 972 ipsius.
1452 889 1556 952 hic
1605 888 1947 970 quaeritur,
1995 891 2212 952 utrum
2253 888 2485 970 aliquis
2525 888 2713 952 homo

426 1001 617 1065 Iudas
664 998 1030 1074 uocabatur,
1079 1014 1155 1060 an
1201 996 1407 1078 ipsam
1455 994 1690 1058 tribum
1741 994 1833 1059 ita
1877 999 1952 1059 ut
1997 996 2159 1059 solet
2206 994 2299 1059 sic
2347 994 2713 1077 appellauit.

429 1107 540 1172 sed
583 1105 700 1181 illi,
752 1104 859 1186 qui
897 1104 1435 1186 interrogauerant
1472 1101 1819 1177 dominum,
1858 1106 2007 1183 post
2042 1106 2308 1166 mortem
2349 1103 2494 1166 Iesu
2535 1101 2714 1166 Naue
2781 1126 2807 1161 s

430 1215 655 1279 ducem
717 1210 1144 1292 requirebant:
1207 1208 1375 1273 unde
1440 1211 1702 1291 putatur
1756 1208 1944 1273 unius
2012 1228 2376 1290 expressum
2441 1210 2717 1274 hominis

427 1339 675 1386 nomen.
735 1337 957 1382 uerum
1015 1316 1163 1397 quia
1206 1334 1330 1379 non
1379 1317 1547 1380 solet
1591 1315 1782 1379 duces
1839 1315 2157 1380 nominare
2214 1316 2526 1398 scriptura
2572 1335 2718 1381 cum

429 1425 903 1492 constituuntur
966 1422 1088 1486 nisi
1150 1425 1645 1486 commemorata
1709 1421 1900 1485 etiam
1968 1422 2212 1506 origine
2276 1428 2605 1505 parentum
2656 1429 2720 1487 et

430 1535 682 1599 constat
726 1533 874 1614 post
918 1530 1131 1594 Iesum
1182 1528 1375 1592 duces
1424 1528 1725 1592 habuisse
1772 1529 2082 1612 populum
2137 1530 2400 1606 Israhel,
2448 1549 2718 1611 quorum

428 1641 671 1723 primus
721 1641 821 1702 est
867 1636 1209 1702 Gothoniel
1255 1635 1427 1700 filius
1476 1635 1698 1714 Cenez,
1746 1636 1983 1700 rectius
2030 1636 2426 1721 intellegitur
2462 1635 2717 1700 nomine
2760 1662 2817 1699 10

428 1745 622 1810 Iudae
688 1744 925 1808 tribum
990 1742 1149 1806 Iuda
1211 1741 1409 1807 fuisse
1478 1742 1918 1826 significatam.
1968 1742 2044 1806 ab
2111 1742 2251 1825 ipsa
2315 1743 2480 1807 enim
2547 1743 2716 1806 tribu

432 1851 640 1917 uoluit
685 1850 977 1913 dominus
1032 1848 1308 1930 incipere
1357 1849 1598 1913 conteri
1656 1848 2079 1914 chananaeos.
2129 1853 2194 1913 et
2239 1868 2383 1914 cum
2442 1850 2718 1932 populus

434 1959 510 2022 de
575 1957 735 2021 duce
800 1957 1274 2038 interrogasset,
1342 1955 1420 2019 ad
1484 1955 1602 2020 hoc
1668 1956 1874 2020 ualuit
1940 1957 2265 2039 responsio
2330 1957 2588 2033 domini,
2647 1961 2722 2021 ut

434 2065 668 2130 scirent
731 2063 920 2127 deum
985 2062 1266 2126 noluisse
1333 2062 1409 2125 ab
1457 2062 1757 2126 uniuerso
1824 2064 2057 2145 populo
2123 2064 2347 2128 bellari
2413 2063 2720 2127 aduersus

435 2170 861 2237 Chananaeos.
894 2168 1051 2233 dixit
1082 2188 1262 2252 ergo:
1302 2168 1528 2233 Iudas
1570 2169 1945 2235 ascendet.
1988 2174 2052 2234 et
2089 2171 2379 2252 sequitur
2408 2171 2722 2253 scriptura
2763 2195 2818 2233 ιε»

434 2295 719 2341 narrans:
787 2278 865 2339 et
928 2275 1135 2338 dixit
1200 2275 1443 2340 Iudas
1511 2276 1602 2340 ad
1669 2276 2004 2359 Symeon
2070 2277 2404 2341 fratrem
2471 2296 2719 2349 suum,

433 2383 655 2464 utique
720 2381 924 2445 tribus
973 2381 1052 2444 ad
1111 2380 1369 2444 tribum.
1436 2400 1559 2446 non
1608 2381 1773 2445 enim
1840 2382 2047 2446 adhuc
2110 2383 2418 2447 uiuebant
2463 2383 2558 2446 illi
2607 2382 2722 2446 filii

433 2490 643 2567 Iacob,
702 2487 810 2571 qui
868 2487 1020 2551 dicti
1070 2493 1222 2552 sunt
1274 2487 1465 2552 Iudas
1515 2493 1580 2553 et
1626 2486 1920 2572 Symeon,
1977 2490 2142 2553 inter
2197 2493 2442 2555 ceteros
2496 2492 2721 2554 fratres

437 2615 589 2660 suos
653 2595 923 2678 propriis
993 2594 1352 2658 nominibus
1420 2596 1749 2677 appellati3
1809 2596 1920 2661 sed
1969 2596 2126 2660 dixit
2189 2598 2394 2661 tribus
2442 2597 2601 2661 Iuda
2646 2598 2722 2661 ad

434 2701 673 2766 tribum
743 2701 1043 2784 Symeon:
1104 2699 1449 2762 ascende
1506 2720 1806 2764 mecum
1864 2702 1938 2765 in
1999 2707 2297 2767 sortem
2356 2723 2598 2768 mea-m
2649 2708 2818 2768 eta»

437 2807 838 2872 bellemus
885 2807 961 2870 in
1014 2804 1511 2883 Chananaeo,
1562 2810 1640 2870 et
1683 2808 1816 2872 ibo
1865 2809 2110 2873 etiam
2159 2829 2300 2894 ego
2340 2815 2607 2876 tecum
2646 2812 2722 2874 in

441 2917 743 2979 sortem
789 2918 1024 2977 tuam.
1087 2912 1499 2976 manifestum
1566 2916 1664 2977 est
1710 2915 2011 2979 auxilium
2078 2916 2200 2981 sibi
2265 2917 2506 2981 tribum
2567 2917 2724 2981 Iuda

441 3021 700 3085 alterius
756 3019 963 3083 tribus
1020 3018 1402 3101 postulasse,
1460 3020 1628 3102 quod
1678 3020 1984 3098 redderet,
2034 3041 2178 3087 cum
2237 3027 2302 3087 et
2344 3023 2441 3087 illi
2498 3025 2560 3087 in
2610 3044 2725 3088 sua

441 3129 609 3191 sorte
657 3126 885 3190 habere
930 3125 1283 3207 inciperent
1328 3127 1776 3194 necessarium.

530 3233 646 3296 111.
695 3233 790 3295 Et
840 3231 1036 3295 dixit
1083 3231 1357 3296 Caleb:
1408 3233 1897 3316 quicumque
1944 3239 2459 3317 percusserit
2518 3239 2724 3304 ciui·
2765 3262 2824 3301 aa

442 3343 697 3402 tatem
762 3337 1231 3402 litterarum
1283 3340 1361 3401 et
1406 3341 1928 3423 anteceperit
1994 3361 2176 3420 eam,
2246 3348 2324 3408 et
2387 3345 2587 3411 dabo
2655 3347 2726 3411 ei

442 3444 710 3509 filiam
758 3463 1003 3508 meam
1048 3445 1284 3508 Axam
1332 3446 1408 3509 in
1458 3465 1798 3511 uxorem.
1845 3448 1968 3511 iam
2020 3450 2140 3515 hoc
2179 3452 2340 3516 etin
2377 3452 2539 3517 libro
2579 3454 2726 3518 Iesu

624 3637 687 3689 16
725 3634 844 3688 Iud.
889 3636 932 3698 1,
973 3634 1006 3687 3
1115 3636 1183 3687 25
1222 3635 1338 3689 Iud.
1382 3637 1429 3697 1,
1474 3637 1538 3689 12
1649 3638 1717 3690 27
1758 3638 1823 3692 cf.
1862 3639 1966 3695 Ios.
2012 3642 2094 3705 15,
2137 3642 2201 3694 16

519 3761 543 3812 1
587 3758 831 3812 ascendit
867 3743 1025 3812 PSN
1040 3758 1165 3812 V¹1⁷
1322 3777 1615 3814 cananeum
1653 3761 1819 3816 PSN
1828 3763 1931 3816 VT
2088 3765 2466 3840 debellandum
2509 3768 2735 3823 S²V²bd

445 3850 478 3902 2
515 3849 569 3901 in
610 3865 671 3900 eo
710 3847 940 3916 scripsi:
979 3864 1100 3901 eum
1139 3848 1271 3902 libri
1395 3852 1427 3904 3
1466 3867 1654 3903 manus
1693 3851 1802 3905 SN
1811 3853 1912 3906 VT
2034 3856 2068 3908 ὃ
2104 3856 2580 3927 interrogaueruut
2614 3858 2738 3912 ΝΤ

442 3938 653 3991 ihesum
700 3937 750 3990 T
827 3938 858 3991 6
896 3937 1129 3990 hominis
1167 3955 1360 3991 nomen
1399 3956 1704 4009 expressum
1751 3942 1802 3994 T
1883 3944 1949 3996 10
1985 3945 2304 4013 gothonihel
2342 3948 2390 4001 S
2492 3965 2650 4002 zenez
2689 3949 2739 4003 S

447 4028 601 4079 cenet
646 4024 697 4076 T
877 4027 937 4077 11
992 4025 1193 4078 tribum
1242 4025 1628 4103 Iudabscripsi
1663 4045 1782 4083 cum
1819 4030 1916 4084 bd:
1966 4033 2165 4087 tribum
2211 4033 2395 4087 iudam
2433 4036 2616 4101 codd.;
2659 4038 2731 4105 cf.

443 4131 583 4168 ποτε.
622 4116 704 4166 22
848 4113 1211 4181 significatum
1249 4115 1299 4167 T
1395 4117 1461 4168 14
1497 4116 1733 4171 uoluisse
1769 4118 1820 4171 T
1920 4120 1986 4174 18
2025 4127 2080 4173 et
2116 4122 2259 4174 inter
2290 4121 2341 4174 Τ
2440 4124 2504 4176 19
2544 4125 2734 4193 appel-

446 4203 586 4255 latos
622 4201 809 4255 PS¹N
843 4202 1132 4276 appellatis
1178 4202 1231 4255 V
1387 4204 1458 4258 20
1494 4209 1641 4259 sorte
1678 4207 1838 4261 PSN
1844 4207 1897 4260 V
2071 4226 2189 4262 inea
2223 4209 2384 4264 PSV
2521 4212 2585 4265 21
2628 4229 2734 4282 ego

446 4309 547 4348 σηι.
585 4289 651 4343 N
663 4359 671 4368 .
789 4291 856 4345 25
898 4291 1046 4360 calep
1087 4291 1133 4345 S
1169 4292 1356 4346 chaleb
1404 4293 1458 4345 V
1597 4295 1666 4348 26
1715 4298 2049 4367 anteceperit
2090 4299 2316 4366 scripsi:
2361 4299 2567 4372 ceperit
2603 4302 2741 4355 libri

449 4386 504 4435 et
542 4397 643 4435 om.
684 4379 757 4433 bd
864 4381 929 4433 27
970 4381 1137 4433 Axam
1176 4397 1278 4434 om.
1316 4381 1477 4435 PSN
1492 4383 1572 4436 Vb
1718 4385 1773 4437 in
1804 4403 1892 4454 pr.
1931 4403 2032 4441 om.
2073 4387 2148 4440 bd
