3076 4976
953 523 1477 577 Adnotationum
1517 524 1581 576 in
1620 524 1734 577 Iob
1775 524 1948 578 liber
1989 526 2032 580 1.
2511 530 2640 593 529

343 720 619 797 iustus»,
671 738 749 784 os
799 737 1040 783 meum
1088 718 1298 802 inpia
1343 720 1728 800 loquetur:
1780 720 1834 784 si
1881 740 1981 785 me
2030 693 2270 785 iustum
2311 726 2640 804 putauero.

346 845 603 890 uerum
668 829 913 891 tamen
981 827 1370 890 auferetur
1433 826 1600 890 uita
1661 846 1844 891 mea:
1905 827 2196 909 quamuis
2254 828 2528 893 nesciam
2585 830 2642 894 si

341 932 513 1015 inpie
563 932 684 1016 egi,
733 935 943 997 tamen
993 933 1316 997 auferetur
1361 933 1497 997 uita
1543 953 1704 1010 mea,
1756 937 1829 997 ut
1872 934 2079 1015 patiar
2125 953 2283 1016 quae
2330 936 2473 1000 nolo
2526 941 2641 1000 aut

343 1060 467 1105 non
513 1040 742 1105 faciam
794 1058 954 1121 quae
1000 1040 1169 1104 uolo.
1231 1059 1453 1103 uuum
1512 1043 1629 1104 est
1685 1040 1878 1121 quod
1937 1040 2116 1103 dixi:
2175 1060 2516 1125 magnum
2568 1047 2641 1106 et

274 1171 301 1208 ε»
342 1149 731 1229 potentem
799 1145 1179 1227 disperdit
1242 1145 1378 1209 ira:
1446 1145 1510 1209 id
1569 1149 1693 1210 est:
1752 1150 2007 1229 propter
2061 1147 2181 1211 hoc
2238 1168 2432 1212 unum
2481 1148 2641 1213 fiunt

340 1253 787 1317 tribulationes
845 1251 1232 1326 hominibuS.
1283 1256 1356 1315 ut
1409 1271 1595 1317 nemo
1654 1253 1776 1317 sibi
1835 1272 2101 1338 magnus
2149 1259 2499 1336 potensque
2549 1257 2639 1319 ui-

342 1360 567 1424 deatur
610 1377 1016 1441 praesumens
1066 1358 1142 1420 de
1190 1358 1434 1423 uiribus
1487 1359 1642 1423 suis,
1703 1360 1875 1441 quia
1932 1379 2250 1440 nequam
2297 1360 2636 1427 homines

341 1468 413 1530 in
459 1485 721 1549 magna
766 1471 1002 1529 morte
1053 1469 1297 1529 erunt:
1349 1485 1468 1530 uon
1517 1466 1579 1529 in
1628 1466 1952 1543 mediocri,
1992 1467 2053 1531 in
2096 1487 2221 1549 qua
2258 1471 2409 1532 sunt
2445 1468 2636 1533 etiam

338 1573 516 1648 iusti,
576 1592 718 1637 cum
777 1571 1162 1635 tribulantur
1219 1574 1283 1635 et
1346 1572 1422 1634 ab
1492 1571 1583 1635 eis
1651 1572 2031 1638 deridentur.
2097 1578 2300 1638 terra
2353 1574 2635 1639 tradita

250 1705 301 1742 ιο
341 1684 458 1743 θεῖ
510 1679 581 1743 in
640 1697 900 1743 manus
948 1677 1169 1760 inpii:
1221 1681 1331 1742 aut
1380 1697 1608 1761 corpus
1656 1678 1994 1757 iustorum,
2044 1699 2165 1745 non
2214 1681 2440 1756 anima,
2490 1700 2636 1745 cum

342 1805 451 1851 eos
517 1788 1002 1868 persequuntur,
1071 1788 1183 1849 aut
1246 1784 1493 1866 quando
1560 1785 1771 1868 inpius
1847 1786 2152 1851 dominari
2226 1788 2634 1870 permittitur.

338 1894 553 1972 potest
609 1891 808 1974 accipi
866 1894 929 1954 et
984 1890 1173 1954 homo
1233 1896 1530 1974 peccator
1582 1892 1645 1954 in
1703 1911 1929 1956 manus
1988 1892 2222 1957 diaboli
2284 1894 2634 1957 secundum

339 1999 794 2064 mortalitatem
863 2018 1065 2062 suam.
1142 1998 1429 2062 faciens
1498 1999 1870 2063 iudicium
1937 2000 2099 2064 eius
2173 2001 2446 2083 operit:
2524 2005 2637 2065 aut

339 2105 542 2188 ipsius
590 2105 747 2188 inpii
793 2105 1102 2169 iudicium
1154 2110 1267 2169 aut
1310 2105 1497 2179 iusti3
1547 2105 1610 2169 in
1658 2105 1779 2170 hoc
1817 2107 1984 2169 enim
2024 2110 2306 2190 tempore
2347 2111 2632 2190 opertum

246 2239 300 2276 ιε,
339 2214 456 2275 θεῖ.
525 2214 637 2275 aut
692 2214 859 2275 certe
924 2212 1044 2276 hoc
1090 2211 1229 2293 ipso
1278 2212 1433 2275 facit
1479 2211 1786 2276 iudicium
1835 2212 1992 2288 eius,
2042 2213 2107 2276 id
2155 2218 2279 2277 est:
2331 2233 2402 2277 eo
2451 2214 2634 2278 illum

336 2317 540 2400 punit,
592 2337 715 2399 quo
767 2317 1046 2383 occultat
1094 2318 1149 2382 ei
1197 2317 1662 2400 prouidentiam
1715 2337 1916 2394 suam,
1964 2323 2039 2383 ut
2087 2323 2212 2384 est:
2273 2341 2445 2402 prae
2494 2341 2632 2384 ma·

337 2424 739 2508 gnitudine
787 2425 942 2490 irae
991 2444 1168 2490 suae
1209 2444 1345 2488 non
1386 2425 1743 2507 requiret.
1786 2427 1891 2490 uel
1931 2444 2002 2491 eo
2041 2427 2285 2492 iustum
2327 2426 2630 2504 uindicat,

336 2552 460 2614 quo
511 2533 792 2596 occultat
838 2533 1229 2614 persecutori
1278 2532 1416 2597 eius
1465 2532 1775 2597 iudicium
1816 2552 2025 2609 suum,
2065 2535 2130 2597 id
2169 2539 2269 2598 est
2304 2535 2632 2618 prouiden-

333 2637 491 2702 tiam
538 2658 739 2715 suam,
789 2644 864 2702 ut
911 2639 1108 2703 artius
1155 2642 1564 2720 peccatorum
1609 2640 1855 2721 laqueis
1901 2660 2013 2722 per
2056 2641 2475 2724 inpunitatem
2533 2661 2631 2706 ca-

234 2774 294 2811 20
332 2745 563 2827 piatur.
651 2745 921 2826 quodsi
980 2765 1118 2810 non
1178 2750 1334 2820 est,
1393 2748 1562 2828 quis
1631 2766 1803 2830 ergo
1872 2751 2027 2811 est?
2092 2751 2307 2829 potest
2367 2749 2487 2814 hoc
2553 2750 2628 2815 de

335 2850 588 2914 domino
654 2852 964 2935 intellegi,
1025 2853 1131 2934 qui
1191 2857 1253 2917 et
1311 2853 1559 2917 derisus
1617 2858 1716 2917 est
1771 2857 1836 2918 et
1893 2855 2071 2918 cuius
2130 2858 2313 2931 terra,
2366 2859 2482 2921 boc
2531 2862 2630 2922 est

335 2977 564 3040 corpus
620 2958 923 3023 traditum
983 2966 1081 3023 est
1138 2960 1200 3023 in
1257 2979 1483 3024 manus
1531 2960 1932 3039 Iudaeorum,
1982 2965 2046 3025 et
2092 2963 2273 3026 cuius
2320 2963 2626 3028 iudicium

331 3064 569 3128 faciens
620 3066 974 3129 occultanit
1018 3067 1418 3131 maiestatem
1457 3066 1683 3149 ipsius.
1735 3068 2007 3150 quodsi
2073 3069 2235 3150 ipse
2300 3090 2439 3134 non
2491 3076 2625 3149 θεῖ,

332 3172 500 3253 quis
560 3190 733 3254 ergo
796 3174 932 3245 θεῖ,
984 3171 1089 3252 qui
1139 3172 1377 3234 maiora
1425 3173 1637 3248 saciat,
1688 3192 1880 3255 quam
1927 3174 2080 3237 fecit
2126 3175 2305 3256 ipse?
2355 3178 2458 3240 uel
2506 3178 2626 3242 sic:

230 3307 291 3345 25
332 3278 560 3358 quodsi
636 3298 754 3341 non
832 3277 987 3341 facit
1043 3277 1198 3341 deus
1255 3278 1562 3343 iudicium
1619 3280 1774 3343 iusti
1830 3283 1936 3344 uel
1982 3281 2156 3362 inpii.
2207 3283 2347 3363 quis
2414 3287 2626 3365 potest

330 3385 577 3448 facere?
647 3385 809 3449 uita
871 3388 1117 3449 autem
1182 3404 1342 3449 mea
1405 3386 1651 3450 leuior
1718 3392 1834 3451 est
1899 3406 2231 3452 cursore:
2300 3393 2622 3471 tamquam

509 3645 541 3697 2
579 3645 675 3698 Iob
716 3648 765 3710 9,
806 3648 867 3699 21
982 3648 1015 3699 4
1052 3646 1149 3700 Iob
1189 3648 1238 3711 9,
1279 3648 1346 3699 22
1459 3648 1488 3699 7
1529 3646 1625 3699 Iob
1666 3650 1714 3710 9,
1756 3648 1823 3701 23
1933 3649 1964 3701 9
2004 3648 2099 3701 Iob
2140 3649 2190 3709 9,
2231 3650 2299 3701 24
2423 3651 2486 3703 13
2527 3650 2620 3703 Iob

325 3736 377 3796 9,
418 3736 488 3787 24
600 3736 664 3787 16
702 3735 791 3789 Ρε.
832 3737 880 3799 9,
921 3737 989 3788 25
1098 3737 1166 3789 20
1205 3735 1302 3787 Iob
1343 3736 1391 3800 9,
1432 3738 1500 3789 24
1612 3738 1678 3789 26
1717 3737 1812 3789 Iob
1854 3738 1904 3797 9,
1945 3738 2011 3791 25

404 3910 427 3962 1
471 3910 713 3978 loquitur
749 3911 795 3964 S
863 3912 895 3963 2
937 3913 1176 3965 aufertur
1215 3912 1452 3965 PSHier
1525 3914 1557 3966 3
1596 3913 1836 3967 aufertur
1879 3914 1986 3967 GP
2064 3916 2097 3967 4
2135 3916 2318 3982 unum]
2359 3931 2540 3967 uerum
2581 3914 2626 3968 S

325 4002 547 4068 propter
585 3999 727 4067 quod
766 3999 951 4053 SHier
1132 4005 1187 4053 et
1225 4000 1332 4053 dixi
1372 4001 1560 4055 SHier
1702 4004 1733 4055 5
1775 4002 2096 4071 disperdidit
2139 4003 2188 4055 G
2324 4004 2357 4055 6
2394 4020 2619 4071 magnus

325 4087 429 4139 sibi
469 4090 766 4157 potensque
805 4106 961 4141 nemo
1008 4089 1126 4142 de
1298 4090 1327 4142 7
1367 4107 1471 4157 qua
1508 4108 1687 4159 nequa
1722 4099 1899 4158 nequa
1937 4091 1982 4144 S
2147 4094 2209 4145 12
2249 4096 2304 4144 et
2342 4092 2510 4160 accipi
2551 4092 2624 4144 bd

331 4177 395 4229 13
434 4176 600 4229 facies
639 4176 686 4230 S
827 4180 893 4230 14
933 4181 1210 4246 operatum
1251 4179 1306 4231 P
1450 4180 1513 4231 16
1555 4180 1635 4246 ut]
1677 4179 1734 4232 id
1779 4180 1824 4232 G
1974 4198 2100 4249 prae
2143 4181 2288 4233 de:
2327 4198 2420 4249 per
2462 4180 2626 4233 GTP

320 4265 754 4333 magnitudinem
798 4266 960 4319 GTP
1035 4269 1097 4320 17
1137 4267 1343 4320 indicat
1386 4268 1436 4321 G
1514 4270 1578 4321 18
1619 4269 1858 4321 occultat
1896 4270 1944 4322 ei
1973 4271 2026 4322 P
2099 4271 2164 4323 19
2205 4271 2536 4339 impietatem
2569 4271 2623 4323 1²

325 4354 394 4406 23
432 4359 788 4421 magestatem
830 4356 872 4407 G
907 4356 1191 4409 maiestate
1232 4357 1262 4408 b
1373 4358 1441 4409 24
1481 4356 1612 4409 facit
1641 4374 1730 4425 pr.
1777 4358 1852 4410 Cb
1962 4360 2029 4411 25
2071 4360 2116 4412 si
2154 4376 2260 4411 non
2302 4360 2383 4411 bis
2418 4375 2531 4427 pos.
2579 4359 2627 4413 C

322 4443 392 4495 26
434 4460 534 4511 qur
573 4460 781 4497 cursore
822 4443 868 4498 S

436 4567 627 4607 xxvln
660 4568 777 4616 Aug.
809 4573 920 4608 sect.
954 4570 1020 4608 111
1052 4580 1156 4618 pars
1186 4571 1210 4607 3
2409 4555 2477 4608 34
