3076 4976
358 455 489 519 408
966 465 976 473 ·
1064 453 1114 507 S.
1172 451 1449 505 Aureli
1502 451 1943 521 Augustini

368 645 581 730 iungit
628 648 692 708 et
740 645 928 711 dicit:
985 646 1165 727 ipse
1214 646 1422 711 enim
1467 649 1740 710 rectos
1788 645 2044 710 faciet
2100 664 2390 710 cursus
2447 650 2660 711 tuoS.

365 757 445 817 et
494 752 761 816 omnia
807 753 1112 817 itinera
1159 756 1295 817 tua
1343 753 1415 816 in
1463 771 1657 835 pace
1705 752 2120 835 producet.

456 857 855 941 Quapropter
908 859 1077 941 quod
1132 859 1258 923 isto
1314 860 1455 924 loco
1512 858 2012 935 Deuteronomii,
2072 858 2147 924 de
2203 879 2327 941 quo
2388 859 2658 943 agimus,

368 967 614 1031 dictum
656 970 785 1030 est:
838 984 985 1029 non
1036 965 1538 1049 praeteribis
1590 965 1679 1029 ab
1722 965 2097 1032 omnibus
2139 966 2419 1030 uerbis
2461 985 2658 1048 quae

366 1093 508 1157 ego
557 1072 839 1137 mando
889 1073 1045 1137 tibi
1094 1072 1334 1136 hodie
1385 1072 1665 1137 dextra
1714 1076 1852 1137 aut
1899 1072 2247 1137 sinistra
2304 1073 2416 1137 ire
2474 1078 2661 1154 post
2723 1094 2758 1133 ⁵

369 1179 560 1243 deos
619 1178 829 1243 alios
889 1178 1201 1243 seruire
1258 1178 1470 1255 illis,
1528 1199 1649 1243 non
1707 1178 1849 1243 ideo
1907 1179 2149 1243 dictum
2207 1183 2325 1256 est,
2377 1179 2525 1261 quia
2573 1179 2658 1243 dii

369 1286 476 1351 alii
545 1290 814 1368 possunt
878 1286 1068 1350 etiam
1137 1286 1200 1350 in
1267 1285 1500 1350 dextris
1568 1286 1802 1367 accipi;
1872 1286 1984 1350 sed
2049 1290 2160 1348 aut
2222 1289 2468 1350 terrena
2523 1287 2661 1350 loca

371 1392 727 1475 significata
793 1395 963 1469 sunt,
1023 1393 1172 1474 quia
1237 1396 1301 1457 et
1363 1393 1424 1456 in
1493 1392 1706 1456 dextra
1771 1396 1836 1456 et
1896 1393 1957 1455 in
2026 1391 2282 1456 sinistra
2345 1392 2664 1456 habebant

372 1501 591 1581 gentes
651 1498 809 1563 alios
869 1498 1019 1563 deos
1078 1500 1393 1569 colentes:
1462 1503 1573 1562 aut
1627 1499 1746 1563 hoc
1805 1499 1882 1562 de
1940 1498 2061 1563 diis
2120 1499 2264 1563 aliis
2322 1499 2660 1581 separatim

372 1604 906 1685 pronuntiandum
958 1610 1076 1679 est,
1125 1609 1198 1668 ut
1245 1604 1367 1669 duo
1417 1604 1548 1669 sint
1594 1624 1841 1680 sensus,
1902 1624 2064 1669 unus
2123 1605 2457 1669 uidelicet:
2515 1624 2659 1671 non
2704 1630 2763 1669 ι.)

376 1711 883 1792 praeteribis
950 1712 1039 1775 ab
1109 1712 1481 1776 omnibus
1550 1712 1826 1776 uerbis
1895 1732 2092 1794 quae
2161 1732 2306 1796 ego
2383 1712 2660 1775 mando

371 1817 531 1881 tibi
579 1818 817 1882 hodie
868 1817 1143 1882 dextra
1191 1824 1328 1883 aut
1371 1818 1738 1896 sinistra,
1789 1818 2138 1883 secundum
2186 1819 2366 1883 illuni
2418 1818 2665 1883 scilicet

372 1923 791 1999 intellectum,
861 1943 1049 2005 quem
1117 1945 1308 2007 supra
1372 1924 1666 2006 exposui3
1743 1924 1906 1989 alius
1973 1930 2185 1989 autem
2251 1925 2339 1990 sit
2402 1944 2662 1990 sensus:

374 2030 491 2094 ire
538 2036 724 2113 post
772 2030 962 2096 deos
1014 2032 1222 2096 alios
1265 2032 1578 2096 seruire
1617 2031 1819 2109 illis,
1861 2036 1934 2096 ut
1971 2034 2035 2095 et
2071 2032 2176 2097 hic
2217 2031 2663 2096 subaudiatur:

379 2156 523 2201 non
558 2137 1062 2220 praeteribis
1105 2136 1189 2200 ab
1231 2137 1603 2203 omnibus
1643 2138 1920 2202 uerbis
1961 2158 2163 2220 quae
2202 2158 2346 2221 ego
2386 2137 2665 2202 mando
2709 2162 2765 2201 ιε»

375 2244 532 2309 tibi
580 2244 842 2310 hodie.
894 2263 1080 2326 quem
1121 2247 1328 2308 totum
1372 2263 1627 2308 sensum
1669 2244 1722 2309 si
1762 2244 1965 2309 dicere
2004 2244 2303 2320 uelimus,
2343 2242 2671 2325 superiora

376 2351 589 2426 uerba,
642 2370 803 2433 quae
853 2350 1104 2432 utrique
1153 2350 1370 2415 sensui
1420 2354 1568 2414 sunt
1615 2351 1995 2425 communia,
2043 2350 2374 2433 repetituri
2422 2368 2667 2421 sumus,

379 2462 471 2535 ut,
523 2458 838 2541 quomodo
885 2457 1019 2523 illic
1068 2457 1333 2522 dicitur:
1392 2477 1538 2522 non
1598 2457 2101 2541 praeteribis
2159 2457 2248 2521 ab
2299 2456 2667 2521 omnibus

379 2584 580 2646 quae
630 2584 773 2649 ego
822 2565 1101 2629 mando
1151 2564 1309 2628 tibi
1356 2564 1594 2628 hodie
1645 2564 1922 2628 dextra.
1969 2568 2104 2629 aut
2152 2564 2528 2639 sinistra,
2578 2563 2668 2627 sic.

380 2675 446 2735 et
493 2672 640 2736 istic
698 2675 1055 2753 repetatur:
1126 2690 1271 2734 non
1331 2670 1835 2753 praeteribis
1892 2672 1981 2735 ab
2041 2671 2413 2736 omnibus
2471 2687 2668 2752 quae
2708 2699 2770 2736 ε.)

382 2797 529 2861 ego
581 2777 858 2842 mando
918 2778 1075 2841 tibi
1132 2777 1369 2841 hodie
1427 2777 1542 2841 ire
1599 2785 1785 2860 post
1840 2777 2029 2842 deos
2088 2778 2298 2842 alios
2357 2775 2669 2841 seruire

379 2884 580 2948 illis.
630 2883 1082 2966 praetereundo
1132 2883 1296 2946 enim
1346 2902 1383 2946 a
1430 2884 1665 2960 uerbis,
1715 2904 1874 2966 quae
1923 2883 2216 2948 mandata
2265 2888 2433 2960 sunt,
2483 2882 2669 2947 etiam

382 2992 501 3057 hoc
551 2991 642 3067 fit,
694 2995 767 3055 ut
814 2993 994 3054 eatur
1037 2993 1186 3071 post
1233 2990 1381 3055 deos
1431 2992 1612 3055 alios.
1686 3011 1806 3056 non
1856 2992 2020 3055 enim
2069 2991 2188 3056 hoc
2237 2991 2446 3054 solum
2504 3008 2672 3053 man·

382 3097 599 3162 datum
667 3099 766 3160 est
831 3100 942 3158 aut
1005 3097 1125 3160 hoc
1191 3096 1396 3161 solum
1474 3098 1798 3179 praeteriri
1866 3099 2020 3162 deus
2088 3117 2208 3161 non
2276 3098 2439 3172 uult,
2508 3095 2672 3178 quod

382 3202 729 3276 mandauit,
782 3221 858 3266 ne
907 3208 1053 3285 post
1093 3203 1244 3268 deos
1284 3204 1443 3268 alios
1483 3208 1682 3280 eatur,
1723 3204 1832 3268 sed
1872 3205 2083 3268 omnia
2120 3223 2279 3285 quae
2317 3202 2670 3269 mandauit:
2711 3233 2772 3272 25

386 3311 507 3376 hoc
572 3313 782 3373 tamen
852 3310 942 3373 ita
1006 3310 1363 3393 praecipue,
1438 3314 1512 3375 ut
1584 3315 1731 3392 post
1804 3311 2283 3394 generalitatem
2355 3307 2676 3393 praecepti

385 3437 506 3498 quo
584 3416 912 3481 admonuit
975 3437 1094 3481 non
1164 3437 1301 3482 esse
1366 3417 1890 3501 praetereundum
1959 3418 2035 3481 ab
2103 3416 2396 3481 omnibns
2463 3415 2672 3479 uerbis

386 3523 827 3586 mandatorum
877 3542 1137 3588 suorum
1188 3525 1377 3588 etiam
1416 3525 1537 3589 hoc
1576 3543 1863 3588 seorsum
1905 3524 2342 3587 commendare
2382 3522 2675 3587 uoluerit.

460 3748 483 3800 1
526 3751 702 3800 rectos
740 3746 904 3801 faciet
941 3747 1022 3802 N:
1064 3747 1230 3801 faciet
1266 3752 1442 3801 rectos
1479 3746 1829 3801 PSVUde
1971 3749 2002 3799 2
2041 3746 2292 3816 producit
2329 3747 2375 3800 S
2506 3748 2539 3801 3
2577 3747 2678 3800 hoc

387 3834 529 3905 quod
568 3836 641 3889 bel
803 3836 1213 3890 deuteronomii]
1256 3841 1311 3900 (u
1350 3837 1409 3888 in
1447 3836 1581 3902 ras.)
1620 3836 1669 3888 T
1830 3835 1894 3888 de
1932 3853 2034 3890 om.
2072 3835 2349 3890 PSNVU
2471 3838 2503 3891 6
2544 3836 2677 3888 alios

383 3925 612 3993 scripsi:
651 3923 857 3978 alienos
898 3925 1028 3978 libri
1161 3925 1191 3977 7
1231 3924 1323 3977 alii
1361 3941 1466 3978 om.
1504 3924 1551 3978 S
1681 3924 1714 3977 9
1754 3925 2041 3994 seperatim
2082 3924 2137 3977 P
2262 3925 2329 3977 12
2369 3923 2589 3977 dextera
2632 3921 2685 3975 U

390 4017 452 4068 13
493 4014 743 4083 exposuit
789 4012 839 4066 V
948 4014 1013 4067 14
1053 4012 1258 4066 alienos
1305 4013 1430 4066 Vbd
1574 4018 1630 4067 et
1667 4030 1809 4067 eras.
1858 4013 1908 4066 V
2019 4013 2081 4067 18
2120 4014 2256 4082 illic]
2298 4013 2392 4066 ille
2430 4011 2688 4067 PV¹NU

392 4105 457 4157 19
494 4102 656 4157 hodie
696 4103 772 4167 ire
820 4102 867 4155 V
1049 4103 1125 4155 sic
1164 4107 1221 4154 et
1258 4103 1403 4171 istic]
1445 4101 1593 4156 dicct
1629 4104 1734 4157 iste
1764 4103 1830 4156 N
1968 4104 2037 4156 20
2074 4103 2220 4171 istic]
2259 4104 2366 4156 ista
2392 4099 2687 4156 PV¹UTS

389 4195 664 4262 repetatur
708 4191 759 4245 T
865 4191 927 4244 21
972 4191 1177 4244 alienos
1217 4191 1349 4244 libri
1457 4192 1525 4245 22
1565 4192 1954 4261 praeterecndo
1994 4192 2071 4244 Ρι
2108 4190 2484 4261 praeteriendo
2525 4188 2690 4244 SNU

388 4282 456 4335 23
498 4281 700 4334 alienos
749 4280 853 4333 VT
854 4280 928 4333 bd
1034 4281 1103 4334 24
1144 4280 1277 4334 deus
1314 4280 1596 4350 praeteriri
1645 4281 1695 4334 T
1834 4281 2126 4349 praeterire
2154 4280 2265 4332 PV
2374 4281 2440 4334 25
2481 4278 2688 4331 alienos

400 4369 574 4422 VTbcl
682 4370 749 4422 26
786 4369 1089 4438 praeceptis
1128 4369 1193 4422 N
1297 4370 1362 4422 27
1404 4367 1545 4437 quod
1593 4369 1643 4421 T
