<?xml version="1.0" encoding="UTF-8"?>
<!DOCTYPE html PUBLIC "-//W3C//DTD XHTML 1.0 Transitional//EN"
    "http://www.w3.org/TR/xhtml1/DTD/xhtml1-transitional.dtd">
<html xmlns="http://www.w3.org/1999/xhtml" xml:lang="en" lang="en">
 <head>
  <title>
</title>
<meta http-equiv="Content-Type" content="text/html;charset=utf-8" />
  <meta name='ocr-system' content='tesseract 3.04.00' />
  <meta name='ocr-capabilities' content='ocr_page ocr_carea ocr_par ocr_line ocrx_word'/>
</head>
<body>
  <div class='ocr_page' id='page_1' title='image "./corpusscriptoru31wissgoog_0348.png"; bbox 0 0 3076 4976; ppageno 0'>
   <div class='ocr_carea' id='block_1_1' title="bbox 425 484 2004 555">
    <p class='ocr_par' dir='ltr' id='par_1_1' title="bbox 425 450 2004 555">
     <span class='ocr_line' id='line_1_1' title="bbox 425 484 2004 555; baseline -0.011 -1"><span class='ocrx_word' id='word_1_1' title='bbox 425 490 558 553; x_wconf 85' lang='lat'>314</span> <span class='ocrx_word' id='word_1_2' title='bbox 1127 488 1179 542; x_wconf 88' lang='lat' dir='ltr'>S.</span> <span class='ocrx_word' id='word_1_3' title='bbox 1237 486 1509 541; x_wconf 83' lang='lat' dir='ltr'>Aureli</span> <span class='ocrx_word' id='word_1_4' title='bbox 1567 484 2004 555; x_wconf 78' lang='lat' dir='ltr'><strong>Augustini</strong></span> 
     </span>
    </p>
   </div>
   <div class='ocr_carea' id='block_1_2' title="bbox 411 679 2813 3747">
    <p class='ocr_par' dir='ltr' id='par_1_2' title="bbox 411 679 2813 3747">
     <span class='ocr_line' id='line_1_2' title="bbox 516 679 2719 763; baseline -0 -19"><span class='ocrx_word' id='word_1_5' title='bbox 516 681 595 744; x_wconf 91' lang='grc' dir='ltr'>ΙΙ.</span> <span class='ocrx_word' id='word_1_6' title='bbox 643 682 870 746; x_wconf 86' lang='lat' dir='ltr'>Merito</span> <span class='ocrx_word' id='word_1_7' title='bbox 923 681 1246 763; x_wconf 81' lang='lat' dir='ltr'>quaen‘tur</span> <span class='ocrx_word' id='word_1_8' title='bbox 1293 681 1444 762; x_wconf 91' lang='lat' dir='ltr'>quid</span> <span class='ocrx_word' id='word_1_9' title='bbox 1495 681 1617 745; x_wconf 90' lang='lat' dir='ltr'>sibi</span> <span class='ocrx_word' id='word_1_10' title='bbox 1665 680 1828 745; x_wconf 89' lang='lat' dir='ltr'>uelit</span> <span class='ocrx_word' id='word_1_11' title='bbox 1876 679 2043 763; x_wconf 90' lang='lat' dir='ltr'>quod</span> <span class='ocrx_word' id='word_1_12' title='bbox 2082 699 2193 762; x_wconf 90' lang='lat' dir='ltr'>per</span> <span class='ocrx_word' id='word_1_13' title='bbox 2232 698 2451 743; x_wconf 89' lang='lat' dir='ltr'>omnes</span> <span class='ocrx_word' id='word_1_14' title='bbox 2490 679 2719 755; x_wconf 80' lang='lat' dir='ltr'>tribuS,</span> 
     </span>
     <span class='ocr_line' id='line_1_3' title="bbox 425 786 2721 871; baseline -0.001 -20"><span class='ocrx_word' id='word_1_15' title='bbox 425 788 538 851; x_wconf 87' lang='lat' dir='ltr'>ubi</span> <span class='ocrx_word' id='word_1_16' title='bbox 604 790 1030 871; x_wconf 85' lang='lat' dir='ltr'>conputantur</span> <span class='ocrx_word' id='word_1_17' title='bbox 1092 806 1204 870; x_wconf 89' lang='lat' dir='ltr'>per</span> <span class='ocrx_word' id='word_1_18' title='bbox 1250 788 1537 870; x_wconf 83' lang='lat' dir='ltr'>singulas</span> <span class='ocrx_word' id='word_1_19' title='bbox 1607 806 1889 870; x_wconf 87' lang='lat' dir='ltr'>quasque</span> <span class='ocrx_word' id='word_1_20' title='bbox 1953 786 2069 850; x_wconf 90' lang='lat' dir='ltr'>filii</span> <span class='ocrx_word' id='word_1_21' title='bbox 2116 786 2358 850; x_wconf 84' lang='lat' dir='ltr'>Israhel</span> <span class='ocrx_word' id='word_1_22' title='bbox 2404 786 2465 849; x_wconf 90' lang='lat' dir='ltr'>in</span> <span class='ocrx_word' id='word_1_23' title='bbox 2517 788 2721 850; x_wconf 86' lang='lat' dir='ltr'>aetate</span> 
     </span>
     <span class='ocr_line' id='line_1_4' title="bbox 427 892 2720 977; baseline -0.001 -20"><span class='ocrx_word' id='word_1_24' title='bbox 427 894 710 970; x_wconf 81' lang='lat' dir='ltr'>militari,</span> <span class='ocrx_word' id='word_1_25' title='bbox 788 893 1050 959; x_wconf 88' lang='lat' dir='ltr'>dicitur:</span> <span class='ocrx_word' id='word_1_26' title='bbox 1137 893 1578 957; x_wconf 87' lang='lat' dir='ltr'>secundum</span> <span class='ocrx_word' id='word_1_27' title='bbox 1660 892 2335 977; x_wconf 78' lang='lat' dir='ltr'>propinquitates</span> <span class='ocrx_word' id='word_1_28' title='bbox 2430 911 2720 969; x_wconf 89' lang='lat' dir='ltr'>eorum,</span> 
     </span>
     <span class='ocr_line' id='line_1_5' title="bbox 427 998 2721 1082; baseline -0.001 -18"><span class='ocrx_word' id='word_1_29' title='bbox 427 1000 870 1066; x_wconf 84' lang='lat' dir='ltr'>secundum</span> <span class='ocrx_word' id='word_1_30' title='bbox 918 1000 1270 1082; x_wconf 90' lang='lat' dir='ltr'>populos</span> <span class='ocrx_word' id='word_1_31' title='bbox 1331 1019 1622 1076; x_wconf 88' lang='lat' dir='ltr'>eorum,</span> <span class='ocrx_word' id='word_1_32' title='bbox 1684 1000 2124 1064; x_wconf 90' lang='lat' dir='ltr'>secundum</span> <span class='ocrx_word' id='word_1_33' title='bbox 2173 999 2447 1065; x_wconf 90' lang='lat' dir='ltr'>domos</span> <span class='ocrx_word' id='word_1_34' title='bbox 2504 998 2721 1062; x_wconf 87' lang='lat' dir='ltr'>fami-</span> 
     </span>
     <span class='ocr_line' id='line_1_6' title="bbox 423 1106 2811 1185; baseline -0.001 -13"><span class='ocrx_word' id='word_1_35' title='bbox 423 1108 719 1172; x_wconf 89' lang='lat' dir='ltr'>liarum</span> <span class='ocrx_word' id='word_1_36' title='bbox 753 1127 1050 1183; x_wconf 89' lang='lat' dir='ltr'>eorum,</span> <span class='ocrx_word' id='word_1_37' title='bbox 1083 1108 1523 1172; x_wconf 88' lang='lat' dir='ltr'>secundum</span> <span class='ocrx_word' id='word_1_38' title='bbox 1556 1126 1967 1171; x_wconf 88' lang='lat' dir='ltr'>numerum</span> <span class='ocrx_word' id='word_1_39' title='bbox 1997 1106 2401 1171; x_wconf 83' lang='lat' dir='ltr'>nominum</span> <span class='ocrx_word' id='word_1_40' title='bbox 2442 1125 2719 1185; x_wconf 89' lang='lat' dir='ltr'>eorum,</span> <span class='ocrx_word' id='word_1_41' title='bbox 2784 1130 2811 1169; x_wconf 85' lang='lat'>5</span> 
     </span>
     <span class='ocr_line' id='line_1_7' title="bbox 428 1212 2719 1295; baseline -0.001 -16"><span class='ocrx_word' id='word_1_42' title='bbox 428 1214 867 1279; x_wconf 87' lang='lat' dir='ltr'>secundum</span> <span class='ocrx_word' id='word_1_43' title='bbox 910 1215 1154 1295; x_wconf 85' lang='lat' dir='ltr'>caput</span> <span class='ocrx_word' id='word_1_44' title='bbox 1193 1233 1482 1292; x_wconf 89' lang='lat' dir='ltr'>eorum,</span> <span class='ocrx_word' id='word_1_45' title='bbox 1523 1216 1588 1277; x_wconf 89' lang='lat' dir='ltr'>et</span> <span class='ocrx_word' id='word_1_46' title='bbox 1625 1214 1778 1277; x_wconf 89' lang='lat' dir='ltr'>haec</span> <span class='ocrx_word' id='word_1_47' title='bbox 1818 1213 2093 1295; x_wconf 90' lang='lat' dir='ltr'>quinque</span> <span class='ocrx_word' id='word_1_48' title='bbox 2132 1212 2427 1277; x_wconf 89' lang='lat' dir='ltr'>similiter</span> <span class='ocrx_word' id='word_1_49' title='bbox 2465 1214 2719 1278; x_wconf 89' lang='lat' dir='ltr'>omnino</span> 
     </span>
     <span class='ocr_line' id='line_1_8' title="bbox 424 1319 2724 1402; baseline 0 -18"><span class='ocrx_word' id='word_1_50' title='bbox 424 1324 815 1402; x_wconf 88' lang='lat' dir='ltr'>repetuntur,</span> <span class='ocrx_word' id='word_1_51' title='bbox 875 1320 1075 1385; x_wconf 90' lang='lat' dir='ltr'>donec</span> <span class='ocrx_word' id='word_1_52' title='bbox 1121 1320 1327 1384; x_wconf 88' lang='lat' dir='ltr'>tribus</span> <span class='ocrx_word' id='word_1_53' title='bbox 1395 1340 1612 1385; x_wconf 90' lang='lat' dir='ltr'>omnes</span> <span class='ocrx_word' id='word_1_54' title='bbox 1681 1320 2119 1402; x_wconf 79' lang='lat' dir='ltr'>conpleantur3</span> <span class='ocrx_word' id='word_1_55' title='bbox 2170 1320 2351 1401; x_wconf 91' lang='lat' dir='ltr'>quasi</span> <span class='ocrx_word' id='word_1_56' title='bbox 2418 1319 2589 1384; x_wconf 89' lang='lat' dir='ltr'>aliud</span> <span class='ocrx_word' id='word_1_57' title='bbox 2637 1319 2724 1384; x_wconf 89' lang='lat' dir='ltr'>sit</span> 
     </span>
     <span class='ocr_line' id='line_1_9' title="bbox 426 1425 2720 1509; baseline -0 -18"><span class='ocrx_word' id='word_1_58' title='bbox 426 1426 873 1491; x_wconf 88' lang='lat' dir='ltr'>secundum</span> <span class='ocrx_word' id='word_1_59' title='bbox 933 1427 1609 1509; x_wconf 78' lang='lat' dir='ltr'>propinquitates</span> <span class='ocrx_word' id='word_1_60' title='bbox 1678 1444 1967 1503; x_wconf 90' lang='lat' dir='ltr'>eorum,</span> <span class='ocrx_word' id='word_1_61' title='bbox 2037 1425 2210 1489; x_wconf 90' lang='lat' dir='ltr'>aliud</span> <span class='ocrx_word' id='word_1_62' title='bbox 2277 1444 2521 1490; x_wconf 89' lang='lat' dir='ltr'>secun</span> <span class='ocrx_word' id='word_1_63' title='bbox 2545 1425 2720 1490; x_wconf 89' lang='lat' dir='ltr'>dum</span> 
     </span>
     <span class='ocr_line' id='line_1_10' title="bbox 424 1530 2721 1617; baseline -0.002 -18"><span class='ocrx_word' id='word_1_64' title='bbox 424 1533 795 1617; x_wconf 88' lang='lat' dir='ltr'>populos,</span> <span class='ocrx_word' id='word_1_65' title='bbox 869 1532 1043 1597; x_wconf 87' lang='lat' dir='ltr'>aliud</span> <span class='ocrx_word' id='word_1_66' title='bbox 1109 1532 1550 1597; x_wconf 89' lang='lat' dir='ltr'>secundum</span> <span class='ocrx_word' id='word_1_67' title='bbox 1618 1532 1888 1596; x_wconf 90' lang='lat' dir='ltr'>domos</span> <span class='ocrx_word' id='word_1_68' title='bbox 1956 1530 2479 1608; x_wconf 85' lang='lat' dir='ltr'>familiarum,</span> <span class='ocrx_word' id='word_1_69' title='bbox 2548 1530 2721 1594; x_wconf 85' lang='lat' dir='ltr'>aliud</span> 
     </span>
     <span class='ocr_line' id='line_1_11' title="bbox 426 1637 2811 1709; baseline -0 -5"><span class='ocrx_word' id='word_1_70' title='bbox 426 1637 873 1704; x_wconf 87' lang='lat' dir='ltr'>secundum</span> <span class='ocrx_word' id='word_1_71' title='bbox 962 1657 1375 1702; x_wconf 88' lang='lat' dir='ltr'>numerum</span> <span class='ocrx_word' id='word_1_72' title='bbox 1476 1638 1903 1709; x_wconf 84' lang='lat' dir='ltr'>nominum,</span> <span class='ocrx_word' id='word_1_73' title='bbox 2005 1637 2176 1702; x_wconf 86' lang='lat' dir='ltr'>aliud</span> <span class='ocrx_word' id='word_1_74' title='bbox 2279 1637 2717 1701; x_wconf 88' lang='lat' dir='ltr'>secundum</span> <span class='ocrx_word' id='word_1_75' title='bbox 2760 1665 2811 1703; x_wconf 84' lang='grc' dir='ltr'>ιο</span> 
     </span>
     <span class='ocr_line' id='line_1_12' title="bbox 425 1743 2719 1827; baseline -0.001 -17"><span class='ocrx_word' id='word_1_76' title='bbox 425 1747 690 1827; x_wconf 87' lang='lat' dir='ltr'>caput,</span> <span class='ocrx_word' id='word_1_77' title='bbox 742 1763 885 1809; x_wconf 90' lang='lat' dir='ltr'>cum</span> <span class='ocrx_word' id='word_1_78' title='bbox 944 1744 1158 1826; x_wconf 88' lang='lat' dir='ltr'>potius</span> <span class='ocrx_word' id='word_1_79' title='bbox 1223 1744 1562 1809; x_wconf 90' lang='lat' dir='ltr'>uideantur</span> <span class='ocrx_word' id='word_1_80' title='bbox 1608 1744 1749 1808; x_wconf 81' lang='lat' dir='ltr'>aliis</span> <span class='ocrx_word' id='word_1_81' title='bbox 1814 1744 2027 1808; x_wconf 86' lang='lat' dir='ltr'>uerbis</span> <span class='ocrx_word' id='word_1_82' title='bbox 2095 1743 2314 1808; x_wconf 90' lang='lat' dir='ltr'>eadem</span> <span class='ocrx_word' id='word_1_83' title='bbox 2362 1743 2719 1827; x_wconf 84' lang='lat' dir='ltr'>significare</span> 
     </span>
     <span class='ocr_line' id='line_1_13' title="bbox 422 1849 2722 1933; baseline -0.001 -18"><span class='ocrx_word' id='word_1_84' title='bbox 422 1851 551 1916; x_wconf 88' lang='lat' dir='ltr'>ista</span> <span class='ocrx_word' id='word_1_85' title='bbox 617 1850 844 1916; x_wconf 90' lang='lat' dir='ltr'>omnia.</span> <span class='ocrx_word' id='word_1_86' title='bbox 912 1851 1327 1916; x_wconf 90' lang='lat' dir='ltr'>intentionem</span> <span class='ocrx_word' id='word_1_87' title='bbox 1394 1855 1607 1914; x_wconf 91' lang='lat' dir='ltr'>autem</span> <span class='ocrx_word' id='word_1_88' title='bbox 1672 1854 1907 1929; x_wconf 89' lang='lat' dir='ltr'>mouet,</span> <span class='ocrx_word' id='word_1_89' title='bbox 1976 1851 2124 1932; x_wconf 87' lang='lat' dir='ltr'>quia</span> <span class='ocrx_word' id='word_1_90' title='bbox 2187 1853 2318 1913; x_wconf 90' lang='lat' dir='ltr'>tam</span> <span class='ocrx_word' id='word_1_91' title='bbox 2386 1849 2722 1933; x_wconf 86' lang='lat' dir='ltr'>diligenter</span> 
     </span>
     <span class='ocr_line' id='line_1_14' title="bbox 428 1956 2719 2042; baseline -0 -20"><span class='ocrx_word' id='word_1_92' title='bbox 428 1978 539 2042; x_wconf 92' lang='lat' dir='ltr'>per</span> <span class='ocrx_word' id='word_1_93' title='bbox 587 1976 804 2022; x_wconf 88' lang='lat' dir='ltr'>omnes</span> <span class='ocrx_word' id='word_1_94' title='bbox 851 1958 1056 2022; x_wconf 88' lang='lat' dir='ltr'>tribus</span> <span class='ocrx_word' id='word_1_95' title='bbox 1105 1957 1323 2022; x_wconf 90' lang='lat' dir='ltr'>eadem</span> <span class='ocrx_word' id='word_1_96' title='bbox 1359 1961 1753 2041; x_wconf 77' lang='lat' dir='ltr'>repetuntur,</span> <span class='ocrx_word' id='word_1_97' title='bbox 1792 1964 1866 2022; x_wconf 90' lang='lat' dir='ltr'>ut</span> <span class='ocrx_word' id='word_1_98' title='bbox 1904 1977 2022 2022; x_wconf 89' lang='lat' dir='ltr'>non</span> <span class='ocrx_word' id='word_1_99' title='bbox 2062 1956 2297 2021; x_wconf 83' lang='lat' dir='ltr'>frustra</span> <span class='ocrx_word' id='word_1_100' title='bbox 2332 1957 2467 2021; x_wconf 86' lang='lat' dir='ltr'>fieri</span> <span class='ocrx_word' id='word_1_101' title='bbox 2507 1957 2719 2040; x_wconf 90' lang='lat' dir='ltr'>quiuis</span> 
     </span>
     <span class='ocr_line' id='line_1_15' title="bbox 426 2064 2720 2148; baseline 0 -20"><span class='ocrx_word' id='word_1_102' title='bbox 426 2064 685 2140; x_wconf 88' lang='lat' dir='ltr'>iudicet,</span> <span class='ocrx_word' id='word_1_103' title='bbox 752 2064 1002 2129; x_wconf 86' lang='lat' dir='ltr'>etiamsi</span> <span class='ocrx_word' id='word_1_104' title='bbox 1051 2084 1172 2128; x_wconf 91' lang='lat' dir='ltr'>non</span> <span class='ocrx_word' id='word_1_105' title='bbox 1239 2064 1590 2148; x_wconf 88' lang='lat' dir='ltr'>intellegat.</span> <span class='ocrx_word' id='word_1_106' title='bbox 1659 2064 1956 2128; x_wconf 91' lang='lat' dir='ltr'>nimirum</span> <span class='ocrx_word' id='word_1_107' title='bbox 2006 2083 2151 2148; x_wconf 88' lang='lat' dir='ltr'>ergo</span> <span class='ocrx_word' id='word_1_108' title='bbox 2218 2083 2519 2128; x_wconf 87' lang='lat' dir='ltr'>numerus</span> <span class='ocrx_word' id='word_1_109' title='bbox 2581 2064 2720 2145; x_wconf 90' lang='lat' dir='ltr'>ipse</span> 
     </span>
     <span class='ocr_line' id='line_1_16' title="bbox 426 2170 2813 2254; baseline 0.002 -20"><span class='ocrx_word' id='word_1_110' title='bbox 426 2171 668 2254; x_wconf 89' lang='lat' dir='ltr'>aliquid</span> <span class='ocrx_word' id='word_1_111' title='bbox 740 2171 1025 2235; x_wconf 87' lang='lat' dir='ltr'>insinuat</span> <span class='ocrx_word' id='word_1_112' title='bbox 1096 2172 1494 2250; x_wconf 87' lang='lat' dir='ltr'>sacramenti,</span> <span class='ocrx_word' id='word_1_113' title='bbox 1571 2174 1645 2235; x_wconf 90' lang='lat' dir='ltr'>ut</span> <span class='ocrx_word' id='word_1_114' title='bbox 1710 2171 1831 2235; x_wconf 90' lang='lat' dir='ltr'>hoc</span> <span class='ocrx_word' id='word_1_115' title='bbox 1907 2170 2077 2235; x_wconf 91' lang='lat' dir='ltr'>idem</span> <span class='ocrx_word' id='word_1_116' title='bbox 2147 2171 2483 2253; x_wconf 88' lang='lat' dir='ltr'>quinquies</span> <span class='ocrx_word' id='word_1_117' title='bbox 2549 2170 2721 2234; x_wconf 86' lang='lat' dir='ltr'>uarie</span> <span class='ocrx_word' id='word_1_118' title='bbox 2763 2198 2813 2238; x_wconf 71' lang='grc' dir='ltr'>ιε»</span> 
     </span>
     <span class='ocr_line' id='line_1_17' title="bbox 424 2276 2719 2361; baseline 0 -19"><span class='ocrx_word' id='word_1_119' title='bbox 424 2281 767 2361; x_wconf 87' lang='lat' dir='ltr'>repetatur.</span> <span class='ocrx_word' id='word_1_120' title='bbox 843 2297 986 2341; x_wconf 90' lang='lat' dir='ltr'>nam</span> <span class='ocrx_word' id='word_1_121' title='bbox 1050 2277 1175 2342; x_wconf 89' lang='lat' dir='ltr'>iste</span> <span class='ocrx_word' id='word_1_122' title='bbox 1240 2297 1542 2343; x_wconf 86' lang='lat' dir='ltr'>numerus</span> <span class='ocrx_word' id='word_1_123' title='bbox 1610 2277 1780 2342; x_wconf 90' lang='lat' dir='ltr'>sicut</span> <span class='ocrx_word' id='word_1_124' title='bbox 1841 2278 1903 2341; x_wconf 94' lang='lat' dir='ltr'>in</span> <span class='ocrx_word' id='word_1_125' title='bbox 1968 2277 2127 2359; x_wconf 89' lang='lat' dir='ltr'>ipsis</span> <span class='ocrx_word' id='word_1_126' title='bbox 2200 2277 2477 2359; x_wconf 89' lang='lat' dir='ltr'>quinque</span> <span class='ocrx_word' id='word_1_127' title='bbox 2540 2276 2719 2342; x_wconf 89' lang='lat' dir='ltr'>libris</span> 
     </span>
     <span class='ocr_line' id='line_1_18' title="bbox 426 2384 2716 2467; baseline 0 -19"><span class='ocrx_word' id='word_1_128' title='bbox 426 2384 658 2467; x_wconf 78' lang='lat' dir='ltr'>Moysi,</span> <span class='ocrx_word' id='word_1_129' title='bbox 695 2384 760 2447; x_wconf 90' lang='lat' dir='ltr'>id</span> <span class='ocrx_word' id='word_1_130' title='bbox 799 2388 898 2448; x_wconf 89' lang='lat' dir='ltr'>est</span> <span class='ocrx_word' id='word_1_131' title='bbox 934 2384 1280 2466; x_wconf 79' lang='lat' dir='ltr'>quinariuS,</span> <span class='ocrx_word' id='word_1_132' title='bbox 1319 2385 1382 2448; x_wconf 91' lang='lat' dir='ltr'>in</span> <span class='ocrx_word' id='word_1_133' title='bbox 1421 2388 1637 2449; x_wconf 88' lang='lat' dir='ltr'>uetere</span> <span class='ocrx_word' id='word_1_134' title='bbox 1674 2387 2054 2449; x_wconf 87' lang='lat' dir='ltr'>testamento</span> <span class='ocrx_word' id='word_1_135' title='bbox 2092 2384 2362 2449; x_wconf 80' lang='lat' dir='ltr'>maxime</span> <span class='ocrx_word' id='word_1_136' title='bbox 2402 2402 2716 2448; x_wconf 85' lang='lat' dir='ltr'>commen-</span> 
     </span>
     <span class='ocr_line' id='line_1_19' title="bbox 421 2491 2715 2575; baseline 0 -20"><span class='ocrx_word' id='word_1_137' title='bbox 421 2491 624 2556; x_wconf 86' lang='lat' dir='ltr'>datur.</span> <span class='ocrx_word' id='word_1_138' title='bbox 692 2492 804 2555; x_wconf 90' lang='lat' dir='ltr'>illa</span> <span class='ocrx_word' id='word_1_139' title='bbox 868 2511 1018 2556; x_wconf 91' lang='lat' dir='ltr'>uero</span> <span class='ocrx_word' id='word_1_140' title='bbox 1086 2511 1245 2574; x_wconf 91' lang='lat' dir='ltr'>quae</span> <span class='ocrx_word' id='word_1_141' title='bbox 1311 2491 1608 2575; x_wconf 88' lang='lat' dir='ltr'>deinceps</span> <span class='ocrx_word' id='word_1_142' title='bbox 1672 2495 1972 2575; x_wconf 87' lang='lat' dir='ltr'>quattuor</span> <span class='ocrx_word' id='word_1_143' title='bbox 2019 2495 2455 2567; x_wconf 83' lang='lat' dir='ltr'>conectuntur,</span> <span class='ocrx_word' id='word_1_144' title='bbox 2495 2491 2560 2555; x_wconf 90' lang='lat' dir='ltr'>id</span> <span class='ocrx_word' id='word_1_145' title='bbox 2617 2495 2715 2556; x_wconf 85' lang='lat' dir='ltr'>est</span> 
     </span>
     <span class='ocr_line' id='line_1_20' title="bbox 420 2597 2708 2681; baseline 0.001 -22"><span class='ocrx_word' id='word_1_146' title='bbox 420 2597 882 2662; x_wconf 88' lang='lat' dir='ltr'>masculina</span> <span class='ocrx_word' id='word_1_147' title='bbox 956 2617 991 2661; x_wconf 98' lang='lat' dir='ltr'>a</span> <span class='ocrx_word' id='word_1_148' title='bbox 1067 2598 1381 2681; x_wconf 87' lang='lat' dir='ltr'>uiginti</span> <span class='ocrx_word' id='word_1_149' title='bbox 1455 2598 1687 2663; x_wconf 89' lang='lat' dir='ltr'>annis</span> <span class='ocrx_word' id='word_1_150' title='bbox 1765 2601 1842 2663; x_wconf 90' lang='lat' dir='ltr'>et</span> <span class='ocrx_word' id='word_1_151' title='bbox 1915 2619 2159 2681; x_wconf 86' lang='lat' dir='ltr'>supra</span> <span class='ocrx_word' id='word_1_152' title='bbox 2233 2599 2488 2662; x_wconf 90' lang='lat' dir='ltr'>omnis</span> <span class='ocrx_word' id='word_1_153' title='bbox 2578 2599 2708 2681; x_wconf 91' lang='lat' dir='ltr'>qui</span> 
     </span>
     <span class='ocr_line' id='line_1_21' title="bbox 417 2703 2802 2790; baseline 0.002 -24"><span class='ocrx_word' id='word_1_154' title='bbox 417 2703 799 2784; x_wconf 83' lang='lat' dir='ltr'>procedit</span> <span class='ocrx_word' id='word_1_155' title='bbox 844 2703 918 2767; x_wconf 91' lang='lat' dir='ltr'>in</span> <span class='ocrx_word' id='word_1_156' title='bbox 985 2703 1326 2780; x_wconf 87' lang='lat' dir='ltr'>uirtute,</span> <span class='ocrx_word' id='word_1_157' title='bbox 1392 2706 1857 2790; x_wconf 88' lang='lat' dir='ltr'>recognitio</span> <span class='ocrx_word' id='word_1_158' title='bbox 1926 2725 2218 2782; x_wconf 89' lang='lat' dir='ltr'>eorum,</span> <span class='ocrx_word' id='word_1_159' title='bbox 2286 2706 2581 2788; x_wconf 86' lang='lat' dir='ltr'>quamuis</span> <span class='ocrx_word' id='word_1_160' title='bbox 2650 2710 2711 2770; x_wconf 90' lang='lat' dir='ltr'>et</span> <span class='ocrx_word' id='word_1_161' title='bbox 2747 2732 2802 2771; x_wconf 57' lang='grc' dir='ltr'>κο</span> 
     </span>
     <span class='ocr_line' id='line_1_22' title="bbox 419 2809 2712 2895; baseline 0.002 -22"><span class='ocrx_word' id='word_1_162' title='bbox 419 2809 558 2892; x_wconf 89' lang='lat' dir='ltr'>ipsa</span> <span class='ocrx_word' id='word_1_163' title='bbox 604 2829 716 2891; x_wconf 84' lang='lat' dir='ltr'>per</span> <span class='ocrx_word' id='word_1_164' title='bbox 764 2829 979 2875; x_wconf 90' lang='lat' dir='ltr'>omnes</span> <span class='ocrx_word' id='word_1_165' title='bbox 1027 2810 1232 2875; x_wconf 89' lang='lat' dir='ltr'>tribus</span> <span class='ocrx_word' id='word_1_166' title='bbox 1274 2810 1494 2876; x_wconf 87' lang='lat' dir='ltr'>eodem</span> <span class='ocrx_word' id='word_1_167' title='bbox 1532 2831 1793 2894; x_wconf 87' lang='lat' dir='ltr'>prorsus</span> <span class='ocrx_word' id='word_1_168' title='bbox 1831 2812 2019 2877; x_wconf 90' lang='lat' dir='ltr'>modo</span> <span class='ocrx_word' id='word_1_169' title='bbox 2057 2815 2440 2895; x_wconf 86' lang='lat' dir='ltr'>repetantur,</span> <span class='ocrx_word' id='word_1_170' title='bbox 2480 2813 2712 2877; x_wconf 88' lang='lat' dir='ltr'>habent</span> 
     </span>
     <span class='ocr_line' id='line_1_23' title="bbox 418 2916 2709 3001; baseline 0.003 -23"><span class='ocrx_word' id='word_1_171' title='bbox 418 2916 835 2981; x_wconf 83' lang='lat' dir='ltr'>necessariam</span> <span class='ocrx_word' id='word_1_172' title='bbox 920 2916 1356 2981; x_wconf 85' lang='lat' dir='ltr'>differentiam.</span> <span class='ocrx_word' id='word_1_173' title='bbox 1443 2937 1587 2982; x_wconf 92' lang='lat' dir='ltr'>cum</span> <span class='ocrx_word' id='word_1_174' title='bbox 1672 2919 1839 2983; x_wconf 92' lang='lat' dir='ltr'>enim</span> <span class='ocrx_word' id='word_1_175' title='bbox 1925 2922 2218 3001; x_wconf 81' lang='lat' dir='ltr'>ageretur</span> <span class='ocrx_word' id='word_1_176' title='bbox 2299 2918 2374 2982; x_wconf 90' lang='lat' dir='ltr'>de</span> <span class='ocrx_word' id='word_1_177' title='bbox 2448 2939 2709 2985; x_wconf 85' lang='lat' dir='ltr'>numero</span> 
     </span>
     <span class='ocr_line' id='line_1_24' title="bbox 415 3021 2708 3108; baseline 0.002 -22"><span class='ocrx_word' id='word_1_178' title='bbox 415 3021 749 3087; x_wconf 89' lang='lat' dir='ltr'>uniuersae</span> <span class='ocrx_word' id='word_1_179' title='bbox 780 3023 1213 3088; x_wconf 85' lang='lat' dir='ltr'>multitudinis</span> <span class='ocrx_word' id='word_1_180' title='bbox 1245 3024 1323 3087; x_wconf 89' lang='lat' dir='ltr'>ad</span> <span class='ocrx_word' id='word_1_181' title='bbox 1353 3045 1544 3089; x_wconf 92' lang='lat' dir='ltr'>unam</span> <span class='ocrx_word' id='word_1_182' title='bbox 1575 3025 1809 3089; x_wconf 88' lang='lat' dir='ltr'>tribum</span> <span class='ocrx_word' id='word_1_183' title='bbox 1842 3025 2234 3108; x_wconf 68' lang='lat' dir='ltr'>pertinentis»,</span> <span class='ocrx_word' id='word_1_184' title='bbox 2262 3025 2708 3090; x_wconf 87' lang='lat' dir='ltr'>discernendus</span> 
     </span>
     <span class='ocr_line' id='line_1_25' title="bbox 418 3129 2708 3214; baseline 0.001 -22"><span class='ocrx_word' id='word_1_185' title='bbox 418 3132 554 3193; x_wconf 87' lang='lat' dir='ltr'>erat</span> <span class='ocrx_word' id='word_1_186' title='bbox 617 3149 832 3206; x_wconf 81' lang='lat' dir='ltr'>sexus3</span> <span class='ocrx_word' id='word_1_187' title='bbox 896 3129 1039 3195; x_wconf 91' lang='lat' dir='ltr'>ideo</span> <span class='ocrx_word' id='word_1_188' title='bbox 1106 3131 1389 3214; x_wconf 89' lang='lat' dir='ltr'>positum</span> <span class='ocrx_word' id='word_1_189' title='bbox 1456 3134 1582 3196; x_wconf 86' lang='lat' dir='ltr'>est:</span> <span class='ocrx_word' id='word_1_190' title='bbox 1651 3132 1911 3196; x_wconf 89' lang='lat' dir='ltr'>omnia</span> <span class='ocrx_word' id='word_1_191' title='bbox 1977 3153 2036 3195; x_wconf 89' lang='lat' dir='ltr'>m</span> <span class='ocrx_word' id='word_1_192' title='bbox 2057 3131 2452 3197; x_wconf 85' lang='lat' dir='ltr'>asculina.</span> <span class='ocrx_word' id='word_1_193' title='bbox 2523 3135 2586 3196; x_wconf 90' lang='lat' dir='ltr'>et</span> <span class='ocrx_word' id='word_1_194' title='bbox 2632 3151 2708 3196; x_wconf 91' lang='lat' dir='ltr'>ne</span> 
     </span>
     <span class='ocr_line' id='line_1_26' title="bbox 413 3236 2798 3322; baseline 0.001 -23"><span class='ocrx_word' id='word_1_195' title='bbox 413 3236 665 3316; x_wconf 85' lang='lat' dir='ltr'>paruuli</span> <span class='ocrx_word' id='word_1_196' title='bbox 750 3237 941 3301; x_wconf 86' lang='lat' dir='ltr'>etiam</span> <span class='ocrx_word' id='word_1_197' title='bbox 1026 3241 1535 3320; x_wconf 87' lang='lat' dir='ltr'>conputarentur,</span> <span class='ocrx_word' id='word_1_198' title='bbox 1615 3239 1982 3302; x_wconf 83' lang='lat' dir='ltr'>adiunctum</span> <span class='ocrx_word' id='word_1_199' title='bbox 2068 3242 2195 3303; x_wconf 87' lang='lat' dir='ltr'>est:</span> <span class='ocrx_word' id='word_1_200' title='bbox 2282 3259 2317 3304; x_wconf 89' lang='lat' dir='ltr'>a</span> <span class='ocrx_word' id='word_1_201' title='bbox 2399 3238 2704 3322; x_wconf 88' lang='lat' dir='ltr'>uiginti</span> <span class='ocrx_word' id='word_1_202' title='bbox 2743 3263 2798 3302; x_wconf 76' lang='lat'>25</span> 
     </span>
     <span class='ocr_line' id='line_1_27' title="bbox 416 3341 2706 3425; baseline 0.001 -20"><span class='ocrx_word' id='word_1_203' title='bbox 416 3341 645 3406; x_wconf 89' lang='lat' dir='ltr'>annis</span> <span class='ocrx_word' id='word_1_204' title='bbox 694 3346 773 3407; x_wconf 90' lang='lat' dir='ltr'>et</span> <span class='ocrx_word' id='word_1_205' title='bbox 821 3362 1080 3425; x_wconf 87' lang='lat' dir='ltr'>supra.</span> <span class='ocrx_word' id='word_1_206' title='bbox 1127 3363 1349 3408; x_wconf 87' lang='lat' dir='ltr'>rursus</span> <span class='ocrx_word' id='word_1_207' title='bbox 1399 3363 1475 3407; x_wconf 90' lang='lat' dir='ltr'>ne</span> <span class='ocrx_word' id='word_1_208' title='bbox 1513 3344 1767 3409; x_wconf 87' lang='lat' dir='ltr'>inbellis</span> <span class='ocrx_word' id='word_1_209' title='bbox 1807 3347 1979 3408; x_wconf 84' lang='lat' dir='ltr'>aetas</span> <span class='ocrx_word' id='word_1_210' title='bbox 2021 3344 2370 3409; x_wconf 85' lang='lat' dir='ltr'>senectutis</span> <span class='ocrx_word' id='word_1_211' title='bbox 2410 3344 2706 3408; x_wconf 87' lang='lat' dir='ltr'>adnume-</span> 
     </span>
     <span class='ocr_line' id='line_1_28' title="bbox 413 3448 2702 3533; baseline 0.002 -23"><span class='ocrx_word' id='word_1_212' title='bbox 413 3451 676 3524; x_wconf 81' lang='lat' dir='ltr'>raretur,</span> <span class='ocrx_word' id='word_1_213' title='bbox 725 3448 1013 3514; x_wconf 87' lang='lat' dir='ltr'>additum</span> <span class='ocrx_word' id='word_1_214' title='bbox 1079 3454 1206 3514; x_wconf 87' lang='lat' dir='ltr'>est:</span> <span class='ocrx_word' id='word_1_215' title='bbox 1275 3451 1529 3516; x_wconf 89' lang='lat' dir='ltr'>omnis</span> <span class='ocrx_word' id='word_1_216' title='bbox 1597 3451 1733 3531; x_wconf 87' lang='lat' dir='ltr'>qui</span> <span class='ocrx_word' id='word_1_217' title='bbox 1796 3451 2174 3533; x_wconf 86' lang='lat' dir='ltr'>procedit</span> <span class='ocrx_word' id='word_1_218' title='bbox 2218 3452 2293 3515; x_wconf 90' lang='lat' dir='ltr'>in</span> <span class='ocrx_word' id='word_1_219' title='bbox 2362 3451 2702 3515; x_wconf 88' lang='lat' dir='ltr'>uirtute.</span> 
     </span>
     <span class='ocr_line' id='line_1_29' title="bbox 413 3555 2705 3640; baseline 0.002 -23"><span class='ocrx_word' id='word_1_220' title='bbox 413 3557 478 3617; x_wconf 89' lang='lat' dir='ltr'>et</span> <span class='ocrx_word' id='word_1_221' title='bbox 553 3555 763 3619; x_wconf 89' lang='lat' dir='ltr'>omnia</span> <span class='ocrx_word' id='word_1_222' title='bbox 837 3556 1296 3621; x_wconf 89' lang='lat' dir='ltr'>concluduntur</span> <span class='ocrx_word' id='word_1_223' title='bbox 1370 3557 1566 3621; x_wconf 88' lang='lat' dir='ltr'>uerbo</span> <span class='ocrx_word' id='word_1_224' title='bbox 1644 3557 1781 3621; x_wconf 90' lang='lat' dir='ltr'>eius</span> <span class='ocrx_word' id='word_1_225' title='bbox 1847 3557 2055 3639; x_wconf 89' lang='lat' dir='ltr'>operis</span> <span class='ocrx_word' id='word_1_226' title='bbox 2122 3558 2291 3640; x_wconf 90' lang='lat' dir='ltr'>quod</span> <span class='ocrx_word' id='word_1_227' title='bbox 2354 3557 2566 3634; x_wconf 86' lang='lat' dir='ltr'>fiebat,</span> <span class='ocrx_word' id='word_1_228' title='bbox 2633 3561 2705 3621; x_wconf 88' lang='lat' dir='ltr'>ut</span> 
     </span>
     <span class='ocr_line' id='line_1_30' title="bbox 411 3658 2703 3747; baseline 0.002 -24"><span class='ocrx_word' id='word_1_229' title='bbox 411 3658 686 3725; x_wconf 89' lang='lat' dir='ltr'>dicatur:</span> <span class='ocrx_word' id='word_1_230' title='bbox 735 3662 1161 3745; x_wconf 88' lang='lat' dir='ltr'>recognitio</span> <span class='ocrx_word' id='word_1_231' title='bbox 1211 3682 1481 3728; x_wconf 88' lang='lat' dir='ltr'>eorum.</span> <span class='ocrx_word' id='word_1_232' title='bbox 1541 3663 1888 3747; x_wconf 86' lang='lat' dir='ltr'>recognitio</span> <span class='ocrx_word' id='word_1_233' title='bbox 1947 3664 2111 3727; x_wconf 83' lang='lat' dir='ltr'>enirn</span> <span class='ocrx_word' id='word_1_234' title='bbox 2171 3663 2380 3742; x_wconf 78' lang='lat' dir='ltr'>fiebat,</span> <span class='ocrx_word' id='word_1_235' title='bbox 2432 3669 2505 3728; x_wconf 91' lang='lat' dir='ltr'>ut</span> <span class='ocrx_word' id='word_1_236' title='bbox 2551 3664 2703 3729; x_wconf 88' lang='lat' dir='ltr'>haec</span> 
     </span>
    </p>
   </div>
   <div class='ocr_carea' id='block_1_3' title="bbox 591 3885 1137 3950">
    <p class='ocr_par' dir='ltr' id='par_1_3' title="bbox 591 3885 1137 3950">
     <span class='ocr_line' id='line_1_31' title="bbox 591 3885 1137 3950; baseline 0.007 -11"><span class='ocrx_word' id='word_1_237' title='bbox 591 3886 623 3939; x_wconf 90' lang='lat'><strong>3</strong></span> <span class='ocrx_word' id='word_1_238' title='bbox 659 3885 819 3940; x_wconf 91' lang='lat' dir='ltr'>Num.</span> <span class='ocrx_word' id='word_1_239' title='bbox 864 3888 912 3950; x_wconf 91' lang='lat'>1,</span> <span class='ocrx_word' id='word_1_240' title='bbox 950 3888 1036 3943; x_wconf 87' lang='lat'>20.</span> <span class='ocrx_word' id='word_1_241' title='bbox 1075 3888 1137 3942; x_wconf 78' lang='lat'>21</span> 
     </span>
    </p>
   </div>
   <div class='ocr_carea' id='block_1_4' title="bbox 406 4042 2705 4468">
    <p class='ocr_par' dir='ltr' id='par_1_4' title="bbox 406 4042 2705 4468">
     <span class='ocr_line' id='line_1_32' title="bbox 481 4042 2699 4116; baseline 0.002 -21"><span class='ocrx_word' id='word_1_242' title='bbox 481 4043 514 4095; x_wconf 84' lang='lat'>2</span> <span class='ocrx_word' id='word_1_243' title='bbox 552 4043 680 4097; x_wconf 89' lang='lat' dir='ltr'>filiis</span> <span class='ocrx_word' id='word_1_244' title='bbox 725 4042 834 4096; x_wconf 87' lang='lat' dir='ltr'>CN</span> <span class='ocrx_word' id='word_1_245' title='bbox 934 4047 968 4098; x_wconf 89' lang='lat'>4</span> <span class='ocrx_word' id='word_1_246' title='bbox 1008 4045 1157 4099; x_wconf 84' lang='lat' dir='ltr'>aliud</span> <span class='ocrx_word' id='word_1_247' title='bbox 1197 4047 1490 4100; x_wconf 87' lang='lat' dir='ltr'>secundum</span> <span class='ocrx_word' id='word_1_248' title='bbox 1535 4046 1583 4100; x_wconf 81' lang='grc' dir='ltr'><em>Ο</em></span> <span class='ocrx_word' id='word_1_249' title='bbox 1738 4046 1996 4116; x_wconf 86' lang='lat' dir='ltr'>populum</span> <span class='ocrx_word' id='word_1_250' title='bbox 2039 4045 2383 4100; x_wconf 80' lang='lat' dir='ltr'><strong><em>PSNVde</em></strong></span> <span class='ocrx_word' id='word_1_251' title='bbox 2550 4046 2699 4100; x_wconf 88' lang='lat' dir='ltr'>aliud</span> 
     </span>
     <span class='ocr_line' id='line_1_33' title="bbox 409 4131 2699 4202; baseline 0.002 -18"><span class='ocrx_word' id='word_1_252' title='bbox 409 4131 705 4185; x_wconf 79' lang='lat' dir='ltr'>secundum</span> <span class='ocrx_word' id='word_1_253' title='bbox 743 4134 788 4186; x_wconf 89' lang='lat' dir='ltr'><strong><em>C</em></strong></span> <span class='ocrx_word' id='word_1_254' title='bbox 891 4134 925 4202; x_wconf 77' lang='grc'>8</span> <span class='ocrx_word' id='word_1_255' title='bbox 954 4136 1120 4202; x_wconf 81' lang='lat' dir='ltr'>prius</span> <span class='ocrx_word' id='word_1_256' title='bbox 1148 4135 1287 4189; x_wconf 87' lang='lat' dir='ltr'>alius</span> <span class='ocrx_word' id='word_1_257' title='bbox 1310 4135 1376 4188; x_wconf 89' lang='lat' dir='ltr'><em>N</em></span> <span class='ocrx_word' id='word_1_258' title='bbox 1481 4137 1548 4189; x_wconf 82' lang='lat'>12</span> <span class='ocrx_word' id='word_1_259' title='bbox 1587 4137 1805 4200; x_wconf 80' lang='lat' dir='ltr'>nomina</span> <span class='ocrx_word' id='word_1_260' title='bbox 1841 4137 1892 4189; x_wconf 82' lang='lat' dir='ltr'><em>T</em></span> <span class='ocrx_word' id='word_1_261' title='bbox 2031 4136 2350 4188; x_wconf 81' lang='lat' dir='ltr'>itentionern</span> <span class='ocrx_word' id='word_1_262' title='bbox 2379 4135 2425 4190; x_wconf 99' lang='lat' dir='ltr'><strong><em>S</em></strong></span> <span class='ocrx_word' id='word_1_263' title='bbox 2535 4136 2600 4190; x_wconf 88' lang='lat'>13</span> <span class='ocrx_word' id='word_1_264' title='bbox 2638 4140 2699 4189; x_wconf 89' lang='lat' dir='ltr'>ut</span> 
     </span>
     <span class='ocr_line' id='line_1_34' title="bbox 407 4219 2705 4293; baseline 0 -18"><span class='ocrx_word' id='word_1_265' title='bbox 407 4236 511 4275; x_wconf 86' lang='lat' dir='ltr'>om.</span> <span class='ocrx_word' id='word_1_266' title='bbox 550 4219 616 4273; x_wconf 91' lang='lat' dir='ltr'><em>N</em></span> <span class='ocrx_word' id='word_1_267' title='bbox 721 4223 786 4274; x_wconf 92' lang='lat'>14</span> <span class='ocrx_word' id='word_1_268' title='bbox 828 4222 1041 4276; x_wconf 86' lang='lat' dir='ltr'>etiamsi</span> <span class='ocrx_word' id='word_1_269' title='bbox 1081 4224 1275 4293; x_wconf 75' lang='lat' dir='ltr'>leyitur</span> <span class='ocrx_word' id='word_1_270' title='bbox 1305 4230 1434 4278; x_wconf 81' lang='lat' dir='ltr'>ante</span> <span class='ocrx_word' id='word_1_271' title='bbox 1459 4224 1666 4278; x_wconf 83' lang='lat' dir='ltr'>iudicet</span> <span class='ocrx_word' id='word_1_272' title='bbox 1691 4225 1753 4277; x_wconf 80' lang='lat' dir='ltr'>in</span> <span class='ocrx_word' id='word_1_273' title='bbox 1784 4224 1950 4278; x_wconf 86' lang='lat' dir='ltr'>PVT</span> <span class='ocrx_word' id='word_1_274' title='bbox 2056 4224 2121 4277; x_wconf 79' lang='lat'>15</span> <span class='ocrx_word' id='word_1_275' title='bbox 2161 4223 2486 4293; x_wconf 86' lang='lat' dir='ltr'>quinquiens</span> <span class='ocrx_word' id='word_1_276' title='bbox 2520 4223 2705 4277; x_wconf 85' lang='lat' dir='ltr'><em>CP¹N</em></span> 
     </span>
     <span class='ocr_line' id='line_1_35' title="bbox 412 4309 2695 4383; baseline 0 -18"><span class='ocrx_word' id='word_1_277' title='bbox 412 4310 476 4365; x_wconf 90' lang='lat'>17</span> <span class='ocrx_word' id='word_1_278' title='bbox 515 4309 691 4363; x_wconf 87' lang='lat' dir='ltr'>ueteri</span> <span class='ocrx_word' id='word_1_279' title='bbox 730 4310 832 4364; x_wconf 88' lang='lat' dir='ltr'>ST</span> <span class='ocrx_word' id='word_1_280' title='bbox 970 4312 1040 4365; x_wconf 81' lang='lat'>20</span> <span class='ocrx_word' id='word_1_281' title='bbox 1077 4313 1400 4383; x_wconf 85' lang='lat' dir='ltr'>recognitio]</span> <span class='ocrx_word' id='word_1_282' title='bbox 1442 4317 1498 4366; x_wconf 91' lang='lat' dir='ltr'>et</span> <span class='ocrx_word' id='word_1_283' title='bbox 1536 4313 1778 4382; x_wconf 88' lang='lat' dir='ltr'>cognitio</span> <span class='ocrx_word' id='word_1_284' title='bbox 1822 4312 2160 4367; x_wconf 79' lang='lat' dir='ltr'><strong><em>0PSNV¹T</em></strong></span> <span class='ocrx_word' id='word_1_285' title='bbox 2289 4312 2358 4365; x_wconf 83' lang='lat'>29</span> <span class='ocrx_word' id='word_1_286' title='bbox 2395 4311 2527 4366; x_wconf 85' lang='lat' dir='ltr'>haec</span> <span class='ocrx_word' id='word_1_287' title='bbox 2566 4319 2695 4366; x_wconf 77' lang='lat' dir='ltr'>ame</span> 
     </span>
     <span class='ocr_line' id='line_1_36' title="bbox 406 4396 2407 4468; baseline 0.003 -19"><span class='ocrx_word' id='word_1_288' title='bbox 406 4396 572 4451; x_wconf 86' lang='lat' dir='ltr'>fiebat</span> <span class='ocrx_word' id='word_1_289' title='bbox 602 4415 723 4466; x_wconf 77' lang='lat' dir='ltr'>pos,</span> <span class='ocrx_word' id='word_1_290' title='bbox 760 4401 822 4453; x_wconf 80' lang='lat' dir='ltr'>in</span> <span class='ocrx_word' id='word_1_291' title='bbox 859 4400 934 4453; x_wconf 83' lang='lat' dir='ltr'>bd</span> <span class='ocrx_word' id='word_1_292' title='bbox 1075 4401 1241 4455; x_wconf 84' lang='lat' dir='ltr'>fiebat</span> <span class='ocrx_word' id='word_1_293' title='bbox 1277 4401 1412 4455; x_wconf 82' lang='lat' dir='ltr'>haec</span> <span class='ocrx_word' id='word_1_294' title='bbox 1449 4402 1494 4457; x_wconf 89' lang='lat' dir='ltr'><strong><em>S</em></strong></span> <span class='ocrx_word' id='word_1_295' title='bbox 1636 4408 1700 4456; x_wconf 89' lang='lat' dir='ltr'>ut</span> <span class='ocrx_word' id='word_1_296' title='bbox 1738 4408 1801 4468; x_wconf 77' lang='grc' dir='ltr'>(ε.</span> <span class='ocrx_word' id='word_1_297' title='bbox 1842 4402 1876 4456; x_wconf 83' lang='lat'>1.</span> <span class='ocrx_word' id='word_1_298' title='bbox 1917 4420 1983 4455; x_wconf 85' lang='lat' dir='ltr'>m.</span> <span class='ocrx_word' id='word_1_299' title='bbox 2026 4405 2064 4455; x_wconf 84' lang='lat'><strong><em>2</em></strong></span> <span class='ocrx_word' id='word_1_300' title='bbox 2102 4401 2256 4468; x_wconf 82' lang='lat' dir='ltr'>add.)</span> <span class='ocrx_word' id='word_1_301' title='bbox 2296 4401 2407 4455; x_wconf 87' lang='lat' dir='ltr'>PV</span> 
     </span>
    </p>
   </div>
  </div>
 </body>
</html>
