3076 4976
301 1705 351 1742 10

293 2238 343 2276 15

282 2773 337 2813 20

274 3306 329 3346 25

661 523 1140 589 Quaestionum
1178 525 1290 579 lib.
1329 525 1377 578 V
1421 523 1709 591 (Quaest.
1750 525 1824 578 de
1863 525 2430 593 Deuteronomio).
2559 529 2687 593 375

401 720 588 785 alieni
653 719 729 783 ab
796 720 907 783 illa
972 739 1192 802 poena,
1262 740 1453 802 quam
1522 720 1678 784 deus
1746 721 2082 785 constituit
2144 721 2295 798 illis,
2363 721 2470 804 qui
2537 725 2688 787 tunc

398 827 712 891 numerati
777 831 947 903 sunt,
1014 846 1136 891 non
1201 827 1434 891 intrare
1501 827 1567 890 in
1631 830 1862 891 terram
1929 827 2390 909 promissionis,
2450 830 2514 892 et
2566 827 2688 892 hoc

395 934 617 1016 utique
676 933 972 1016 appellat,
1032 933 1140 1015 qui
1198 933 1490 1015 quamuis
1549 933 1782 1018 uiginti
1838 952 2140 998 annorum
2199 939 2263 998 et
2319 954 2509 1018 supra
2563 953 2685 998 non

397 1043 628 1118 essent,
677 1040 926 1123 quando
976 1039 1133 1104 deus
1190 1041 1254 1104 in
1310 1044 1526 1105 monte
1581 1041 1979 1123 loquebatur,
2037 1045 2112 1106 ut
2165 1042 2477 1106 numerari
2532 1043 2683 1105 tunc

393 1150 676 1230 possent,
723 1150 1071 1229 potuerunt
1115 1150 1326 1212 tamen
1375 1166 1515 1213 esse
1557 1147 1775 1212 decem
1815 1149 1877 1212 et
1915 1167 2144 1212 nouem
2184 1152 2248 1212 et
2284 1149 2445 1213 infra
2480 1167 2683 1230 usque

394 1254 472 1318 ad
535 1254 846 1336 puerilem
913 1257 1209 1331 aetatem,
1268 1274 1426 1337 quae
1489 1258 1713 1336 posset
1773 1255 1886 1318 illa
1949 1274 2108 1337 quae
2174 1255 2340 1319 facta
2398 1259 2462 1319 et
2516 1254 2682 1319 dicta

393 1364 546 1425 sunt
591 1363 656 1425 et
702 1360 918 1425 uidere
966 1364 1031 1424 et
1076 1361 1291 1425 audire
1340 1364 1404 1426 et
1448 1361 1754 1427 memoria
1798 1361 2111 1426 retinere?

482 1466 606 1532 Sed
656 1467 810 1550 quid
858 1471 960 1531 est
1005 1467 1172 1550 quod
1222 1468 1343 1532 ait:
1411 1468 1624 1532 facie
1682 1468 1770 1532 ad
1828 1468 2122 1532 faciem
2170 1467 2506 1532 locutus
2556 1471 2679 1531 est

392 1573 761 1639 dominus
800 1573 890 1637 ad
928 1593 1094 1653 u08,
1126 1594 1285 1656 quos
1322 1576 1511 1657 paulo
1552 1578 1695 1639 ante
1732 1575 1998 1639 maxime
2037 1574 2373 1638 admonere
2410 1573 2676 1651 curauit,

390 1680 558 1761 quod
585 1681 826 1745 nullam
858 1680 1341 1746 similitudinem
1374 1681 1670 1760 uiderint,
1702 1682 1814 1746 sed
1852 1683 2052 1747 solam
2091 1701 2315 1747 uocem
2354 1681 2431 1745 de
2467 1680 2676 1745 medio

386 1786 553 1869 ignis
620 1787 977 1852 audierint?
1060 1807 1137 1851 an
1211 1794 1466 1871 propter
1536 1807 1748 1852 rerum
1823 1789 2206 1853 euidentiam
2275 1791 2339 1851 et
2402 1787 2674 1869 quodam

384 1893 570 1957 modo
641 1895 1061 1976 praesentiam
1129 1894 1569 1959 manifestatae
1627 1895 2005 1971 diuinitatis,
2074 1895 2149 1958 de
2207 1913 2332 1976 qua
2386 1894 2674 1958 dubitare

385 2017 567 2063 nemo
615 2003 854 2081 posset,
900 1999 1002 2064 his
1051 2001 1262 2065 uerbis
1311 2020 1469 2066 usus
1518 2002 1665 2066 est?
1714 2001 1881 2083 quod
1931 2002 1985 2065 si
2029 2002 2121 2065 ita
2168 2004 2285 2079 est,
2335 2000 2486 2082 quid
2533 2019 2670 2083 pro-

382 2105 563 2170 hibet
608 2105 685 2170 de
733 2107 871 2189 ipso
920 2107 1143 2191 Moyse
1191 2107 1311 2172 hoc
1360 2107 1647 2191 intellegi
1693 2108 1755 2172 in
1807 2127 1880 2173 eo
1928 2108 2096 2191 quod
2145 2108 2221 2172 de
2266 2107 2378 2171 illo
2428 2106 2671 2171 dictum

383 2216 501 2289 est,
570 2213 739 2295 quod
797 2214 954 2278 facie
1013 2213 1090 2278 ad
1146 2214 1373 2279 faciem
1427 2215 1687 2279 locutus
1746 2215 1832 2280 sit
1887 2234 2033 2279 cum
2090 2233 2161 2279 eo
2220 2213 2540 2290 dominus,
2595 2216 2671 2277 ut

379 2338 491 2384 nee
556 2320 695 2401 ipse
761 2320 1002 2402 aliquid
1067 2321 1270 2386 oculis
1334 2321 1571 2386 uiderit
1633 2325 1880 2404 praeter
1941 2323 2200 2407 ignem?
2284 2340 2359 2385 an
2427 2318 2665 2401 aliquid

379 2425 651 2507 amplius
712 2426 952 2492 uidisse
1007 2426 1419 2514 intellegitur,
1478 2430 1624 2512 quia
1684 2429 1989 2514 scriptum
2047 2433 2147 2495 est
2200 2447 2342 2494 eum
2398 2427 2667 2491 intrasse

376 2533 437 2596 in
503 2534 803 2598 nebulam
866 2536 975 2599 uel
1039 2536 1322 2600 nimbum
1391 2536 1502 2601 ubi
1567 2541 1701 2602 erat
1763 2538 1966 2602 deus?
2052 2537 2164 2601 sed
2238 2537 2361 2601 etsi
2426 2533 2664 2616 aliquid

376 2640 651 2721 amplius
717 2641 882 2705 uidit
947 2660 1133 2722 quam
1201 2642 1317 2718 illi,
1374 2662 1494 2707 non
1555 2663 1699 2709 eum
1756 2649 1967 2708 tamen
2026 2643 2401 2708 mortalibus
2459 2640 2661 2707 oculis

373 2745 612 2810 uidisse
670 2746 770 2810 dei
828 2747 1255 2812 substantiam
1313 2769 1383 2813 ex
1439 2750 1569 2814 illis
1626 2751 1764 2816 eius
1819 2751 2033 2816 uerbis
2088 2749 2372 2834 intellegi
2427 2750 2661 2831 potest,

374 2852 605 2933 quibus
669 2853 758 2917 ait
814 2854 966 2919 deo:
1036 2855 1102 2919 si
1169 2855 1446 2921 inueni
1506 2858 1852 2942 gratiam
1910 2861 2092 2922 ante
2149 2861 2259 2934 te,
2319 2853 2659 2922 ostende

371 2957 567 3022 mihi
624 2963 878 3025 temet
935 2962 1227 3044 ipsum,
1291 2958 1420 3050 [ut]
1481 2964 1847 3029 scienter
1910 2964 2224 3028 uideam
2280 2965 2379 3027 te.
2453 2979 2658 3042 neque

371 3066 536 3130 enim
585 3066 1017 3131 arbitrandum
1067 3073 1166 3133 est
1210 3068 1380 3134 hunc
1424 3072 1753 3152 populum,
1804 3071 1907 3136 cui
1953 3071 2210 3154 Moyses
2256 3068 2656 3151 loquebatur,

368 3170 462 3236 sic
534 3174 684 3236 tunc
760 3173 1001 3238 uidisse
1064 3174 1249 3239 deum
1316 3176 1478 3240 facie
1544 3176 1622 3240 ad
1688 3177 1934 3254 faciem,
2000 3176 2249 3259 quando
2314 3176 2378 3239 in
2442 3177 2657 3238 monte

364 3278 744 3359 loquebatur
799 3299 831 3344 e
886 3281 1096 3346 medio
1155 3281 1344 3365 ignis,
1403 3282 1935 3365 quemadmodum
1994 3283 2324 3367 apostolus
2383 3280 2539 3345 dicit
2591 3279 2653 3342 in

364 3384 486 3449 fine
542 3406 658 3452 nos
714 3407 855 3453 esse
914 3389 1189 3468 uisuros,
1247 3390 1357 3454 ubi
1416 3391 1534 3455 ait:
1604 3391 1976 3456 uidemus
2035 3409 2238 3455 nunc
2294 3408 2432 3473 per
2488 3406 2653 3468 spe·

366 3492 639 3557 culum
686 3494 762 3558 in
811 3495 1306 3580 aenigmate,
1363 3501 1554 3562 tunc
1611 3502 1875 3564 autem
1935 3498 2143 3563 facie
2201 3495 2290 3561 ad
2337 3493 2648 3559 faciem.

364 3598 513 3679 quid
553 3604 765 3664 autem
805 3602 923 3666 hoc
965 3606 1031 3667 et
1066 3607 1376 3685 quantum
1416 3608 1610 3683 esset,
1642 3609 2101 3688 consequenter
2127 3602 2374 3687 aperuit
2407 3601 2650 3666 dicens:

360 3725 565 3771 nune
623 3708 792 3773 scio
851 3728 935 3773 ex
992 3714 1255 3790 parte,
1316 3713 1509 3777 tunc
1567 3717 1831 3778 autem
1888 3728 2373 3795 cognoscam
2430 3707 2653 3773 sicut

539 3897 604 3951 10
643 3897 707 3952 cf.
747 3899 908 3955 Deut.
949 3902 1001 3963 4,
1040 3901 1110 3956 33
1202 3902 1267 3955 14
1305 3901 1371 3956 cf.
1410 3901 1506 3955 Ex.
1547 3903 1634 3966 33,
1678 3905 1741 3956 11
1833 3905 1897 3957 17
1937 3903 2002 3957 cf.
2033 3903 2129 3957 Ex.
2170 3903 2254 3962 24,
2297 3902 2362 3954 18
2445 3899 2508 3953 21
2551 3898 2646 3951 Ex.

356 3984 441 4048 33,
482 3984 548 4039 13
658 3987 727 4041 26
761 3987 790 4041 1
828 3987 947 4042 Cor.
992 3989 1073 4054 13,
1116 3991 1182 4044 12

428 4093 454 4144 1
489 4093 673 4161 quam]
697 4110 802 4161 qua
830 4093 886 4148 U
1021 4095 1053 4148 3
1072 4102 1205 4164 post
1222 4114 1384 4166 supra
1404 4104 1720 4166 repetuntur
1740 4116 1776 4152 α
1799 4102 1934 4160 374,
1956 4101 2034 4152 24
2057 4100 2583 4150 numerarentur—u.
2608 4095 2648 4145 3

354 4195 612 4233 annorum
648 4181 710 4234 in
743 4181 813 4236 N
922 4184 954 4236 8
995 4187 1067 4251 (et
1108 4186 1196 4252 15)
1234 4185 1393 4256 facie]
1434 4187 1627 4241 faciem
1663 4187 1860 4241 PNV¹
1980 4189 2012 4240 9
2050 4185 2296 4240 dominus
2334 4200 2436 4238 om.
2476 4180 2647 4234 PVT

357 4267 417 4320 1⁴
453 4267 519 4321 de
548 4269 644 4323 illo
673 4286 775 4325 om.
805 4270 873 4324 N
978 4273 1041 4326 16
1072 4274 1162 4343 an]
1195 4275 1250 4327 in
1276 4273 1343 4328 N
1445 4277 1515 4330 22
1545 4280 1607 4330 ut
1633 4276 1861 4343 inclusi‚·
1890 4278 2038 4344 eflp.
2059 4277 2190 4342 186,
2217 4278 2324 4341 23,·
2351 4274 2642 4340 187,2.14

352 4357 421 4409 24
460 4357 505 4409 si
543 4358 684 4412 P¹U
734 4359 737 4362 ’
857 4360 1017 4431 facie]
1067 4361 1264 4417 faciem
1299 4363 1445 4419 P¹N
1615 4365 1671 4419 in
1709 4369 1891 4420 monte
1929 4381 2031 4419 om.
2070 4364 2131 4418 N
2273 4364 2341 4418 25
2390 4362 2443 4432 6]
2481 4360 2538 4414 in
2574 4359 2641 4413 N

351 4443 487 4498 dixit
534 4445 582 4498 V
682 4449 747 4502 27
785 4448 947 4520 facie]
982 4449 1174 4505 faeiem
1209 4450 1279 4505 N
1283 4452 1349 4506 V¹
1460 4454 1529 4508 28
1569 4472 1685 4509 esse
1721 4455 1788 4508 N
