<?xml version="1.0" encoding="UTF-8"?>
<!DOCTYPE html PUBLIC "-//W3C//DTD XHTML 1.0 Transitional//EN"
    "http://www.w3.org/TR/xhtml1/DTD/xhtml1-transitional.dtd">
<html xmlns="http://www.w3.org/1999/xhtml" xml:lang="en" lang="en">
 <head>
  <title>
</title>
<meta http-equiv="Content-Type" content="text/html;charset=utf-8" />
  <meta name='ocr-system' content='tesseract 3.04.00' />
  <meta name='ocr-capabilities' content='ocr_page ocr_carea ocr_par ocr_line ocrx_word'/>
</head>
<body>
  <div class='ocr_page' id='page_1' title='image "./corpusscriptoru31wissgoog_0205.png"; bbox 0 0 3076 4976; ppageno 0'>
   <div class='ocr_carea' id='block_1_1' title="bbox 260 1658 307 1695">
    <p class='ocr_par' dir='ltr' id='par_1_1' title="bbox 260 1658 307 1695">
     <span class='ocr_line' id='line_1_1' title="bbox 260 1658 307 1695; baseline 0 0"><span class='ocrx_word' id='word_1_1' title='bbox 260 1658 307 1695; x_wconf 79' lang='lat'>10</span> 
     </span>
    </p>
   </div>
   <div class='ocr_carea' id='block_1_2' title="bbox 261 2190 307 2229">
    <p class='ocr_par' dir='ltr' id='par_1_2' title="bbox 261 2190 307 2229">
     <span class='ocr_line' id='line_1_2' title="bbox 261 2190 307 2229; baseline -0.022 0"><span class='ocrx_word' id='word_1_2' title='bbox 261 2190 307 2229; x_wconf 76' lang='lat'>16</span> 
     </span>
    </p>
   </div>
   <div class='ocr_carea' id='block_1_3' title="bbox 752 483 2630 556">
    <p class='ocr_par' dir='ltr' id='par_1_3' title="bbox 752 483 2630 556">
     <span class='ocr_line' id='line_1_3' title="bbox 752 483 2630 556; baseline 0.006 -20"><span class='ocrx_word' id='word_1_3' title='bbox 752 483 1233 550; x_wconf 80' lang='lat' dir='ltr'>Quaestionum</span> <span class='ocrx_word' id='word_1_4' title='bbox 1273 484 1384 541; x_wconf 92' lang='lat' dir='ltr'>lib.</span> <span class='ocrx_word' id='word_1_5' title='bbox 1423 485 1478 539; x_wconf 91' lang='lat'>11</span> <span class='ocrx_word' id='word_1_6' title='bbox 1518 485 1809 553; x_wconf 82' lang='lat' dir='ltr'>(Quaest.</span> <span class='ocrx_word' id='word_1_7' title='bbox 1851 486 1928 541; x_wconf 90' lang='lat' dir='ltr'>de</span> <span class='ocrx_word' id='word_1_8' title='bbox 1966 487 2225 549; x_wconf 82' lang='lat' dir='ltr'>Exodo).</span> <span class='ocrx_word' id='word_1_9' title='bbox 2507 493 2630 556; x_wconf 87' lang='lat'>171</span> 
     </span>
    </p>
   </div>
   <div class='ocr_carea' id='block_1_4' title="bbox 332 678 2639 3643">
    <p class='ocr_par' dir='ltr' id='par_1_4' title="bbox 343 678 2639 957">
     <span class='ocr_line' id='line_1_4' title="bbox 344 678 2636 761; baseline 0.003 -19"><span class='ocrx_word' id='word_1_10' title='bbox 344 678 509 760; x_wconf 91' lang='lat' dir='ltr'>quod</span> <span class='ocrx_word' id='word_1_11' title='bbox 565 679 689 743; x_wconf 86' lang='lat' dir='ltr'>ait:</span> <span class='ocrx_word' id='word_1_12' title='bbox 759 681 835 742; x_wconf 88' lang='lat' dir='ltr'>et</span> <span class='ocrx_word' id='word_1_13' title='bbox 897 678 1260 761; x_wconf 90' lang='lat' dir='ltr'>inplebis</span> <span class='ocrx_word' id='word_1_14' title='bbox 1327 699 1601 744; x_wconf 89' lang='lat' dir='ltr'>manus</span> <span class='ocrx_word' id='word_1_15' title='bbox 1664 700 1969 756; x_wconf 80' lang='lat' dir='ltr'>eorum,</span> <span class='ocrx_word' id='word_1_16' title='bbox 2027 686 2112 747; x_wconf 91' lang='lat' dir='ltr'>ut</span> <span class='ocrx_word' id='word_1_17' title='bbox 2169 684 2636 749; x_wconf 88' lang='lat' dir='ltr'>sacerdotio</span> 
     </span>
     <span class='ocr_line' id='line_1_5' title="bbox 343 786 2639 871; baseline 0.003 -23"><span class='ocrx_word' id='word_1_18' title='bbox 343 786 790 870; x_wconf 87' lang='lat' dir='ltr'>fungantur</span> <span class='ocrx_word' id='word_1_19' title='bbox 870 786 1113 849; x_wconf 74' lang='lat' dir='ltr'>mihi?</span> <span class='ocrx_word' id='word_1_20' title='bbox 1208 805 1284 850; x_wconf 89' lang='lat' dir='ltr'>an</span> <span class='ocrx_word' id='word_1_21' title='bbox 1359 786 1521 851; x_wconf 85' lang='lat' dir='ltr'>forte</span> <span class='ocrx_word' id='word_1_22' title='bbox 1597 789 1998 865; x_wconf 84' lang='lat' dir='ltr'>muneribus,</span> <span class='ocrx_word' id='word_1_23' title='bbox 2085 809 2245 871; x_wconf 90' lang='lat' dir='ltr'>quae</span> <span class='ocrx_word' id='word_1_24' title='bbox 2324 791 2639 856; x_wconf 87' lang='lat' dir='ltr'>offerenda</span> 
     </span>
     <span class='ocr_line' id='line_1_6' title="bbox 343 892 701 957; baseline 0.008 -2"><span class='ocrx_word' id='word_1_25' title='bbox 343 896 490 956; x_wconf 89' lang='lat' dir='ltr'>sunt</span> <span class='ocrx_word' id='word_1_26' title='bbox 536 892 701 957; x_wconf 81' lang='lat' dir='ltr'>deo?</span> 
     </span>
    </p>

    <p class='ocr_par' dir='ltr' id='par_1_5' title="bbox 340 999 2639 1831">
     <span class='ocr_line' id='line_1_7' title="bbox 431 999 2638 1087; baseline 0.002 -24"><span class='ocrx_word' id='word_1_27' title='bbox 431 999 685 1064; x_wconf 88' lang='lat' dir='ltr'>CXXII.</span> <span class='ocrx_word' id='word_1_28' title='bbox 733 1000 830 1063; x_wconf 87' lang='lat' dir='ltr'>Et</span> <span class='ocrx_word' id='word_1_29' title='bbox 874 999 1135 1064; x_wconf 88' lang='lat' dir='ltr'>facies</span> <span class='ocrx_word' id='word_1_30' title='bbox 1186 1000 1305 1065; x_wconf 91' lang='lat' dir='ltr'>eis</span> <span class='ocrx_word' id='word_1_31' title='bbox 1345 1001 1778 1066; x_wconf 83' lang='lat' dir='ltr'><strong>femoralia</strong></span> <span class='ocrx_word' id='word_1_32' title='bbox 1815 1002 2032 1067; x_wconf 91' lang='lat' dir='ltr'>linea</span> <span class='ocrx_word' id='word_1_33' title='bbox 2069 1007 2350 1087; x_wconf 87' lang='lat' dir='ltr'>tegere</span> <span class='ocrx_word' id='word_1_34' title='bbox 2391 1003 2638 1085; x_wconf 88' lang='lat' dir='ltr'>turpi-</span> 
     </span>
     <span class='ocr_line' id='line_1_8' title="bbox 343 1107 2639 1192; baseline 0.002 -23"><span class='ocrx_word' id='word_1_35' title='bbox 343 1107 707 1171; x_wconf 81' lang='lat' dir='ltr'>tudinem</span> <span class='ocrx_word' id='word_1_36' title='bbox 756 1107 1064 1171; x_wconf 91' lang='lat' dir='ltr'>coloris</span> <span class='ocrx_word' id='word_1_37' title='bbox 1114 1126 1406 1184; x_wconf 80' lang='lat' dir='ltr'>eorum,</span> <span class='ocrx_word' id='word_1_38' title='bbox 1457 1127 1493 1171; x_wconf 90' lang='lat' dir='ltr'>a</span> <span class='ocrx_word' id='word_1_39' title='bbox 1537 1108 1843 1172; x_wconf 91' lang='lat' dir='ltr'>lumbis</span> <span class='ocrx_word' id='word_1_40' title='bbox 1892 1128 2148 1192; x_wconf 87' lang='lat' dir='ltr'>usque</span> <span class='ocrx_word' id='word_1_41' title='bbox 2196 1110 2288 1175; x_wconf 90' lang='lat' dir='ltr'>ad</span> <span class='ocrx_word' id='word_1_42' title='bbox 2336 1111 2639 1174; x_wconf 90' lang='lat' dir='ltr'>femora</span> 
     </span>
     <span class='ocr_line' id='line_1_9' title="bbox 343 1214 2639 1299; baseline 0.001 -22"><span class='ocrx_word' id='word_1_43' title='bbox 343 1216 596 1278; x_wconf 88' lang='lat' dir='ltr'>erunt.</span> <span class='ocrx_word' id='word_1_44' title='bbox 664 1233 809 1278; x_wconf 91' lang='lat' dir='ltr'>cum</span> <span class='ocrx_word' id='word_1_45' title='bbox 873 1214 1077 1278; x_wconf 91' lang='lat' dir='ltr'>uestis</span> <span class='ocrx_word' id='word_1_46' title='bbox 1141 1218 1319 1279; x_wconf 88' lang='lat' dir='ltr'>tanta</span> <span class='ocrx_word' id='word_1_47' title='bbox 1375 1215 1695 1298; x_wconf 88' lang='lat' dir='ltr'>cooperiat</span> <span class='ocrx_word' id='word_1_48' title='bbox 1748 1218 1957 1280; x_wconf 89' lang='lat' dir='ltr'>totum</span> <span class='ocrx_word' id='word_1_49' title='bbox 2018 1235 2269 1299; x_wconf 54' lang='lat' dir='ltr'>corpus»,</span> <span class='ocrx_word' id='word_1_50' title='bbox 2329 1216 2481 1298; x_wconf 91' lang='lat' dir='ltr'>quid</span> <span class='ocrx_word' id='word_1_51' title='bbox 2539 1219 2639 1280; x_wconf 90' lang='lat' dir='ltr'>est</span> 
     </span>
     <span class='ocr_line' id='line_1_10' title="bbox 342 1319 2636 1407; baseline 0.001 -24"><span class='ocrx_word' id='word_1_52' title='bbox 342 1320 509 1401; x_wconf 91' lang='lat' dir='ltr'>quod</span> <span class='ocrx_word' id='word_1_53' title='bbox 533 1320 653 1385; x_wconf 88' lang='lat' dir='ltr'>ait:</span> <span class='ocrx_word' id='word_1_54' title='bbox 693 1320 1127 1384; x_wconf 81' lang='lat' dir='ltr'><strong>femoralia</strong></span> <span class='ocrx_word' id='word_1_55' title='bbox 1156 1319 1420 1400; x_wconf 88' lang='lat' dir='ltr'>facies</span> <span class='ocrx_word' id='word_1_56' title='bbox 1458 1320 1679 1386; x_wconf 89' lang='lat' dir='ltr'>linea</span> <span class='ocrx_word' id='word_1_57' title='bbox 1716 1324 1995 1405; x_wconf 84' lang='lat' dir='ltr'>tegere</span> <span class='ocrx_word' id='word_1_58' title='bbox 2035 1322 2636 1407; x_wconf 80' lang='lat' dir='ltr'>turpitudinem</span> 
     </span>
     <span class='ocr_line' id='line_1_11' title="bbox 342 1426 2636 1512; baseline 0.002 -22"><span class='ocrx_word' id='word_1_59' title='bbox 342 1426 647 1492; x_wconf 90' lang='lat' dir='ltr'>coloris</span> <span class='ocrx_word' id='word_1_60' title='bbox 696 1445 881 1491; x_wconf 88' lang='lat' dir='ltr'>eoru</span> <span class='ocrx_word' id='word_1_61' title='bbox 900 1446 982 1503; x_wconf 85' lang='lat' dir='ltr'>m,</span> <span class='ocrx_word' id='word_1_62' title='bbox 1033 1427 1214 1509; x_wconf 88' lang='lat' dir='ltr'>quasi</span> <span class='ocrx_word' id='word_1_63' title='bbox 1262 1427 1563 1510; x_wconf 81' lang='lat' dir='ltr'>adparere</span> <span class='ocrx_word' id='word_1_64' title='bbox 1622 1431 1844 1509; x_wconf 88' lang='lat' dir='ltr'>posset</span> <span class='ocrx_word' id='word_1_65' title='bbox 1897 1431 2075 1493; x_wconf 86' lang='lat' dir='ltr'>tanta</span> <span class='ocrx_word' id='word_1_66' title='bbox 2131 1428 2402 1512; x_wconf 82' lang='lat' dir='ltr'>desuper</span> <span class='ocrx_word' id='word_1_67' title='bbox 2457 1433 2636 1494; x_wconf 87' lang='lat' dir='ltr'>ueste</span> 
     </span>
     <span class='ocr_line' id='line_1_12' title="bbox 340 1532 2636 1616; baseline 0.002 -21"><span class='ocrx_word' id='word_1_68' title='bbox 340 1532 672 1600; x_wconf 82' lang='lat' dir='ltr'>adhibita?</span> <span class='ocrx_word' id='word_1_69' title='bbox 736 1533 859 1597; x_wconf 88' lang='lat' dir='ltr'>nisi</span> <span class='ocrx_word' id='word_1_70' title='bbox 908 1533 1055 1615; x_wconf 89' lang='lat' dir='ltr'>quia</span> <span class='ocrx_word' id='word_1_71' title='bbox 1104 1534 1361 1616; x_wconf 88' lang='lat' dir='ltr'>signum</span> <span class='ocrx_word' id='word_1_72' title='bbox 1409 1553 1550 1598; x_wconf 89' lang='lat' dir='ltr'>esse</span> <span class='ocrx_word' id='word_1_73' title='bbox 1596 1535 1808 1599; x_wconf 91' lang='lat' dir='ltr'>uoluit</span> <span class='ocrx_word' id='word_1_74' title='bbox 1860 1534 1924 1598; x_wconf 93' lang='lat' dir='ltr'>in</span> <span class='ocrx_word' id='word_1_75' title='bbox 1981 1535 2101 1600; x_wconf 89' lang='lat' dir='ltr'>hoc</span> <span class='ocrx_word' id='word_1_76' title='bbox 2159 1535 2476 1600; x_wconf 88' lang='lat' dir='ltr'>castitatis</span> <span class='ocrx_word' id='word_1_77' title='bbox 2532 1535 2636 1599; x_wconf 90' lang='lat' dir='ltr'>uel</span> 
     </span>
     <span class='ocr_line' id='line_1_13' title="bbox 343 1639 2635 1726; baseline 0 -23"><span class='ocrx_word' id='word_1_78' title='bbox 343 1639 795 1703; x_wconf 83' lang='lat' dir='ltr'>continentiae:</span> <span class='ocrx_word' id='word_1_79' title='bbox 855 1659 1014 1721; x_wconf 89' lang='lat' dir='ltr'>quae</span> <span class='ocrx_word' id='word_1_80' title='bbox 1071 1639 1213 1705; x_wconf 91' lang='lat' dir='ltr'>ideo</span> <span class='ocrx_word' id='word_1_81' title='bbox 1271 1659 1383 1722; x_wconf 89' lang='lat' dir='ltr'>per</span> <span class='ocrx_word' id='word_1_82' title='bbox 1436 1640 1879 1704; x_wconf 86' lang='lat' dir='ltr'>indumentum</span> <span class='ocrx_word' id='word_1_83' title='bbox 1931 1641 2345 1726; x_wconf 88' lang='lat' dir='ltr'>significatur,</span> <span class='ocrx_word' id='word_1_84' title='bbox 2394 1644 2468 1705; x_wconf 87' lang='lat' dir='ltr'>ut</span> <span class='ocrx_word' id='word_1_85' title='bbox 2512 1661 2635 1704; x_wconf 92' lang='lat' dir='ltr'>non</span> 
     </span>
     <span class='ocr_line' id='line_1_14' title="bbox 343 1746 1796 1831; baseline 0.001 -22"><span class='ocrx_word' id='word_1_86' title='bbox 343 1766 378 1809; x_wconf 90' lang='lat' dir='ltr'>a</span> <span class='ocrx_word' id='word_1_87' title='bbox 425 1765 491 1810; x_wconf 91' lang='lat' dir='ltr'>se</span> <span class='ocrx_word' id='word_1_88' title='bbox 539 1746 679 1828; x_wconf 91' lang='lat' dir='ltr'>ipso</span> <span class='ocrx_word' id='word_1_89' title='bbox 727 1746 965 1824; x_wconf 87' lang='lat' dir='ltr'>habita,</span> <span class='ocrx_word' id='word_1_90' title='bbox 1016 1746 1123 1811; x_wconf 87' lang='lat' dir='ltr'>sed</span> <span class='ocrx_word' id='word_1_91' title='bbox 1174 1746 1322 1811; x_wconf 89' lang='lat' dir='ltr'>data</span> <span class='ocrx_word' id='word_1_92' title='bbox 1367 1747 1796 1831; x_wconf 85' lang='lat' dir='ltr'>intellegatur.</span> 
     </span>
    </p>

    <p class='ocr_par' dir='ltr' id='par_1_6' title="bbox 339 1851 2634 2576">
     <span class='ocr_line' id='line_1_15' title="bbox 431 1851 2633 1934; baseline 0 -17"><span class='ocrx_word' id='word_1_93' title='bbox 431 1851 716 1917; x_wconf 87' lang='lat' dir='ltr'>CXXIII.</span> <span class='ocrx_word' id='word_1_94' title='bbox 787 1852 945 1916; x_wconf 87' lang='lat' dir='ltr'>Cum</span> <span class='ocrx_word' id='word_1_95' title='bbox 996 1851 1071 1916; x_wconf 87' lang='lat' dir='ltr'>de</span> <span class='ocrx_word' id='word_1_96' title='bbox 1117 1851 1267 1916; x_wconf 85' lang='lat' dir='ltr'>filiis</span> <span class='ocrx_word' id='word_1_97' title='bbox 1314 1852 1520 1916; x_wconf 87' lang='lat' dir='ltr'>Aaron</span> <span class='ocrx_word' id='word_1_98' title='bbox 1568 1853 1952 1933; x_wconf 89' lang='lat' dir='ltr'>loqueretur,</span> <span class='ocrx_word' id='word_1_99' title='bbox 2002 1856 2079 1917; x_wconf 89' lang='lat' dir='ltr'>et</span> <span class='ocrx_word' id='word_1_100' title='bbox 2133 1852 2419 1918; x_wconf 86' lang='lat' dir='ltr'>indues</span> <span class='ocrx_word' id='word_1_101' title='bbox 2478 1873 2633 1934; x_wconf 90' lang='lat' dir='ltr'>eos,</span> 
     </span>
     <span class='ocr_line' id='line_1_16' title="bbox 341 1957 2632 2042; baseline 0.002 -21"><span class='ocrx_word' id='word_1_102' title='bbox 341 1957 566 2040; x_wconf 86' lang='lat' dir='ltr'>inquit,</span> <span class='ocrx_word' id='word_1_103' title='bbox 617 1958 945 2023; x_wconf 87' lang='lat' dir='ltr'>tunicas</span> <span class='ocrx_word' id='word_1_104' title='bbox 997 1962 1075 2022; x_wconf 87' lang='lat' dir='ltr'>et</span> <span class='ocrx_word' id='word_1_105' title='bbox 1121 1959 1406 2042; x_wconf 81' lang='lat' dir='ltr'>cinges</span> <span class='ocrx_word' id='word_1_106' title='bbox 1464 1978 1600 2023; x_wconf 87' lang='lat' dir='ltr'>eos</span> <span class='ocrx_word' id='word_1_107' title='bbox 1661 1959 1889 2025; x_wconf 90' lang='lat' dir='ltr'>zonis</span> <span class='ocrx_word' id='word_1_108' title='bbox 1948 1963 2026 2023; x_wconf 89' lang='lat' dir='ltr'>et</span> <span class='ocrx_word' id='word_1_109' title='bbox 2083 1960 2632 2025; x_wconf 76' lang='lat' dir='ltr'>circumdabis</span> 
     </span>
     <span class='ocr_line' id='line_1_17' title="bbox 342 2064 2634 2148; baseline 0.001 -19"><span class='ocrx_word' id='word_1_110' title='bbox 342 2065 456 2129; x_wconf 86' lang='lat' dir='ltr'>eis</span> <span class='ocrx_word' id='word_1_111' title='bbox 508 2065 851 2129; x_wconf 89' lang='lat' dir='ltr'>cidaras.</span> <span class='ocrx_word' id='word_1_112' title='bbox 924 2083 1114 2147; x_wconf 89' lang='lat' dir='ltr'>quam</span> <span class='ocrx_word' id='word_1_113' title='bbox 1164 2064 1331 2129; x_wconf 84' lang='lat' dir='ltr'>dicat</span> <span class='ocrx_word' id='word_1_114' title='bbox 1380 2065 1638 2129; x_wconf 88' lang='lat' dir='ltr'>cidarim</span> <span class='ocrx_word' id='word_1_115' title='bbox 1690 2066 1795 2130; x_wconf 89' lang='lat' dir='ltr'>uel</span> <span class='ocrx_word' id='word_1_116' title='bbox 1844 2066 2107 2141; x_wconf 76' lang='lat' dir='ltr'>cidaraS‚</span> <span class='ocrx_word' id='word_1_117' title='bbox 2158 2066 2456 2148; x_wconf 90' lang='lat' dir='ltr'>quoniam</span> <span class='ocrx_word' id='word_1_118' title='bbox 2511 2086 2634 2132; x_wconf 90' lang='lat' dir='ltr'>non</span> 
     </span>
     <span class='ocr_line' id='line_1_18' title="bbox 342 2170 2633 2256; baseline 0.001 -21"><span class='ocrx_word' id='word_1_119' title='bbox 342 2175 440 2236; x_wconf 90' lang='lat' dir='ltr'>est</span> <span class='ocrx_word' id='word_1_120' title='bbox 485 2173 969 2254; x_wconf 88' lang='lat' dir='ltr'>interpretatum</span> <span class='ocrx_word' id='word_1_121' title='bbox 1017 2190 1130 2235; x_wconf 91' lang='lat' dir='ltr'>nec</span> <span class='ocrx_word' id='word_1_122' title='bbox 1168 2171 1231 2235; x_wconf 91' lang='lat' dir='ltr'>in</span> <span class='ocrx_word' id='word_1_123' title='bbox 1271 2191 1395 2236; x_wconf 91' lang='lat' dir='ltr'>usu</span> <span class='ocrx_word' id='word_1_124' title='bbox 1433 2170 1623 2238; x_wconf 90' lang='lat' dir='ltr'>modo</span> <span class='ocrx_word' id='word_1_125' title='bbox 1663 2176 1780 2249; x_wconf 81' lang='lat' dir='ltr'>est,</span> <span class='ocrx_word' id='word_1_126' title='bbox 1821 2173 2179 2256; x_wconf 60' lang='lat' dir='ltr'>ignoratum</span> <span class='ocrx_word' id='word_1_127' title='bbox 2228 2177 2385 2256; x_wconf 87' lang='lat' dir='ltr'>puto</span> <span class='ocrx_word' id='word_1_128' title='bbox 2421 2175 2633 2237; x_wconf 89' lang='lat' dir='ltr'>tamen</span> 
     </span>
     <span class='ocr_line' id='line_1_19' title="bbox 339 2278 2633 2362; baseline 0.001 -21"><span class='ocrx_word' id='word_1_129' title='bbox 339 2297 458 2343; x_wconf 91' lang='lat' dir='ltr'>non</span> <span class='ocrx_word' id='word_1_130' title='bbox 526 2297 667 2342; x_wconf 90' lang='lat' dir='ltr'>esse</span> <span class='ocrx_word' id='word_1_131' title='bbox 735 2278 959 2360; x_wconf 89' lang='lat' dir='ltr'>capitis</span> <span class='ocrx_word' id='word_1_132' title='bbox 1025 2282 1356 2362; x_wconf 83' lang='lat' dir='ltr'>tegumen,</span> <span class='ocrx_word' id='word_1_133' title='bbox 1433 2282 1506 2342; x_wconf 90' lang='lat' dir='ltr'>ut</span> <span class='ocrx_word' id='word_1_134' title='bbox 1583 2280 1868 2343; x_wconf 90' lang='lat' dir='ltr'>nonnulli</span> <span class='ocrx_word' id='word_1_135' title='bbox 1941 2281 2344 2362; x_wconf 87' lang='lat' dir='ltr'>putauerunt.</span> <span class='ocrx_word' id='word_1_136' title='bbox 2430 2298 2633 2361; x_wconf 87' lang='lat' dir='ltr'>neque</span> 
     </span>
     <span class='ocr_line' id='line_1_20' title="bbox 340 2385 2631 2467; baseline 0.001 -18"><span class='ocrx_word' id='word_1_137' title='bbox 340 2385 506 2449; x_wconf 90' lang='lat' dir='ltr'>enim</span> <span class='ocrx_word' id='word_1_138' title='bbox 573 2385 842 2449; x_wconf 83' lang='lat' dir='ltr'>diceret:</span> <span class='ocrx_word' id='word_1_139' title='bbox 920 2385 1473 2450; x_wconf 86' lang='lat' dir='ltr'>circumdabis</span> <span class='ocrx_word' id='word_1_140' title='bbox 1542 2385 1690 2463; x_wconf 59' lang='grc' dir='ltr'>εἰς,</span> <span class='ocrx_word' id='word_1_141' title='bbox 1759 2386 1879 2449; x_wconf 87' lang='lat' dir='ltr'>nisi</span> <span class='ocrx_word' id='word_1_142' title='bbox 1942 2387 2070 2451; x_wconf 89' lang='lat' dir='ltr'>tale</span> <span class='ocrx_word' id='word_1_143' title='bbox 2136 2386 2374 2467; x_wconf 87' lang='lat' dir='ltr'>aliquid</span> <span class='ocrx_word' id='word_1_144' title='bbox 2442 2389 2631 2464; x_wconf 86' lang='lat' dir='ltr'>esset,</span> 
     </span>
     <span class='ocr_line' id='line_1_21' title="bbox 340 2492 1829 2576; baseline 0.001 -19"><span class='ocrx_word' id='word_1_145' title='bbox 340 2493 509 2576; x_wconf 88' lang='lat' dir='ltr'>quod</span> <span class='ocrx_word' id='word_1_146' title='bbox 557 2512 679 2557; x_wconf 92' lang='lat' dir='ltr'>non</span> <span class='ocrx_word' id='word_1_147' title='bbox 729 2493 942 2576; x_wconf 85' lang='lat' dir='ltr'>capiti,</span> <span class='ocrx_word' id='word_1_148' title='bbox 993 2492 1103 2557; x_wconf 88' lang='lat' dir='ltr'>sed</span> <span class='ocrx_word' id='word_1_149' title='bbox 1154 2492 1398 2575; x_wconf 86' lang='lat' dir='ltr'>corpori</span> <span class='ocrx_word' id='word_1_150' title='bbox 1446 2494 1594 2557; x_wconf 92' lang='lat' dir='ltr'>usui</span> <span class='ocrx_word' id='word_1_151' title='bbox 1643 2498 1829 2559; x_wconf 89' lang='lat' dir='ltr'>esset.</span> 
     </span>
    </p>

    <p class='ocr_par' dir='ltr' id='par_1_7' title="bbox 332 2599 2633 3643">
     <span class='ocr_line' id='line_1_22' title="bbox 429 2599 2632 2682; baseline -0.001 -16"><span class='ocrx_word' id='word_1_152' title='bbox 429 2600 751 2666; x_wconf 87' lang='lat' dir='ltr'>CXXIIII.</span> <span class='ocrx_word' id='word_1_153' title='bbox 798 2600 896 2663; x_wconf 89' lang='lat' dir='ltr'>Et</span> <span class='ocrx_word' id='word_1_154' title='bbox 944 2599 1103 2663; x_wconf 89' lang='lat' dir='ltr'>erit</span> <span class='ocrx_word' id='word_1_155' title='bbox 1148 2600 1331 2664; x_wconf 86' lang='lat' dir='ltr'>illis</span> <span class='ocrx_word' id='word_1_156' title='bbox 1382 2599 1936 2665; x_wconf 87' lang='lat' dir='ltr'>sacerdotium</span> <span class='ocrx_word' id='word_1_157' title='bbox 1986 2600 2179 2664; x_wconf 91' lang='lat' dir='ltr'>mihi</span> <span class='ocrx_word' id='word_1_158' title='bbox 2228 2600 2303 2664; x_wconf 92' lang='lat' dir='ltr'>in</span> <span class='ocrx_word' id='word_1_159' title='bbox 2353 2600 2632 2682; x_wconf 90' lang='lat' dir='ltr'>sempi-</span> 
     </span>
     <span class='ocr_line' id='line_1_23' title="bbox 338 2706 2633 2792; baseline 0 -21"><span class='ocrx_word' id='word_1_160' title='bbox 338 2711 676 2771; x_wconf 87' lang='lat' dir='ltr'>ternum.</span> <span class='ocrx_word' id='word_1_161' title='bbox 739 2707 1054 2788; x_wconf 90' lang='lat' dir='ltr'>quomodo</span> <span class='ocrx_word' id='word_1_162' title='bbox 1103 2707 1273 2771; x_wconf 88' lang='lat' dir='ltr'>dicat</span> <span class='ocrx_word' id='word_1_163' title='bbox 1327 2707 1440 2784; x_wconf 82' lang='lat' dir='ltr'>„in</span> <span class='ocrx_word' id='word_1_164' title='bbox 1490 2708 2114 2790; x_wconf 82' lang='lat' dir='ltr'>sempiternum“</span> <span class='ocrx_word' id='word_1_165' title='bbox 2171 2707 2247 2772; x_wconf 90' lang='lat' dir='ltr'>de</span> <span class='ocrx_word' id='word_1_166' title='bbox 2294 2706 2395 2772; x_wconf 92' lang='lat' dir='ltr'>his</span> <span class='ocrx_word' id='word_1_167' title='bbox 2441 2706 2633 2792; x_wconf 90' lang='lat' dir='ltr'>signi-</span> 
     </span>
     <span class='ocr_line' id='line_1_24' title="bbox 335 2813 2632 2896; baseline 0 -20"><span class='ocrx_word' id='word_1_168' title='bbox 335 2813 609 2878; x_wconf 86' lang='lat' dir='ltr'>ficatiuis</span> <span class='ocrx_word' id='word_1_169' title='bbox 656 2814 867 2890; x_wconf 79' lang='lat' dir='ltr'>rebuS‚</span> <span class='ocrx_word' id='word_1_170' title='bbox 916 2813 1209 2895; x_wconf 89' lang='lat' dir='ltr'>superius</span> <span class='ocrx_word' id='word_1_171' title='bbox 1258 2832 1445 2896; x_wconf 87' lang='lat' dir='ltr'>saepe</span> <span class='ocrx_word' id='word_1_172' title='bbox 1494 2814 1790 2878; x_wconf 76' lang='lat' dir='ltr'>diximus,</span> <span class='ocrx_word' id='word_1_173' title='bbox 1855 2834 1996 2878; x_wconf 91' lang='lat' dir='ltr'>nam</span> <span class='ocrx_word' id='word_1_174' title='bbox 2044 2815 2266 2896; x_wconf 87' lang='lat' dir='ltr'>utique</span> <span class='ocrx_word' id='word_1_175' title='bbox 2311 2818 2632 2878; x_wconf 89' lang='lat' dir='ltr'>mutatum</span> 
     </span>
     <span class='ocr_line' id='line_1_25' title="bbox 334 2919 2631 2996; baseline -0 -12"><span class='ocrx_word' id='word_1_176' title='bbox 334 2923 434 2984; x_wconf 89' lang='lat' dir='ltr'>est</span> <span class='ocrx_word' id='word_1_177' title='bbox 498 2921 619 2985; x_wconf 91' lang='lat' dir='ltr'>hoc</span> <span class='ocrx_word' id='word_1_178' title='bbox 686 2920 1134 2996; x_wconf 78' lang='lat' dir='ltr'>sacerdotium,</span> <span class='ocrx_word' id='word_1_179' title='bbox 1202 2922 1275 2983; x_wconf 90' lang='lat' dir='ltr'>ut</span> <span class='ocrx_word' id='word_1_180' title='bbox 1336 2919 1465 2984; x_wconf 91' lang='lat' dir='ltr'>illis</span> <span class='ocrx_word' id='word_1_181' title='bbox 1532 2924 1706 2985; x_wconf 91' lang='lat' dir='ltr'>esset</span> <span class='ocrx_word' id='word_1_182' title='bbox 1766 2921 1828 2983; x_wconf 90' lang='lat' dir='ltr'>in</span> <span class='ocrx_word' id='word_1_183' title='bbox 1896 2929 2218 2984; x_wconf 84' lang='lat' dir='ltr'>aeternum</span> <span class='ocrx_word' id='word_1_184' title='bbox 2283 2921 2631 2985; x_wconf 89' lang='lat' dir='ltr'>secundum</span> 
     </span>
     <span class='ocr_line' id='line_1_26' title="bbox 334 3026 2629 3101; baseline -0 -10"><span class='ocrx_word' id='word_1_185' title='bbox 334 3026 616 3092; x_wconf 88' lang='lat' dir='ltr'>ordinem</span> <span class='ocrx_word' id='word_1_186' title='bbox 654 3026 1106 3101; x_wconf 79' lang='lat' dir='ltr'>Melchisedec,</span> <span class='ocrx_word' id='word_1_187' title='bbox 1155 3045 1275 3090; x_wconf 93' lang='lat' dir='ltr'>non</span> <span class='ocrx_word' id='word_1_188' title='bbox 1325 3028 1673 3091; x_wconf 90' lang='lat' dir='ltr'>secundum</span> <span class='ocrx_word' id='word_1_189' title='bbox 1724 3027 2006 3091; x_wconf 87' lang='lat' dir='ltr'>ordinem</span> <span class='ocrx_word' id='word_1_190' title='bbox 2042 3028 2268 3093; x_wconf 87' lang='lat' dir='ltr'>Aaron.</span> <span class='ocrx_word' id='word_1_191' title='bbox 2326 3027 2417 3091; x_wconf 89' lang='lat' dir='ltr'>ibi</span> <span class='ocrx_word' id='word_1_192' title='bbox 2463 3027 2629 3091; x_wconf 91' lang='lat' dir='ltr'>enim</span> 
     </span>
     <span class='ocr_line' id='line_1_27' title="bbox 336 3131 2627 3217; baseline 0.001 -20"><span class='ocrx_word' id='word_1_193' title='bbox 336 3136 399 3197; x_wconf 87' lang='lat' dir='ltr'>et</span> <span class='ocrx_word' id='word_1_194' title='bbox 451 3133 685 3198; x_wconf 88' lang='lat' dir='ltr'>iuratio</span> <span class='ocrx_word' id='word_1_195' title='bbox 744 3135 809 3196; x_wconf 85' lang='lat' dir='ltr'>et</span> <span class='ocrx_word' id='word_1_196' title='bbox 862 3131 1036 3196; x_wconf 90' lang='lat' dir='ltr'>nulla</span> <span class='ocrx_word' id='word_1_197' title='bbox 1093 3132 1192 3195; x_wconf 90' lang='lat' dir='ltr'>dei</span> <span class='ocrx_word' id='word_1_198' title='bbox 1250 3133 1613 3214; x_wconf 72' lang='lat' dir='ltr'>paenitudo,</span> <span class='ocrx_word' id='word_1_199' title='bbox 1672 3153 1830 3214; x_wconf 86' lang='lat' dir='ltr'>quas</span> <span class='ocrx_word' id='word_1_200' title='bbox 1888 3133 2281 3217; x_wconf 87' lang='lat' dir='ltr'>significetur</span> <span class='ocrx_word' id='word_1_201' title='bbox 2336 3133 2627 3200; x_wconf 77' lang='lat' dir='ltr'>mutatio,</span> 
     </span>
     <span class='ocr_line' id='line_1_28' title="bbox 335 3239 2627 3323; baseline 0 -19"><span class='ocrx_word' id='word_1_202' title='bbox 335 3240 627 3304; x_wconf 87' lang='lat' dir='ltr'>iurauit</span> <span class='ocrx_word' id='word_1_203' title='bbox 674 3240 841 3304; x_wconf 90' lang='lat' dir='ltr'>enim</span> <span class='ocrx_word' id='word_1_204' title='bbox 890 3239 1262 3304; x_wconf 90' lang='lat' dir='ltr'>dominus</span> <span class='ocrx_word' id='word_1_205' title='bbox 1314 3243 1390 3304; x_wconf 88' lang='lat' dir='ltr'>et</span> <span class='ocrx_word' id='word_1_206' title='bbox 1436 3259 1583 3303; x_wconf 92' lang='lat' dir='ltr'>non</span> <span class='ocrx_word' id='word_1_207' title='bbox 1635 3239 2105 3323; x_wconf 87' lang='lat' dir='ltr'>paenitebit</span> <span class='ocrx_word' id='word_1_208' title='bbox 2152 3259 2344 3317; x_wconf 90' lang='lat' dir='ltr'>eum,</span> <span class='ocrx_word' id='word_1_209' title='bbox 2392 3244 2474 3304; x_wconf 88' lang='lat' dir='ltr'>tu</span> <span class='ocrx_word' id='word_1_210' title='bbox 2526 3259 2627 3318; x_wconf 78' lang='lat' dir='ltr'>ea,</span> 
     </span>
     <span class='ocr_line' id='line_1_29' title="bbox 334 3345 2626 3429; baseline 0 -19"><span class='ocrx_word' id='word_1_211' title='bbox 334 3346 571 3429; x_wconf 88' lang='lat' dir='ltr'>inquit,</span> <span class='ocrx_word' id='word_1_212' title='bbox 653 3346 1038 3411; x_wconf 89' lang='lat' dir='ltr'>sacerdos</span> <span class='ocrx_word' id='word_1_213' title='bbox 1113 3346 1186 3409; x_wconf 92' lang='lat' dir='ltr'>in</span> <span class='ocrx_word' id='word_1_214' title='bbox 1267 3350 1680 3410; x_wconf 89' lang='lat' dir='ltr'>aeternum</span> <span class='ocrx_word' id='word_1_215' title='bbox 1759 3345 2197 3411; x_wconf 89' lang='lat' dir='ltr'>secundum</span> <span class='ocrx_word' id='word_1_216' title='bbox 2272 3346 2626 3410; x_wconf 89' lang='lat' dir='ltr'>ordinem</span> 
     </span>
     <span class='ocr_line' id='line_1_30' title="bbox 332 3452 2624 3534; baseline -0.001 -16"><span class='ocrx_word' id='word_1_217' title='bbox 332 3453 911 3520; x_wconf 87' lang='lat' dir='ltr'>Melchisedec.</span> <span class='ocrx_word' id='word_1_218' title='bbox 993 3453 1067 3517; x_wconf 91' lang='lat' dir='ltr'>de</span> <span class='ocrx_word' id='word_1_219' title='bbox 1125 3453 1337 3517; x_wconf 87' lang='lat' dir='ltr'>ordine</span> <span class='ocrx_word' id='word_1_220' title='bbox 1395 3457 1607 3517; x_wconf 86' lang='lat' dir='ltr'>autem</span> <span class='ocrx_word' id='word_1_221' title='bbox 1656 3453 1861 3519; x_wconf 86' lang='lat' dir='ltr'>Aaron</span> <span class='ocrx_word' id='word_1_222' title='bbox 1920 3453 2159 3517; x_wconf 87' lang='lat' dir='ltr'>dictum</span> <span class='ocrx_word' id='word_1_223' title='bbox 2218 3455 2318 3520; x_wconf 86' lang='lat' dir='ltr'>est</span> <span class='ocrx_word' id='word_1_224' title='bbox 2372 3452 2624 3534; x_wconf 89' lang='lat' dir='ltr'>quidem</span> 
     </span>
     <span class='ocr_line' id='line_1_31' title="bbox 342 3559 2625 3643; baseline -0.002 -18"><span class='ocrx_word' id='word_1_225' title='bbox 342 3561 451 3637; x_wconf 81' lang='lat' dir='ltr'>„in</span> <span class='ocrx_word' id='word_1_226' title='bbox 520 3560 1140 3642; x_wconf 85' lang='lat' dir='ltr'>sempiternum“</span> <span class='ocrx_word' id='word_1_227' title='bbox 1217 3559 1321 3622; x_wconf 89' lang='lat' dir='ltr'>uel</span> <span class='ocrx_word' id='word_1_228' title='bbox 1383 3563 1639 3643; x_wconf 87' lang='lat' dir='ltr'>propter</span> <span class='ocrx_word' id='word_1_229' title='bbox 1702 3564 1955 3642; x_wconf 85' lang='lat' dir='ltr'>tempus</span> <span class='ocrx_word' id='word_1_230' title='bbox 2031 3578 2153 3624; x_wconf 92' lang='lat' dir='ltr'>non</span> <span class='ocrx_word' id='word_1_231' title='bbox 2218 3561 2625 3642; x_wconf 88' lang='lat' dir='ltr'>praeceptum</span> 
     </span>
    </p>
   </div>
   <div class='ocr_carea' id='block_1_5' title="bbox 331 3749 2625 3903">
    <p class='ocr_par' dir='ltr' id='par_1_8' title="bbox 331 3749 2625 3903">
     <span class='ocr_line' id='line_1_32' title="bbox 512 3749 2625 3813; baseline -0.002 -8"><span class='ocrx_word' id='word_1_232' title='bbox 512 3752 537 3805; x_wconf 98' lang='grc'>1</span> <span class='ocrx_word' id='word_1_233' title='bbox 581 3750 673 3804; x_wconf 82' lang='lat' dir='ltr'>Ex.</span> <span class='ocrx_word' id='word_1_234' title='bbox 717 3749 804 3812; x_wconf 88' lang='grc'>28,</span> <span class='ocrx_word' id='word_1_235' title='bbox 844 3751 912 3803; x_wconf 86' lang='grc'>37</span> <span class='ocrx_word' id='word_1_236' title='bbox 1058 3751 1092 3802; x_wconf 89' lang='grc'>4</span> <span class='ocrx_word' id='word_1_237' title='bbox 1131 3750 1222 3805; x_wconf 84' lang='lat' dir='ltr'>Ex.</span> <span class='ocrx_word' id='word_1_238' title='bbox 1264 3751 1350 3812; x_wconf 84' lang='grc'>28,</span> <span class='ocrx_word' id='word_1_239' title='bbox 1391 3750 1458 3803; x_wconf 85' lang='grc'>38</span> <span class='ocrx_word' id='word_1_240' title='bbox 1602 3750 1665 3802; x_wconf 90' lang='grc'>12</span> <span class='ocrx_word' id='word_1_241' title='bbox 1706 3749 1798 3803; x_wconf 85' lang='lat' dir='ltr'>Ex.</span> <span class='ocrx_word' id='word_1_242' title='bbox 1838 3749 1924 3813; x_wconf 87' lang='grc'>29,</span> <span class='ocrx_word' id='word_1_243' title='bbox 1964 3750 2014 3802; x_wconf 83' lang='grc'>8.</span> <span class='ocrx_word' id='word_1_244' title='bbox 2053 3751 2085 3802; x_wconf 87' lang='lat'><strong>9</strong></span> <span class='ocrx_word' id='word_1_245' title='bbox 2227 3749 2291 3801; x_wconf 87' lang='lat'>19</span> <span class='ocrx_word' id='word_1_246' title='bbox 2329 3749 2425 3802; x_wconf 85' lang='lat' dir='ltr'>Ex.</span> <span class='ocrx_word' id='word_1_247' title='bbox 2466 3749 2551 3812; x_wconf 87' lang='grc'>29,</span> <span class='ocrx_word' id='word_1_248' title='bbox 2592 3750 2625 3801; x_wconf 87' lang='grc'>9</span> 
     </span>
     <span class='ocr_line' id='line_1_33' title="bbox 331 3839 760 3903; baseline -0.002 -10"><span class='ocrx_word' id='word_1_249' title='bbox 331 3841 398 3893; x_wconf 78' lang='grc'>25</span> <span class='ocrx_word' id='word_1_250' title='bbox 435 3839 523 3896; x_wconf 85' lang='lat' dir='ltr'>Ps.</span> <span class='ocrx_word' id='word_1_251' title='bbox 571 3840 688 3903; x_wconf 85' lang='lat'>109,</span> <span class='ocrx_word' id='word_1_252' title='bbox 725 3841 760 3892; x_wconf 84' lang='lat'>4</span> 
     </span>
    </p>
   </div>
   <div class='ocr_carea' id='block_1_6' title="bbox 329 3959 2630 4385">
    <p class='ocr_par' dir='ltr' id='par_1_9' title="bbox 329 3959 2630 4385">
     <span class='ocr_line' id='line_1_34' title="bbox 401 3959 2630 4032; baseline -0.001 -16"><span class='ocrx_word' id='word_1_253' title='bbox 401 3966 436 4016; x_wconf 75' lang='grc' dir='ltr'>ὁ</span> <span class='ocrx_word' id='word_1_254' title='bbox 474 3964 712 4032; x_wconf 83' lang='lat' dir='ltr'>corporis</span> <span class='ocrx_word' id='word_1_255' title='bbox 752 3961 826 4016; x_wconf 82' lang='lat' dir='ltr'>bd</span> <span class='ocrx_word' id='word_1_256' title='bbox 934 3962 966 4014; x_wconf 88' lang='grc'>6</span> <span class='ocrx_word' id='word_1_257' title='bbox 1004 3965 1180 4014; x_wconf 88' lang='lat' dir='ltr'>totum</span> <span class='ocrx_word' id='word_1_258' title='bbox 1221 3978 1414 4030; x_wconf 82' lang='lat' dir='ltr'>corpus</span> <span class='ocrx_word' id='word_1_259' title='bbox 1453 3962 1730 4031; x_wconf 86' lang='lat' dir='ltr'>cooperiat</span> <span class='ocrx_word' id='word_1_260' title='bbox 1775 3961 1825 4016; x_wconf 85' lang='lat' dir='ltr'><em>T</em></span> <span class='ocrx_word' id='word_1_261' title='bbox 1932 3963 1960 4014; x_wconf 89' lang='lat'><strong>7</strong></span> <span class='ocrx_word' id='word_1_262' title='bbox 2003 3961 2190 4029; x_wconf 81' lang='lat' dir='ltr'>facies]</span> <span class='ocrx_word' id='word_1_263' title='bbox 2232 3959 2479 4013; x_wconf 81' lang='lat' dir='ltr'>facienda</span> <span class='ocrx_word' id='word_1_264' title='bbox 2523 3961 2630 4014; x_wconf 82' lang='lat' dir='ltr'>CN</span> 
     </span>
     <span class='ocr_line' id='line_1_35' title="bbox 331 4047 2630 4122; baseline -0.001 -19"><span class='ocrx_word' id='word_1_265' title='bbox 331 4050 363 4103; x_wconf 89' lang='lat'>8</span> <span class='ocrx_word' id='word_1_266' title='bbox 401 4055 640 4122; x_wconf 80' lang='lat' dir='ltr'>corporis</span> <span class='ocrx_word' id='word_1_267' title='bbox 678 4051 752 4105; x_wconf 82' lang='lat' dir='ltr'>bd</span> <span class='ocrx_word' id='word_1_268' title='bbox 921 4052 954 4103; x_wconf 84' lang='lat'>9</span> <span class='ocrx_word' id='word_1_269' title='bbox 995 4050 1238 4103; x_wconf 84' lang='lat' dir='ltr'>caritatis</span> <span class='ocrx_word' id='word_1_270' title='bbox 1286 4049 1338 4102; x_wconf 88' lang='lat' dir='ltr'><em>V</em></span> <span class='ocrx_word' id='word_1_271' title='bbox 1506 4051 1568 4103; x_wconf 92' lang='lat' dir='ltr'>ll</span> <span class='ocrx_word' id='word_1_272' title='bbox 1611 4051 1664 4118; x_wconf 88' lang='lat' dir='ltr'>a]</span> <span class='ocrx_word' id='word_1_273' title='bbox 1706 4066 1767 4102; x_wconf 84' lang='lat' dir='ltr'>ex</span> <span class='ocrx_word' id='word_1_274' title='bbox 1803 4049 2017 4103; x_wconf 81' lang='lat' dir='ltr'><strong><em>PSVT</em></strong></span> <span class='ocrx_word' id='word_1_275' title='bbox 2175 4051 2242 4103; x_wconf 89' lang='grc'>16</span> <span class='ocrx_word' id='word_1_276' title='bbox 2279 4065 2383 4101; x_wconf 89' lang='lat' dir='ltr'>non</span> <span class='ocrx_word' id='word_1_277' title='bbox 2425 4064 2525 4102; x_wconf 84' lang='lat' dir='ltr'>om.</span> <span class='ocrx_word' id='word_1_278' title='bbox 2565 4047 2630 4101; x_wconf 88' lang='grc' dir='ltr'><strong><em>Ν</em></strong></span> 
     </span>
     <span class='ocr_line' id='line_1_36' title="bbox 329 4136 2624 4210; baseline -0.002 -17"><span class='ocrx_word' id='word_1_279' title='bbox 329 4148 548 4210; x_wconf 86' lang='lat' dir='ltr'>tegmen</span> <span class='ocrx_word' id='word_1_280' title='bbox 587 4139 748 4193; x_wconf 85' lang='lat' dir='ltr'>PSN</span> <span class='ocrx_word' id='word_1_281' title='bbox 755 4139 862 4193; x_wconf 83' lang='lat' dir='ltr'>VT</span> <span class='ocrx_word' id='word_1_282' title='bbox 1013 4137 1385 4207; x_wconf 85' lang='lat' dir='ltr'>neque—usui</span> <span class='ocrx_word' id='word_1_283' title='bbox 1424 4143 1569 4191; x_wconf 87' lang='lat' dir='ltr'>esset</span> <span class='ocrx_word' id='word_1_284' title='bbox 1604 4154 1708 4192; x_wconf 83' lang='lat' dir='ltr'>om.</span> <span class='ocrx_word' id='word_1_285' title='bbox 1746 4137 1812 4191; x_wconf 89' lang='lat' dir='ltr'><em>N</em></span> <span class='ocrx_word' id='word_1_286' title='bbox 1933 4139 1997 4191; x_wconf 84' lang='lat'>17</span> <span class='ocrx_word' id='word_1_287' title='bbox 2039 4155 2129 4190; x_wconf 90' lang='lat' dir='ltr'>eos</span> <span class='ocrx_word' id='word_1_288' title='bbox 2174 4136 2337 4190; x_wconf 84' lang='lat' dir='ltr'>CPN</span> <span class='ocrx_word' id='word_1_289' title='bbox 2452 4137 2522 4189; x_wconf 84' lang='lat'>22</span> <span class='ocrx_word' id='word_1_290' title='bbox 2562 4141 2624 4189; x_wconf 90' lang='lat' dir='ltr'>ut</span> 
     </span>
     <span class='ocr_line' id='line_1_37' title="bbox 329 4225 2621 4296; baseline -0.001 -15"><span class='ocrx_word' id='word_1_291' title='bbox 329 4228 437 4281; x_wconf 87' lang='lat' dir='ltr'>illis</span> <span class='ocrx_word' id='word_1_292' title='bbox 473 4229 693 4296; x_wconf 70' lang='lat' dir='ltr'>scripsi:</span> <span class='ocrx_word' id='word_1_293' title='bbox 735 4229 869 4282; x_wconf 87' lang='lat' dir='ltr'>utile</span> <span class='ocrx_word' id='word_1_294' title='bbox 904 4226 1014 4282; x_wconf 73' lang='lat'>08¹</span> <span class='ocrx_word' id='word_1_295' title='bbox 1053 4231 1116 4281; x_wconf 88' lang='lat' dir='ltr'>ut</span> <span class='ocrx_word' id='word_1_296' title='bbox 1151 4227 1245 4281; x_wconf 90' lang='lat' dir='ltr'>ille</span> <span class='ocrx_word' id='word_1_297' title='bbox 1275 4228 1504 4280; x_wconf 82' lang='lat' dir='ltr'><em>PNVT</em></span> <span class='ocrx_word' id='word_1_298' title='bbox 1538 4233 1599 4281; x_wconf 91' lang='lat' dir='ltr'>ut</span> <span class='ocrx_word' id='word_1_299' title='bbox 1636 4227 1774 4280; x_wconf 91' lang='lat' dir='ltr'>illud</span> <span class='ocrx_word' id='word_1_300' title='bbox 1802 4226 1946 4280; x_wconf 79' lang='lat' dir='ltr'>S²bd</span> <span class='ocrx_word' id='word_1_301' title='bbox 2053 4227 2121 4280; x_wconf 85' lang='grc'>23</span> <span class='ocrx_word' id='word_1_302' title='bbox 2160 4229 2233 4293; x_wconf 83' lang='lat' dir='ltr'>(et</span> <span class='ocrx_word' id='word_1_303' title='bbox 2267 4226 2359 4290; x_wconf 83' lang='grc'>27)</span> <span class='ocrx_word' id='word_1_304' title='bbox 2399 4225 2621 4278; x_wconf 85' lang='lat' dir='ltr'>melchi·</span> 
     </span>
     <span class='ocr_line' id='line_1_38' title="bbox 330 4313 2629 4385; baseline -0.001 -16"><span class='ocrx_word' id='word_1_305' title='bbox 330 4316 526 4370; x_wconf 81' lang='lat' dir='ltr'>sedech</span> <span class='ocrx_word' id='word_1_306' title='bbox 568 4316 779 4370; x_wconf 86' lang='lat' dir='ltr'><strong><em>PSVT</em></strong></span> <span class='ocrx_word' id='word_1_307' title='bbox 881 4317 950 4370; x_wconf 83' lang='grc'>24</span> <span class='ocrx_word' id='word_1_308' title='bbox 989 4317 1331 4385; x_wconf 85' lang='lat' dir='ltr'>significatur</span> <span class='ocrx_word' id='word_1_309' title='bbox 1375 4316 1482 4368; x_wconf 88' lang='lat' dir='ltr'>CN</span> <span class='ocrx_word' id='word_1_310' title='bbox 1584 4317 1654 4369; x_wconf 87' lang='grc'>25</span> <span class='ocrx_word' id='word_1_311' title='bbox 1695 4316 1898 4369; x_wconf 90' lang='lat' dir='ltr'>iurabit</span> <span class='ocrx_word' id='word_1_312' title='bbox 1934 4315 1992 4368; x_wconf 88' lang='lat' dir='ltr'><em>N</em></span> <span class='ocrx_word' id='word_1_313' title='bbox 2100 4316 2168 4368; x_wconf 87' lang='grc'>26</span> <span class='ocrx_word' id='word_1_314' title='bbox 2207 4314 2387 4382; x_wconf 89' lang='lat' dir='ltr'>inquit</span> <span class='ocrx_word' id='word_1_315' title='bbox 2423 4329 2524 4367; x_wconf 85' lang='lat' dir='ltr'>om.</span> <span class='ocrx_word' id='word_1_316' title='bbox 2563 4313 2629 4367; x_wconf 89' lang='lat' dir='ltr'><em>N</em></span> 
     </span>
    </p>
   </div>
   <div class='ocr_carea' id='block_1_7' title="bbox 328 4405 1223 4474">
    <p class='ocr_par' dir='ltr' id='par_1_10' title="bbox 328 4405 1223 4474">
     <span class='ocr_line' id='line_1_39' title="bbox 328 4405 1223 4474; baseline 0 -16"><span class='ocrx_word' id='word_1_317' title='bbox 328 4407 395 4459; x_wconf 83' lang='lat'>27</span> <span class='ocrx_word' id='word_1_318' title='bbox 435 4405 653 4474; x_wconf 85' lang='lat' dir='ltr'>quidem</span> <span class='ocrx_word' id='word_1_319' title='bbox 693 4405 771 4473; x_wconf 90' lang='lat' dir='ltr'>in]</span> <span class='ocrx_word' id='word_1_320' title='bbox 814 4405 944 4474; x_wconf 89' lang='lat' dir='ltr'>quid</span> <span class='ocrx_word' id='word_1_321' title='bbox 982 4405 1122 4458; x_wconf 89' lang='lat' dir='ltr'>enim</span> <span class='ocrx_word' id='word_1_322' title='bbox 1172 4405 1223 4457; x_wconf 80' lang='lat' dir='ltr'><strong><em>V</em></strong></span> 
     </span>
    </p>
   </div>
  </div>
 </body>
</html>
