3076 4976
692 459 1174 525 Quaestionum
1215 461 1326 515 lib.
1365 462 1448 515 ΙΙΙ
1486 461 1776 528 (Quaest.
1821 461 1893 516 de
1931 462 2286 529 Leuitico).
2507 467 2630 529 241

344 658 558 737 potest
613 656 867 738 quidem
928 655 1052 720 dici
1110 656 1498 721 sacerdotem
1559 677 1678 722 non
1739 657 1967 722 habere
2023 657 2301 722 uitulum
2349 661 2460 735 aut
2503 657 2640 722 uni-

345 782 595 826 uersam
670 782 1059 847 synagogam
1134 768 1245 826 aut
1318 765 1664 847 principem
1729 784 1850 829 non
1918 765 2143 830 habere
2210 784 2465 847 caprum
2532 767 2640 829 uel

346 887 551 934 ouem.
630 875 694 934 et
753 871 804 935 si
862 871 952 934 ita
1008 875 1123 947 est,
1183 872 1335 953 quid
1393 891 1553 954 opus
1622 875 1756 936 erat
1817 876 2040 953 postea
2104 872 2310 936 dicere
2368 872 2636 936 tacitum

345 976 721 1058 cuiusquam
759 978 1105 1059 periurium
1154 983 1266 1042 aut
1309 982 1550 1043 tactum
1602 979 1978 1042 inmundum
2025 983 2089 1042 et
2132 978 2477 1060 periurium
2527 998 2638 1061 per

275 1104 306 1140 ⁵
342 1082 759 1165 ignorantiam
825 1085 1067 1149 facturn
1132 1086 1388 1170 purgari
1455 1086 1758 1149 sacrificio
1818 1104 2015 1169 agnae
2073 1090 2136 1149 et
2190 1104 2429 1168 caprae,
2489 1105 2633 1150 cum

344 1190 560 1253 eadem
619 1191 924 1255 sacrificia
972 1197 1303 1275 praecepta
1352 1192 1481 1257 siiit
1527 1193 1717 1256 etiam
1766 1192 1828 1255 iu
1879 1192 1988 1255 illa
2034 1192 2444 1275 generalitate
2493 1211 2633 1273 pec-

342 1298 488 1373 cati,
546 1298 623 1361 ad
681 1318 870 1381 quam
925 1298 1402 1382 generalitatem
1463 1300 1655 1363 etiam
1710 1300 1837 1362 ista
1891 1300 2235 1380 potuerunt
2279 1299 2631 1379 pertinere?

343 1403 394 1467 si
444 1407 657 1469 autem
704 1406 849 1469 hinc
895 1405 1020 1469 ista
1068 1405 1526 1483 discernuntur,
1578 1406 1745 1487 quod
1792 1405 2025 1469 licebat
2070 1425 2179 1487 pro
2220 1405 2312 1468 eis
2351 1409 2631 1469 turtures

343 1514 404 1574 et
451 1511 779 1576 columbos
828 1514 934 1576 uel
981 1513 1194 1587 etiam,
1246 1515 1299 1575 si
1345 1514 1467 1576 hoc
1515 1533 1634 1576 non
1687 1516 1874 1588 esset,
1925 1512 2347 1595 similaginem
2405 1512 2629 1589 offerri,

249 1639 303 1675 ιο
339 1617 428 1681 ibi
476 1622 685 1682 autem
738 1618 847 1681 ubi
895 1638 1015 1683 non
1067 1620 1308 1683 dictum
1360 1625 1457 1683 est
1504 1639 1625 1684 non
1683 1619 1937 1693 licebat,
1996 1638 2119 1683 non
2175 1618 2430 1682 uidetur
2486 1618 2630 1681 sub-

339 1728 601 1788 uentum
651 1745 790 1789 esse
837 1727 1244 1807 pauperibuS,
1295 1726 1592 1807 quoniam
1640 1726 1842 1789 multa
1888 1730 2149 1808 possent
2205 1746 2343 1789 esse
2400 1725 2631 1789 delicta

338 1851 453 1894 non
524 1830 885 1913 specialiter
949 1851 1259 1913 expressa,
1318 1851 1477 1914 quae
1536 1833 1612 1895 ad
1678 1832 1853 1895 illam
1911 1832 2387 1915 generalitatem
2443 1832 2628 1895 refer-

335 1946 566 2013 rentur,
600 1937 708 2001 ubi
747 1942 1159 2021 grauarentur
1193 1939 1434 2021 inopes,
1469 1939 1523 2002 si
1562 1939 1998 2003 tantummodo
2039 1957 2289 2019 capram
2327 1938 2625 2001 feminam

336 2047 399 2106 et
454 2064 680 2127 agnam
739 2062 808 2107 ex
866 2044 1094 2109 ouibus
1153 2049 1218 2109 et
1270 2046 1414 2109 illas
1471 2045 1756 2109 auiculas
1813 2048 1878 2108 et
1923 2044 2343 2128 similaginem
2393 2044 2627 2108 licebat

245 2172 296 2209 ιτ»
336 2150 558 2216 offerri.
605 2151 728 2214 nisi
776 2151 937 2215 forte
985 2152 1128 2233 quis
1178 2152 1347 2215 dicat
1391 2152 1511 2216 hoc
1560 2151 1829 2215 discerni
1866 2151 1991 2215 ista
2029 2154 2289 2232 excepta
2327 2155 2390 2215 et
2427 2137 2623 2214 nomi-

334 2257 525 2320 natim
577 2277 869 2339 expressa
912 2261 1173 2341 peccata
1221 2260 1295 2322 ab
1344 2259 1472 2323 illis
1523 2277 1681 2340 quae
1723 2259 2097 2342 generaliter
2133 2261 2624 2321 commemorata

334 2367 500 2435 sunt,
551 2364 700 2446 quia
745 2363 846 2428 hic
898 2384 1122 2448 agnam
1175 2365 1349 2441 dixit,
1398 2366 1485 2429 ihi
1536 2385 1743 2440 ouem,
1801 2369 1875 2429 ut
1930 2369 2102 2429 aetas
2157 2383 2455 2447 pecorum
2512 2364 2622 2427 ali-

331 2491 519 2552 quam
569 2470 985 2536 differentiam
1033 2471 1242 2551 faciat,
1303 2472 1450 2536 dum
1509 2475 1719 2537 tamen
1778 2472 2189 2554 intellegatur
2240 2471 2623 2555 pauperibus

328 2597 638 2660 peraeque
687 2579 1094 2654 subuentum,
1143 2584 1234 2652 ut,
1288 2581 1342 2642 si
1399 2600 1519 2644 non
1578 2581 1881 2644 haberent
1933 2580 2065 2642 ulla
2121 2578 2416 2642 animalia
2471 2598 2619 2660 qua-

233 2707 290 2745 20
330 2683 650 2768 drupedia,
702 2688 811 2747 aut
868 2689 1246 2748 memoratas
1307 2705 1457 2748 aues
1515 2689 1627 2748 aut
1682 2685 2107 2768 similaginem
2162 2684 2454 2747 offerrent
2507 2704 2618 2767 pro

327 2791 606 2870 peccatis
653 2791 1043 2873 ignorantiae
1093 2811 1263 2855 suae.
1341 2793 1396 2856 si
1446 2795 1657 2855 autem
1704 2795 1922 2856 mouet
1966 2810 2176 2872 quare,
2235 2810 2379 2854 cum
2434 2810 2618 2875 gene-

323 2897 542 2959 raliter
589 2898 796 2960 omnia
841 2897 1234 2980 ignorantiae
1289 2901 1548 2980 peccata
1606 2898 1988 2962 concluserit
2034 2901 2095 2961 et
2143 2898 2447 2962 sacrificia
2493 2918 2613 2961 non

321 3023 432 3084 pro
483 3002 784 3067 distantia
829 3008 1235 3085 peccatorum
1283 3024 1472 3086 quam
1520 3024 1641 3069 non
1690 3005 1924 3068 fecerat
1978 3005 2091 3068 sed
2145 3025 2254 3087 pro
2313 3005 2616 3069 distantia

320 3129 727 3190 personarum
786 3110 1158 3189 distinxerit,
1215 3115 1438 3193 postea
1501 3112 1780 3175 uoluerit
1834 3113 2023 3175 etiam
2081 3116 2339 3193 peccata
2395 3112 2613 3177 distin-

226 3241 282 3279 25
322 3235 511 3299 gnere
568 3219 632 3280 et
686 3237 797 3298 pro
856 3236 1074 3281 eorum
1131 3219 1500 3283 diuersitate
1558 3218 1866 3283 sacrificia
1922 3218 2171 3282 diuersa
2235 3219 2611 3301 praecipere,

319 3322 500 3404 quasi
541 3342 660 3387 non
703 3323 780 3386 ad
819 3324 992 3387 illam
1035 3325 1502 3407 generalitatem
1546 3324 1754 3389 omnia
1789 3325 2199 3406 pertinerent:
2250 3326 2339 3388 sic
2376 3325 2610 3389 factam

315 3429 634 3511 posterius
685 3429 1110 3511 exceptionem
1156 3433 1404 3510 oportet
1441 3430 1749 3512 intellegi,
1788 3433 1862 3494 ut
1899 3450 2335 3514 quaecumque
2372 3452 2610 3496 reman-

314 3535 513 3598 serint
567 3535 667 3599 his
726 3536 1021 3618 exceptiS,
1082 3556 1238 3618 quae
1296 3538 1668 3600 nominatim
1726 3543 1789 3600 et
1845 3539 2176 3621 speciatim
2234 3558 2605 3604 commemo-

313 3642 500 3720 rauit,
560 3641 729 3705 dicta
783 3642 847 3704 in
907 3642 1020 3705 illa
1077 3643 1483 3724 generalitate
1551 3643 2020 3727 intellegamus,
2098 3664 2285 3726 quem
2347 3646 2605 3709 modum

215 3775 271 3815 ao
309 3747 654 3812 locutionis
721 3767 840 3811 non
913 3752 1010 3812 est
1076 3749 1226 3812 alibi
1289 3750 1590 3832 reperire;
1664 3750 1773 3814 sed
1840 3751 1899 3814 in
1971 3751 2300 3834 scripturis
2367 3754 2604 3817 sanctis

381 4039 401 4090 1
450 4038 669 4107 quidem
708 4041 890 4107 potest
929 4038 988 4090 N
1156 4039 1414 4092 uniuersa
1459 4040 1506 4092 G
1682 4043 1714 4094 2
1754 4058 2000 4109 capuam
2043 4040 2089 4094 S
2229 4045 2260 4096 6
2300 4042 2523 4094 sacricia
2563 4041 2609 4094 S

305 4128 337 4180 7
376 4127 485 4180 ista
528 4127 576 4180 0
740 4130 1035 4196 potuerant
1080 4128 1185 4181 VT
1289 4129 1322 4182 8
1362 4145 1466 4198 quo
1507 4129 1715 4184 P¹S¹V
1821 4132 1881 4183 11
1926 4134 2155 4200 possunt
2204 4130 2254 4183 V
2362 4131 2426 4182 12
2465 4130 2602 4182 refe—

302 4218 492 4268 rentur
523 4216 723 4270 CTPS
757 4215 1066 4269 referuntur
1102 4216 1154 4269 V
1318 4219 1384 4269 14
1422 4217 1664 4271 abiculas
1698 4219 1745 4273 S
1924 4221 1986 4274 17
2028 4219 2120 4272 ubi
2151 4219 2198 4273 S
2375 4219 2443 4271 26
2482 4235 2601 4287 per-

298 4305 542 4357 tinerent
589 4305 769 4357 omnia
816 4304 863 4359 S
1038 4306 1184 4358 sactu
1245 4306 1293 4358 Τ
1407 4308 1518 4362 ,27
1578 4310 1896 4361 remanserit
1944 4307 2128 4363 P¹SV
2287 4309 2356 4360 28
2413 4307 2499 4360 hic
2557 4307 2609 4360 V

299 4393 372 4446 30
410 4396 556 4446 esset
592 4392 799 4447 P¹SV²

405 4518 604 4558 XXVIII
633 4518 750 4567 Aug.
779 4523 888 4558 sect.
917 4520 988 4558 111
1015 4529 1120 4568 pan
1149 4521 1172 4558 3
2395 4505 2458 4557 16
