3076 4976
699 473 1177 539 Quaestionum
1214 473 1329 529 lib.
1368 474 1424 527 11
1464 474 1757 542 (Quaest.
1797 475 1872 530 de
1910 476 2176 542 Exodo).
2463 481 2589 546 179

294 688 445 734 suos
504 673 568 734 et
620 670 949 735 interitum
1005 670 1305 747 minatur,
1363 670 1415 734 si
1475 671 1814 753 quisquam
1872 670 2172 735 similiter
2225 672 2466 748 fecerit,
2524 671 2589 735 id

294 781 392 841 est
453 781 805 860 ungentum
872 778 951 841 ad
1011 797 1169 842 usus
1236 796 1390 841 suos
1456 777 1666 842 simile
1731 778 2075 843 confecerit
2128 780 2235 843 uel
2289 779 2586 861 cuiquam

291 883 434 946 hinc
482 881 728 946 dederit
774 886 1018 947 exterae
1065 883 1363 951 nationis,
1418 903 1488 947 ac
1535 903 1650 964 per
1693 883 1817 948 hoc
1865 884 2033 966 quod
2082 885 2198 949 ait:
2249 884 2587 949 sanctifi-

293 989 489 1053 catio
559 989 707 1052 erit
770 991 1019 1066 nobie,
1089 1011 1232 1055 cum
1298 990 1421 1056 hoc
1486 993 1722 1074 populo
1788 991 2033 1055 Israhel
2095 993 2394 1056 uniuerso
2462 991 2587 1056 dici

230 1125 255 1163 5
293 1095 533 1172 iubeat,
601 1116 719 1160 non
788 1097 976 1162 uideo
1044 1098 1198 1179 quid
1269 1098 1668 1181 intellegam,
1743 1096 1866 1162 nisi
1946 1098 2093 1180 quia
2165 1098 2401 1162 licebat
2468 1097 2582 1174 eiS,

291 1202 537 1282 quando
587 1204 925 1267 ueniebant
970 1222 1114 1267 cum
1163 1204 1299 1267 suis
1339 1203 1610 1285 quisque
1649 1201 2043 1279 muneribuS,
2081 1205 2342 1286 tangere
2380 1203 2585 1266 taber-

287 1309 622 1387 naculum;
691 1314 756 1374 et
809 1311 1125 1393 tangendo
1184 1310 1746 1374 sanctificabantur
1805 1313 2061 1392 propter
2122 1308 2283 1373 illud
2349 1309 2582 1386 oleum,

289 1434 412 1496 quo
490 1421 720 1481 cuncta
791 1420 1096 1500 peruncta
1167 1422 1336 1480 sunt.
1424 1418 1489 1480 et
1551 1416 1699 1479 hinc
1766 1415 2044 1480 dictum:
2120 1413 2374 1480 omnis
2445 1415 2580 1495 qui

287 1522 560 1605 tangit
624 1524 1344 1599 sanctificabitur,
1420 1541 1542 1586 non
1610 1525 1824 1586 tamen
1890 1522 1982 1586 sic
2042 1520 2578 1603 quemadmodum

205 1661 252 1698 ιο
287 1628 666 1706 sacerdotes,
724 1629 831 1711 qui
889 1630 1076 1693 etiam
1137 1634 1212 1693 ut
1266 1630 1619 1694 sacerdotio
1683 1629 2117 1715 fungerentur,
2179 1629 2585 1713 ungebantur

286 1753 354 1797 ex
399 1735 533 1799 illo.

371 1840 711 1905 CXXXVI.
781 1842 966 1923 Quod
1019 1843 1343 1925 praecepit
1399 1843 1631 1925 quibus
1690 1841 1989 1907 aromatis
2047 1842 2159 1905 fiat
2201 1840 2575 1923 thymiama,

282 1946 344 2009 id
401 1950 501 2011 est
554 1949 908 2027 incensum,
968 1952 1033 2014 et
1087 1950 1245 2014 dicit
1297 1950 1720 2034 unguentario
1779 1968 1952 2013 more
2009 1951 2325 2013 coctum
2374 1967 2574 2029 opus

283 2057 847 2138 unguentarii,
914 2076 1038 2121 non
1104 2058 1246 2121 ideo
1313 2060 1536 2140 putare
1603 2056 1909 2121 debemus
1964 2056 2361 2139 unguentum
2415 2053 2574 2133 fieri,

201 2194 247 2232 15
280 2159 343 2223 id
398 2165 518 2239 est,
576 2163 742 2227 unde
798 2163 1041 2245 aliquid
1097 2168 1392 2247 ungatur,
1453 2164 1584 2239 sed,
1641 2166 1717 2226 ut
1772 2161 2009 2226 dictum
2061 2165 2179 2236 est,
2226 2160 2574 2245 thymiama

279 2268 383 2331 uel
460 2269 788 2333 incensum
866 2270 1035 2352 quod
1108 2270 1448 2351 inponatur
1517 2269 1614 2332 illi
1691 2268 1872 2333 altari
1935 2269 2207 2345 incensi,
2271 2268 2385 2332 ubi
2447 2286 2570 2332 non

277 2373 513 2439 licebat
559 2377 920 2455 sacrificari,
970 2381 1034 2442 et
1081 2382 1216 2442 erat
1259 2378 1435 2442 intus
1484 2377 1545 2440 in
1596 2380 1815 2441 sancto
1865 2377 2247 2441 sanctorum.

365 2482 740 2549 CXXXVII.
803 2486 902 2550 Et
948 2485 1329 2551 concides
1381 2485 1470 2550 de
1517 2484 1700 2550 illis
1750 2484 2146 2548 minutum
2196 2485 2274 2547 et
2318 2503 2567 2566 pones

277 2594 559 2655 contra
640 2592 1154 2669 testimonia,
1229 2593 1433 2657 unde
1517 2592 2025 2656 innotescam
2120 2590 2276 2653 tibi
2360 2589 2565 2656 inde.

191 2727 241 2764 ω
275 2703 643 2762 sanctum
685 2704 1146 2765 sanctorum
1188 2701 1344 2765 erit
1383 2701 1620 2764 uobis
1660 2700 2095 2763 incensum.
2146 2716 2292 2761 ecce
2328 2697 2561 2762 iterum

272 2804 389 2868 hoc
455 2805 808 2882 incensum,
877 2808 1026 2890 quia
1088 2808 1261 2872 intus
1327 2808 1684 2890 ponebatur
1737 2805 1798 2869 in
1859 2805 2042 2868 altari
2097 2804 2340 2868 incensi
2397 2804 2566 2886 quod

271 2910 442 2975 intus
492 2919 643 2988 erat,
692 2917 983 2977 sanctum
1029 2916 1388 2979 sanctorum
1438 2913 1701 2988 dicitur3
1754 2917 1819 2976 et
1862 2910 2337 2975 tabernaculum
2386 2910 2565 2974 testi-

270 3016 466 3082 monii
505 3020 756 3101 proprie
803 3020 1039 3084 dicitur
1082 3021 1244 3084 illud
1288 3021 1499 3104 ipsum
1548 3021 1816 3085 interius
1862 3019 1973 3082 ubi
2023 3036 2167 3081 arca
2213 3021 2347 3081 erat
2392 3016 2565 3081 adhi-

268 3123 402 3187 bita
439 3143 590 3189 sane
629 3124 985 3190 differentia
1022 3146 1166 3191 cum
1207 3127 1327 3190 ait:
1379 3126 1581 3191 unde
1619 3127 2123 3191 innotescam
2165 3122 2318 3186 tibi
2357 3123 2559 3188 inde.

187 3257 234 3297 25
270 3229 360 3293 sic
409 3230 578 3294 enim
627 3231 865 3296 dixerat
907 3233 1180 3316 primum
1239 3234 1313 3297 de
1369 3232 1827 3316 propitiatorio,
1886 3230 2056 3313 quod
2110 3229 2330 3311 utique
2384 3229 2559 3295 intus

270 3339 385 3414 est,
432 3337 500 3400 id
548 3343 647 3402 est
690 3338 854 3403 intra
899 3341 1115 3404 uelum
1164 3358 1356 3422 super
1401 3359 1630 3404 arcam.

355 3443 762 3512 CXXXVIII.
813 3446 981 3526 Quid
1030 3450 1129 3511 est
1180 3447 1348 3528 quod
1395 3446 1733 3511 Beselehel
1780 3464 1925 3508 cum
1970 3444 2220 3508 iuberet
2276 3442 2559 3506 adhiberi

266 3551 561 3631 operibus
608 3553 999 3617 tabernaculi
1046 3553 1375 3631 faciendis,
1435 3552 1591 3618 dixit
1647 3572 1819 3617 eum
1875 3571 1943 3616 se
1999 3551 2349 3633 replenisse
2406 3549 2554 3631 spi-

441 3758 506 3812 12
547 3758 610 3814 cf.
653 3760 745 3813 Ex.
785 3761 871 3823 30,
911 3762 980 3814 34
1093 3762 1158 3814 18
1196 3761 1293 3814 Ex.
1334 3762 1419 3824 30,
1459 3761 1547 3815 36.
1586 3761 1653 3815 37
1765 3761 1832 3813 27
1873 3759 1939 3813 cf.
1978 3758 2074 3812 Ex.
2114 3759 2202 3822 31,
2241 3759 2291 3814 2.
2332 3761 2363 3812 3

332 3935 355 3987 1
407 3934 664 3988 similiter
707 3935 883 3989 simile
929 3936 1132 3990 P¹SV¹
1313 3937 1346 3991 3
1392 3937 1601 3990 nationi
1648 3936 1938 3990 PSVde
2115 3936 2150 3987 4
2189 3934 2317 4003 dici]
2369 3935 2456 3989 die
2491 3935 2560 3987 N

256 4024 288 4076 5
325 4023 483 4077 iubet
503 4024 720 4079 PSVT
807 4026 839 4077 6
877 4026 1135 4079 ueniebat
1171 4026 1294 4079 Vbd
1401 4029 1655 4094 tangeret
1694 4024 1757 4078 N
1842 4027 1870 4078 7
1910 4023 2354 4078 sanctificabatur
2376 4022 2558 4077 P¹SV

261 4113 323 4166 12
373 4114 709 4167 aromatibus
747 4114 821 4168 bd
996 4116 1246 4168 timiama
1290 4116 1391 4169 CT
1424 4115 1687 4184 tymiama
1721 4114 1882 4168 PSN
1888 4114 1940 4166 V
2117 4114 2184 4166 15
2230 4113 2456 4180 ungitur
2490 4111 2558 4164 N

258 4203 319 4256 17
352 4189 451 4257 ἷοῖ
486 4202 726 4256 PSV11’
836 4203 900 4256 18
938 4203 1198 4256 concedes
1234 4203 1301 4256 N
1404 4204 1658 4256 minitum
1695 4203 1832 4268 Ρη·
1867 4205 1929 4257 in
1964 4219 2066 4271 my.
2108 4201 2237 4255 aad.
2290 4200 2338 4254 V
2372 4201 2546 4253 minu-

253 4296 426 4345 tatum
556 4292 629 4346 20
667 4291 933 4361 sanctum]
975 4292 1028 4344 in
1068 4277 1169 4345 sffi
1194 4292 1318 4345 P'S
1440 4294 1509 4345 26
1550 4308 1711 4361 supra
1758 4292 1808 4345 Τ
1937 4293 2005 4344 27
2046 4290 2323 4344 besalehel
2358 4287 2545 4342 ΡΙῬι

252 4378 485 4435 beseleel
524 4381 562 4433 d
706 4380 992 4434 adhiberet
1035 4380 1081 4434 C

2339 4484 2436 4537 12*
