3076 4976
951 426 1476 480 Adnotationum
1520 428 1584 481 in
1621 428 1738 481 Iob
1778 428 1953 482 liber
1988 429 2032 481 Ι.
2501 432 2628 496 563

336 621 577 686 dictum
655 626 785 687 est:
862 622 1130 686 fuistis
1209 622 1398 686 enim
1480 622 1886 704 aliquando
1962 624 2347 692 tenebrae:
2435 644 2626 690 nunc

334 733 582 793 autern
648 730 769 793 lux
826 729 894 792 in
957 729 1272 793 domino,
1323 730 1713 793 columnae
1764 730 1955 793 caeli
2005 736 2628 796 contremuerunt

335 840 408 900 et
483 836 1043 919 obstupuerunt
1107 837 1191 899 ab
1258 836 1780 917 increpatione
1849 836 2046 903 eius:
2115 839 2282 920 quod
2350 840 2623 922 contigit

331 943 522 1007 Petro
592 962 705 1026 per
768 943 1062 1009 Paulum.
1132 943 1421 1006 uirtute
1489 962 1624 1007 sua
1691 943 1991 1008 sedauit
2054 965 2280 1010 mare:
2345 946 2628 1029 placauit

263 1073 291 1112 5
330 1050 679 1126 saeculum,
756 1068 791 1112 a
865 1068 989 1131 quo
1059 1049 1564 1131 persecutionem
1641 1049 2002 1132 patiebatur
2085 1052 2372 1117 ecclesia.
2458 1052 2625 1116 unde

331 1158 521 1221 etiam
570 1158 897 1223 columnas
946 1157 1102 1220 caeli
1150 1157 1607 1220 contremuisse
1657 1158 1732 1221 ab
1769 1156 2196 1240 increpatione
2238 1158 2374 1222 eius
2415 1163 2628 1241 potest

328 1264 449 1327 hoc
515 1264 701 1329 modo
767 1263 1074 1346 intellegi,
1140 1268 1215 1327 ut
1279 1262 1713 1328 robustissimi
1770 1264 2075 1329 ecclesiae
2133 1267 2627 1331 contremuerint

329 1389 442 1453 pro
510 1370 774 1434 infirmis
839 1371 917 1435 ab
982 1370 1406 1453 increpatione
1464 1369 1703 1435 domini
1760 1372 2187 1452 permittentis
2244 1373 2624 1438 tentationes

331 1477 813 1559 persecutionis,
875 1478 1173 1541 columna
1226 1477 1391 1540 enim
1451 1478 1716 1543 clamat:
1778 1478 1945 1559 quis
2012 1479 2476 1558 infirmatur,
2551 1485 2625 1544 et

236 1606 291 1644 ιο
332 1602 467 1666 ego
545 1603 686 1648 non
761 1584 1154 1648 infirmor?
1230 1584 1398 1666 quis
1477 1584 2073 1660 scandalizatur,
2142 1591 2214 1651 et
2279 1605 2410 1669 ego
2479 1607 2618 1651 non

330 1695 552 1755 uror?
621 1696 693 1754 et
749 1690 1150 1774 prudentia
1210 1690 1375 1755 eius
1435 1692 1885 1755 uulneratus
1935 1695 2053 1757 est
2099 1696 2346 1757 cetus:
2399 1694 2619 1757 uulne-

329 1802 536 1863 ratum
596 1799 752 1863 dicit
810 1799 1132 1864 diabolum
1189 1799 1422 1876 dolore,
1481 1819 1606 1881 quo
1665 1800 1721 1864 ei
1776 1801 1934 1864 iusti
1989 1819 2108 1865 non
2170 1799 2496 1866 cedebant.
2548 1803 2624 1863 et

330 1905 669 1969 claustra
709 1907 901 1970 caeli
938 1910 1286 1970 metuunt
1323 1926 1517 1971 eum:
1562 1907 1662 1970 uel
1702 1907 1911 1990 angeli
1950 1908 2052 1970 uel
2095 1906 2201 1987 qui
2242 1911 2623 1988 acceperunt

330 2012 543 2076 claues
574 2013 750 2096 regni
782 2013 1117 2077 caelorum.
1149 2018 1553 2096 praecepto
1586 2017 1835 2078 autem
1865 2014 2188 2096 peremit
2226 2014 2621 2079 draconem

235 2140 291 2180 ιε
330 2117 825 2184 desertorem:
903 2119 1171 2183 eundem
1246 2118 1402 2183 dixit
1476 2124 1542 2183 et
1615 2122 1846 2183 cetum.
1925 2120 2036 2183 sed
2104 2138 2266 2184 nunc
2343 2121 2621 2185 ostendit

330 2226 648 2306 quomodo
709 2227 794 2291 sit
849 2228 1243 2304 uulneratus,
1302 2246 1447 2290 cum
1504 2229 1913 2308 praeceptum
1973 2230 2352 2309 acceperunt
2407 2226 2516 2308 qui
2564 2227 2620 2290 ei

328 2334 871 2400 renuntiauerunt.
932 2352 1103 2398 ecce
1153 2334 1289 2397 hae
1337 2335 1594 2414 partes
1655 2334 1821 2397 uiae
1880 2333 2074 2397 eius:
2136 2353 2260 2414 qua
2306 2333 2383 2397 ad
2433 2333 2622 2397 deum

327 2440 600 2507 uenitur.
691 2440 1059 2506 uirtutem
1144 2443 1391 2505 autem
1475 2440 1810 2505 tonitrus
1895 2440 2056 2504 eius
2143 2440 2310 2522 quis
2397 2440 2616 2516 sciet,

328 2548 616 2629 quando
666 2548 950 2613 faciet?
997 2548 1304 2613 tonitrum
1355 2548 1510 2612 dicit
1558 2547 2103 2612 euidentissimum
2150 2566 2375 2611 uocem
2425 2548 2620 2610 mani-

222 2675 282 2714 20
324 2654 683 2719 festationis
733 2654 894 2735 eiuS‚
942 2659 1053 2720 aut
1099 2655 1274 2719 illam
1323 2655 1481 2719 forte
1531 2674 1772 2732 uocem,
1822 2675 2010 2736 quam
2062 2654 2234 2718 dedit
2269 2674 2379 2736 per
2414 2653 2616 2717 filium

325 2763 635 2827 tonitrus:
687 2763 763 2827 in
802 2762 1180 2845 principio
1223 2766 1383 2827 erat
1420 2762 1730 2827 uerbum
1771 2767 1844 2825 et
1881 2762 2190 2825 uerbum
2230 2766 2389 2825 erat
2425 2760 2619 2843 apud

326 2868 542 2933 deum
603 2876 676 2934 et
732 2870 917 2934 deus
974 2874 1131 2934 erat
1187 2870 1531 2945 uerbum,
1594 2875 1666 2933 ut
1723 2869 1808 2931 sit
1864 2869 2048 2933 ordo:
2108 2867 2354 2950 quando
2403 2866 2616 2943 faciet,

321 2980 537 3040 utrum
590 2976 732 3058 quis
782 2976 944 3041 sciet
986 2978 1295 3041 uirtutem
1343 2977 1617 3041 tonitrus
1666 2976 1851 3040 eius?

412 3084 672 3147 XXVII.
750 3085 841 3147 Et
907 3084 1227 3165 spiritus
1305 3083 1614 3147 diuinus
1693 3082 1763 3146 in
1834 3083 2143 3146 naribus
2219 3081 2435 3145 meis:
2512 3082 2615 3145 hic

222 3209 283 3249 ετ»
323 3190 679 3255 ostenditur
751 3191 1120 3273 prophetice
1198 3210 1342 3255 eum
1410 3190 1618 3253 dicere
1686 3208 1845 3270 quae
1913 3189 2070 3253 dicit
2124 3191 2188 3252 et
2251 3188 2616 3271 prophetice

321 3316 704 3379 cognoscere
754 3298 902 3380 quia
948 3298 1056 3362 isti
1105 3298 1531 3361 consolatores
1581 3296 1720 3360 eius
1771 3295 1914 3360 dolo
1965 3295 2132 3377 pleni
2183 3300 2349 3359 sunt.
2416 3295 2618 3358 absit

320 3424 359 3468 a
402 3424 515 3468 me
563 3404 817 3469 iustos
867 3424 1001 3469 uos
1051 3403 1322 3479 dicere,
1373 3403 1604 3468 donec
1653 3402 1955 3466 moriar:
2006 3401 2257 3465 etiamsi
2296 3420 2499 3482 usque
2539 3400 2616 3463 ad

500 3596 524 3648 1
568 3594 766 3664 Epiros,
806 3598 856 3657 5,
895 3594 927 3647 8
1064 3594 1096 3646 2
1135 3594 1232 3646 Iob
1273 3594 1359 3651 26,
1404 3594 1462 3646 11
1605 3594 1639 3645 4
1679 3592 1742 3648 cf.
1785 3591 1901 3645 Gal.
1941 3592 1992 3653 2,
2036 3593 2096 3645 11
2282 3591 2379 3643 Iob
2419 3591 2506 3653 26,
2550 3591 2614 3642 12

314 3687 349 3738 9
386 3683 441 3737 ΙΙ
482 3684 600 3738 Cor.
646 3685 726 3743 11.
767 3683 835 3736 29
993 3684 1053 3735 11
1098 3683 1195 3735 Iob
1236 3684 1321 3744 26,
1364 3683 1428 3735 12
1587 3682 1651 3733 12
1692 3680 1789 3733 lob
1830 3683 1915 3741 26,
1957 3682 2021 3733 13
2180 3680 2244 3732 14
2282 3678 2379 3732 Iob
2419 3678 2504 3739 26,
2549 3680 2614 3732 13

319 3774 384 3826 17
424 3773 520 3825 Iob
561 3773 647 3835 26,
692 3774 757 3826 14
834 3773 897 3825 18
936 3772 1033 3825 Iob
1074 3774 1159 3833 26,
1203 3773 1269 3825 14
1342 3772 1404 3824 21
1447 3770 1562 3823 Ioh.
1608 3772 1653 3833 1,
1690 3771 1712 3823 1
1793 3769 1986 3823 2410b
2017 3770 2101 3829 27,
2130 3770 2162 3821 3
2237 3767 2433 3822 2610b
2463 3768 2550 3832 27,
2581 3770 2612 3819 5

385 3897 417 3950 2
457 3896 852 3949 intremuerunt
889 3894 1074 3948 SHier
1198 3896 1231 3949 3
1271 3892 1653 3947 obstibuerunt
1690 3894 1736 3948 S
1897 3893 2169 3961 contingit
2211 3891 2255 3945 Ο
2362 3893 2394 3944 6
2433 3892 2615 3960 potest

311 3987 458 4039 enim
502 3987 548 4040 C
617 3986 648 4038 8
688 3986 1005 4055 permittens
1041 3985 1088 4039 Ο
1160 3986 1224 4039 10
1263 4002 1370 4038 non
1409 4001 1509 4051 ego
1552 3984 1590 4036 d
1699 4000 1798 4051 ego
1836 3998 1939 4037 om.
1980 3983 2011 4035 b
2089 3983 2149 4035 11
2195 3986 2250 4034 et
2287 3981 2508 4048 scripsi:
2547 3981 2612 4030 ut

313 4075 533 4130 GTPG
566 4092 667 4129 om.
700 4074 960 4128 deHier
1036 4075 1101 4127 13
1139 4074 1227 4127 uel
1270 4074 1447 4141 angeli
1486 4090 1588 4126 om.
1625 4072 1672 4125 Ο
1745 4074 1809 4126 15
1849 4088 2030 4125 cecum
2067 4070 2112 4123 0
2185 4071 2248 4124 16
2291 4071 2613 4138 acceperunt

306 4168 661 4234 praeceptum
700 4163 876 4217 Tde
983 4164 1032 4216 ei
1070 4180 1172 4218 om.
1211 4163 1256 4215 C
1364 4163 1427 4215 17
1467 4162 1568 4215 hee
1604 4161 1651 4215 Ο
1683 4162 1782 4231 hec
1812 4161 1858 4214 S
1963 4160 2122 4213 huius
2161 4160 2282 4212 uiae
2320 4158 2363 4209 0
2470 4158 2607 4223 cius]

308 4254 469 4307 huius
517 4253 567 4306 T
599 4270 700 4306 om.
747 4253 795 4307 0
884 4252 949 4306 18
987 4253 1215 4305 tonitrui
1255 4251 1300 4305 S
1324 4251 1466 4304 Hier
1564 4252 1625 4303 19
1665 4251 1962 4302 tonitruum
2005 4250 2036 4302 b
2129 4250 2192 4302 21
2234 4247 2456 4300 uerbum
2497 4244 2611 4298 erat

297 4360 388 4412 pr.
427 4342 587 4396 GTC
676 4342 743 4396 23
775 4346 952 4394 utrum
983 4358 1084 4395 om.
1125 4341 1308 4395 TPCb
1382 4341 1448 4393 27
1480 4356 1600 4393 cum
1627 4356 1759 4393 uoce
1787 4357 1817 4392 a
1848 4356 1931 4392 me
1961 4338 2158 4404 finitur
2185 4338 2282 4405 fol.
2319 4340 2382 4389 71
2408 4335 2523 4388 cod.
2559 4334 2608 4387 G

2404 4444 2501 4494 36*
