3076 4976
420 468 549 531 386
1119 464 1171 516 S.
1229 462 1505 516 Aureli
1565 463 2004 531 Augustini

504 659 773 724 XVIIII.
872 657 948 723 Si
1024 662 1274 722 autem
1353 656 1778 722 surrexerit
1848 657 1921 719 in
1995 661 2068 721 te
2143 657 2513 739 propheta
2588 675 2718 719 seu

423 766 847 830 somniator
906 764 1287 829 somnians
1345 767 1417 828 et
1473 762 1774 827 dederit
1827 763 1971 826 tibi
2031 763 2330 848 signum
2390 764 2512 828 uel
2569 780 2723 845 pro·

424 872 724 955 digium
775 874 847 936 et
895 870 1197 935 uenerit
1243 869 1542 954 signum
1593 868 1754 933 siue
1802 869 2236 954 prodigium
2288 870 2484 951 quod
2528 871 2725 935 locu·

428 984 552 1043 tus
614 982 736 1043 est
792 978 878 1042 ad
934 981 1007 1042 te
1065 977 1356 1041 dicens:
1407 996 1663 1040 eamus
1721 981 1796 1040 et
1852 977 2278 1041 seruiamus
2328 976 2475 1040 diis
2525 976 2723 1054 aliis,

427 1105 613 1168 quos
681 1085 1034 1162 nescitiS‚
1099 1103 1239 1149 non
1307 1083 1645 1147 audietis
1721 1084 1950 1148 uerba
2023 1083 2438 1166 prophetae
2503 1083 2724 1148 illius
2786 1106 2814 1145 a

421 1193 549 1256 uel
616 1190 1072 1255 somniantis
1140 1190 1512 1254 somnium
1577 1190 1804 1268 illud,
1872 1190 2221 1272 quoniam
2297 1193 2546 1255 tentat
2609 1190 2725 1253 do·

420 1299 670 1362 minus
740 1297 921 1362 deus
987 1300 1247 1362 uester
1311 1316 1447 1361 uos
1518 1296 1716 1361 scire
1777 1316 1859 1360 an
1928 1296 2282 1380 diligatis
2350 1296 2725 1362 dominum

420 1406 634 1469 deum
683 1406 1030 1469 uestrum
1081 1423 1161 1468 ex
1206 1406 1372 1468 toto
1423 1403 1648 1468 corde
1697 1408 1957 1468 uestro
2006 1408 2079 1468 et
2127 1423 2207 1467 ex
2265 1406 2426 1468 tota
2481 1404 2725 1467 anima

421 1513 703 1577 uestra.
789 1511 909 1576 hoc-
978 1510 1232 1592 quidam
1310 1510 1692 1593 interpretes
1758 1510 1939 1574 latini
2003 1530 2123 1575 non
2189 1511 2280 1575 ita
2343 1514 2723 1592 posuerunt:

427 1618 623 1683 scire
673 1637 756 1682 an
807 1616 1184 1701 diligatis,
1245 1615 1355 1680 sed
1412 1622 1530 1692 „ut
1580 1616 1777 1681 sciat
1823 1636 1907 1681 an
1958 1617 2375 1701 diligatis“.
2427 1617 2720 1699 quamuis
2761 1639 2814 1678 1ο

425 1724 644 1790 eadem
704 1724 1019 1789 sententia
1074 1723 1388 1801 uideatur,
1449 1742 1670 1791 uerum
1737 1728 1950 1789 tamen
2016 1723 2198 1801 illud,
2256 1723 2423 1806 quod
2479 1722 2722 1787 dictum

422 1835 523 1896 est
594 1831 896 1908 „scire“‚
961 1831 1215 1895 facilius
1283 1830 1360 1895 ad
1424 1830 1571 1894 illos
1645 1832 1942 1905 refertum
2019 1836 2094 1895 ut
2167 1831 2260 1896 sic
2334 1830 2719 1911 accipiamus

430 1940 721 2014 „tentat
785 1958 921 2004 uos
990 1938 1254 2016 scire“‚
1315 1956 1388 2001 ac
1446 1937 1501 2001 si
1560 1937 1905 2002 diceretur:
1978 1937 2315 2014 „tentando
2382 1957 2500 2002 uos
2566 1937 2721 2001 facit

424 2044 648 2109 scire“.
699 2044 807 2108 ubi
859 2063 1008 2108 sane
1056 2044 1342 2128 intellegi
1382 2044 1594 2109 uoluit
1631 2045 1823 2109 etiam
1859 2044 1972 2109 illa
2010 2063 2169 2126 quae
2209 2064 2243 2107 a
2283 2043 2715 2107 diuinantibus

424 2170 545 2215 non
615 2150 963 2215 secundum
1033 2150 1221 2214 deum
1289 2150 1608 2229 dicuntur,
1677 2152 1732 2214 si
1789 2151 2132 2216 acciderint
2184 2170 2343 2232 quae
2400 2148 2807 2224 dicuntu1·‚15

425 2277 547 2322 non
601 2256 966 2340 accipienda
1016 2257 1108 2321 sic
1156 2259 1230 2321 ut
1276 2257 1333 2321 si
1379 2257 1533 2321 fiant
1581 2277 1741 2339 quae
1795 2258 2269 2339 praecipiuntur
2323 2257 2400 2319 ab
2459 2254 2551 2320 eis
2607 2260 2719 2319 aut

425 2364 717 2429 colantur
764 2382 924 2446 quae
973 2364 1270 2428 coluntur
1317 2363 1393 2427 ab
1444 2364 1559 2430 eis,
1635 2383 1751 2429 nec
1799 2368 2043 2446 praeter
2098 2383 2277 2427 suam
2334 2365 2716 2445 potestatem

425 2471 581 2536 deus
621 2469 902 2536 ostendit
939 2488 1080 2535 esse
1120 2471 1289 2553 quod
1327 2470 1451 2535 ista
1490 2472 1886 2557 contingunt,
1927 2471 2057 2549 sed,
2099 2470 2278 2554 quasi
2318 2471 2721 2553 quaereretur

422 2597 534 2642 cur
571 2597 644 2642 ea
678 2578 1027 2660 permittat,
1069 2597 1326 2642 causam
1363 2579 1733 2643 tentationis
1772 2579 2065 2662 exposuit
2100 2578 2178 2642 ad
2217 2576 2714 2661 cognoscendam

423 2703 639 2750 eorum
709 2685 1140 2762 dilectionem,
1214 2688 1431 2748 utrum
1498 2704 1636 2749 eam
1703 2686 1978 2750 habeant
2040 2705 2187 2769 erga
2252 2685 2439 2749 deum
2507 2703 2716 2760 suum,
2754 2708 2806 2746 ιο

423 2791 927 2875 cognoscendam
997 2810 1146 2855 uero
1215 2791 1291 2856 ab
1357 2792 1516 2874 ipsis
1583 2791 1796 2874 potius
1864 2811 2049 2874 quam
2118 2793 2194 2856 ab
2262 2792 2372 2856 illo
2430 2791 2539 2874 qui
2597 2791 2718 2855 scit

425 2897 634 2964 omnia
679 2901 1018 2981 antequam
1064 2898 1236 2962 fiant.

521 3004 660 3068 XX.
718 3005 917 3068 Post
970 3007 1134 3068 tres
1196 3023 1443 3069 annos
1501 3005 1905 3088 produces
1965 3024 2269 3070 omnem
2327 3004 2714 3068 decimam

423 3112 843 3176 fructuum
892 3114 1243 3186 tuorum;
1293 3110 1368 3175 in
1416 3111 1566 3176 illo
1617 3131 1815 3177 anno
1864 3131 2113 3194 pones
2153 3111 2366 3176 illud
2403 3111 2479 3175 in
2520 3110 2714 3175 ciui·

424 3217 748 3282 tatibus
795 3217 987 3294 tuis,
1037 3220 1116 3282 et
1161 3218 1445 3282 ueniet
1489 3219 1802 3295 Leuita‚
1842 3219 2031 3300 quia
2069 3238 2213 3282 non
2257 3222 2382 3282 est
2420 3218 2490 3282 ei
2530 3235 2712 3301 pars
2749 3241 2801 3281 25

424 3342 676 3404 neque
734 3341 911 3387 sors
969 3327 1255 3401 tecum,
1307 3327 1385 3389 et
1430 3325 1742 3390 aduena
1788 3329 1867 3389 et
1910 3325 2286 3409 pupillus
2335 3330 2413 3390 et
2472 3324 2715 3390 uidua

431 3450 630 3512 quae
678 3429 752 3493 in
812 3429 1320 3496 ciuitatibus
1378 3432 1547 3496 tuis
1613 3437 1689 3496 et
1733 3432 2337 3498 manducabunt
2383 3436 2461 3497 et
2506 3435 2714 3496 satu-

425 3535 849 3611 rabuntur,
915 3541 1004 3601 ut
1057 3537 1494 3602 benedicat
1549 3542 1627 3603 te
1687 3539 2057 3604 dominus
2124 3539 2320 3604 deus
2387 3543 2579 3604 tuus
2637 3539 2712 3602 in

425 3642 805 3707 omnibus
860 3643 1247 3725 operibus
1295 3645 1464 3710 tuis
1515 3664 2072 3728 quaecumque
2111 3646 2433 3711 feceris.
2483 3665 2552 3710 ex
2592 3646 2717 3710 ista

605 3817 629 3870 1
672 3817 835 3870 Dent.
881 3818 963 3882 13,
1006 3819 1143 3873 1—3
1255 3820 1322 3874 23
1361 3819 1526 3873 Dent.
1571 3821 1653 3884 14,
1692 3820 1777 3874 27.
1819 3820 1887 3874 28
1928 3821 2039 3886 (28,
2077 3820 2165 3890 29)

499 3941 522 3993 1
567 3942 795 3994 surrexit
833 3942 958 3996 de
1064 3944 1097 3996 2
1135 3943 1259 4012 tibi]
1297 3944 1402 3996 sibi
1438 3943 1504 3997 N
1510 3944 1564 3997 U
1571 3943 1641 3994 V¹
1747 3948 1781 3998 4
1819 3962 1851 3998 a
1887 3944 1955 3998 N
2094 3951 2148 3999 et
2185 3946 2480 3999 seruiamus
2516 3960 2619 3998 om.
2659 3944 2719 3997 N

424 4028 507 4082 dis
553 4029 619 4083 N
755 4032 789 4084 5
837 4030 1119 4085 audieritis
1168 4032 1220 4084 V
1358 4034 1391 4086 6
1442 4033 1735 4087 somnianti
1784 4033 2129 4088 PS¹V¹U¹T
2270 4036 2301 4088 9
2354 4033 2570 4104 quidem
2608 4031 2726 4087 PU

424 4117 555 4187 quid
593 4126 621 4172 e
661 4120 723 4172 N
829 4122 894 4174 13
932 4119 1066 4173 facit
1102 4137 1198 4174 uos
1238 4120 1285 4175 S
1393 4123 1458 4175 16
1497 4122 1640 4175 sicut
1677 4122 1723 4175 ei
1763 4123 1830 4188 (si
1869 4141 1935 4176 m.
1975 4126 2016 4177 2
2049 4140 2092 4177 8.
2133 4123 2195 4193 1.)
2241 4122 2296 4177 U
2334 4124 2475 4176 sicut
2509 4120 2721 4175 PSVT

425 4207 569 4261 sicut
602 4225 709 4261 non
752 4207 808 4259 N
845 4208 921 4261 sic
961 4213 1021 4261 ut
1058 4208 1134 4262 bd
1334 4210 1397 4263 19
1436 4210 1690 4280 adposuit
1725 4212 1784 4264 N
1963 4213 2028 4266 21
2072 4212 2138 4266 ab
2166 4218 2300 4281 post
2335 4229 2494 4281 quam
2532 4226 2636 4265 om.
2673 4208 2722 4263 S

420 4296 491 4349 23
530 4295 764 4350 decimae
800 4297 864 4350 N
931 4297 1001 4350 26
1038 4297 1234 4352 uiduae
1273 4299 1323 4368 (e
1359 4299 1421 4351 in
1458 4301 1595 4368 ras.)
1641 4299 1695 4352 T
1776 4301 1844 4354 29
1882 4297 2053 4372 ἔργοις
2091 4320 2185 4353 σου
2225 4300 2341 4355 cod.
2380 4301 2539 4355 Alex.
2652 4314 2715 4351 ex

421 4384 553 4452 ista]
594 4384 842 4437 existima
877 4382 977 4437 PS
1012 4385 1259 4447 existima
1304 4386 1353 4439 Τ
1387 4403 1447 4439 ex
1485 4387 1594 4440 ista
1635 4388 1763 4453 (ista
1800 4406 1868 4442 m.
1906 4392 1947 4443 2
1984 4389 2140 4459 add.)
2188 4388 2240 4442 U
