3076 4976
225 1646 278 1686 10

226 2184 277 2223 15

223 2718 277 2759 20

222 3250 276 3289 25

934 472 1462 527 Adnotationum
1503 474 1565 527 in
1606 473 1722 527 Iob
1762 475 1939 528 liber
1974 475 2017 529 1.
2488 478 2609 541 591

318 667 489 731 oliua
543 667 722 733 fracti
783 673 932 731 sunt
986 668 1125 732 siue
1183 671 1499 731 sarmenta
1548 668 1623 732 de
1671 669 1804 733 uite
1864 671 2210 751 amputata,
2261 669 2425 732 unde
2474 669 2617 733 hae·

317 793 488 837 reses
540 778 603 839 et
650 774 996 838 schismata
1044 779 1256 838 exorta
1295 779 1464 839 sunt.
1513 780 1604 839 ut
1650 774 2098 839 ascendant
2142 776 2431 857 populi
2478 795 2614 858 pro

319 880 477 944 eis:
543 885 617 944 ut
680 882 1037 945 inserantur
1099 881 1346 945 infirma
1410 881 1603 944 huius
1671 881 1889 944 mundi
1966 881 2249 946 confusis
2323 882 2615 960 fortibus,

319 989 614 1069 quoniam
683 988 816 1070 qui
896 1008 975 1052 se
1048 987 1472 1064 humiliat,
1552 989 2095 1065 exaltabitur,
2175 993 2250 1052 et
2324 990 2458 1071 qui
2535 1008 2615 1053 se

320 1095 663 1171 exaltat,
739 1095 1349 1161 humiliabitur.
1428 1095 1566 1158 sed
1646 1115 1836 1158 cura
1910 1115 1996 1159 ne
2082 1095 2270 1176 quid
2354 1095 2614 1160 facias

319 1201 740 1265 indecens:
800 1221 876 1265 ne
932 1220 1157 1264 nomen
1218 1200 1454 1264 domini
1515 1201 1614 1264 dei
1677 1208 1740 1264 et
1788 1201 2074 1266 doctrina
2118 1201 2615 1284 blasphemetur,

319 1307 470 1371 dum
521 1308 759 1382 dicunt,
810 1328 1076 1391 quorum
1123 1307 1433 1370 iudicium
1485 1308 1728 1371 iustum
1780 1311 1911 1371 est:
1963 1308 2360 1372 faciamus
2410 1309 2616 1372 mala

319 1417 406 1478 ut
444 1415 780 1478 ueniant
818 1405 1041 1479 bona.
1091 1413 1237 1478 hoc
1288 1414 1491 1477 enim
1543 1414 1880 1497 elegisti
1935 1434 2175 1496 super
2221 1414 2612 1496 inopiam:

318 1541 440 1585 non
498 1523 704 1586 solum
764 1521 1015 1604 elegisti
1071 1519 1348 1602 inopiam
1411 1520 1791 1596 confitentiS‚
1842 1521 1953 1584 sed
2002 1540 2191 1603 super
2238 1522 2395 1585 hanc
2445 1521 2615 1584 uitae

318 1647 388 1690 ac
455 1647 702 1690 morum
767 1628 981 1704 decus,
1039 1633 1112 1690 ut
1169 1626 1453 1690 doctrina
1508 1628 1805 1691 salutaris
1866 1630 2120 1691 ornetur
2173 1629 2236 1691 in
2297 1628 2610 1692 omnibus.

320 1753 506 1798 ecce
565 1734 757 1797 deus
820 1733 1428 1806 consolabitur,
1485 1734 1623 1797 uel:
1685 1734 2212 1798 roborabitur
2258 1734 2331 1797 in
2380 1734 2611 1797 forti-

320 1840 600 1904 tudine
659 1860 832 1904 sua:
892 1841 1040 1921 quia
1087 1840 1208 1904 etsi
1258 1839 1717 1904 crucifixus
1767 1843 1890 1904 est
1938 1859 2022 1904 ex
2070 1841 2609 1916 infirmitate,

322 1947 456 2010 sed
514 1948 734 2011 uiuit
790 1967 874 2010 ex
933 1947 1250 2011 uirtute
1309 1946 1455 2012 dei.
1516 1947 1699 2028 quis
1758 1947 1962 2010 enim
2023 1951 2146 2011 est
2195 1948 2419 2012 sicut
2464 1948 2611 2011 ille

318 2053 657 2135 potens?
733 2055 860 2117 uel
942 2052 1122 2134 quis
1199 2054 1326 2115 est
1400 2053 1532 2133 qui
1602 2052 2017 2116 discutiat
2081 2052 2255 2116 eius
2324 2056 2610 2134 opera?

317 2165 640 2240 tamquam
702 2159 987 2223 iudicans
1054 2159 1130 2222 de
1193 2159 1329 2234 illo,
1398 2177 1543 2222 cum
1610 2159 1745 2242 ipse
1813 2160 1899 2222 sit
1953 2159 2137 2222 iudex
2192 2160 2490 2224 uiuorum
2550 2165 2615 2223 et

316 2269 733 2330 mortuorum.
811 2272 949 2330 aut
1021 2265 1202 2347 quis
1279 2268 1403 2328 est
1479 2264 1614 2346 qui
1692 2264 1946 2328 dicat:
2025 2266 2198 2349 egit
2279 2265 2609 2346 inique?

317 2376 709 2436 memento
760 2373 942 2455 quia
990 2391 1273 2455 magna
1322 2373 1510 2435 sunt
1560 2389 1799 2453 opera
1847 2371 2056 2448 eiu8‚
2107 2391 2304 2452 quae
2343 2372 2613 2435 lauda-

316 2483 610 2543 uerunt
665 2479 859 2545 uiri:
919 2478 1348 2563 euangelistae
1406 2482 1594 2560 atque
1653 2497 1870 2542 omnes
1917 2477 2383 2559 praedicatores
2432 2479 2610 2542 uerbi

316 2585 666 2651 ministerio
709 2607 824 2651 suo
865 2587 1002 2650 uita
1039 2589 1479 2668 congruentes.
1534 2585 1792 2648 omnis
1841 2585 2068 2649 homo
2118 2585 2475 2667 respicit
2521 2585 2608 2648 ad

319 2712 522 2756 eum:
581 2713 824 2757 memor
876 2693 1262 2757 infirmitatis
1319 2693 1649 2757 humanae.
1712 2692 2199 2773 quicumque
2250 2710 2612 2774 compun-

319 2802 619 2882 guntur
694 2800 1090 2863 homines:
1169 2798 1554 2882 paenitentia
1616 2801 2019 2881 peccatorum
2084 2799 2371 2863 homines
2441 2803 2610 2863 sunt.

319 2924 502 2969 ecce
552 2906 745 2970 deus
794 2908 1136 2983 multUS,
1189 2913 1263 2971 et
1310 2907 1808 2971 nesciemus:
1857 2907 2202 2982 multu3‚
2255 2907 2403 2987 quia
2445 2906 2613 2970 sicut

320 3013 771 3077 abundauit
829 3018 1288 3095 peccatum,
1349 3013 2064 3097 superabundauit
2130 3014 2429 3096 gratia;
2496 3032 2612 3076 ne-

319 3120 671 3185 sciemus
740 3125 951 3184 autem
1017 3140 1088 3183 ex
1150 3140 1418 3203 persona
1483 3140 1701 3185 eorum
1750 3120 1990 3183 dictum
2048 3122 2166 3195 est,
2215 3140 2483 3202 quorum
2542 3139 2614 3182 ex

317 3231 494 3309 parte
579 3227 849 3290 caecitas
927 3228 1096 3290 facta
1179 3231 1294 3304 est,
1383 3227 1633 3290 donec
1716 3225 2152 3309 plenitudo
2241 3226 2605 3309 gentium

316 3333 687 3398 intraret.
741 3353 1118 3398 numerus
1169 3353 1609 3397 annnorum
1660 3333 1835 3396 eius
1884 3332 2317 3396 infinitus:
2358 3335 2614 3413 propter

495 3544 527 3596 2
565 3543 662 3595 Iob
703 3544 789 3603 36,
828 3543 898 3596 20
1043 3544 1074 3595 3
1117 3543 1180 3595 cf.
1220 3543 1248 3595 I
1289 3542 1405 3595 Cor.
1461 3545 1502 3605 1,
1541 3542 1607 3595 27
1754 3542 1789 3593 4
1829 3540 1894 3595 cf.
1934 3540 2060 3596 Luc.
2104 3540 2187 3601 14,
2231 3539 2291 3592 11
2442 3541 2473 3592 5
2510 3538 2609 3591 Iob

314 3633 385 3686 36
423 3633 487 3685 21
606 3633 634 3684 7
673 3634 825 3685 Rom.
865 3632 916 3689 3,
955 3633 987 3685 8
1097 3634 1129 3685 8
1169 3632 1265 3685 Iob
1307 3632 1393 3689 36,
1431 3632 1497 3684 21
1634 3632 1694 3683 11
1736 3629 1833 3683 101)
1874 3630 1959 3691 36,
1999 3630 2068 3681 22
2182 3628 2248 3681 12
2289 3628 2355 3681 cf.
2396 3628 2450 3680 11
2491 3626 2610 3680 Cor.

318 3722 401 3785 13,
440 3724 474 3774 4
596 3723 659 3775 13
699 3721 793 3775 Iob
833 3724 920 3784 36,
960 3723 1028 3776 22
1151 3724 1232 3775 14.
1276 3723 1340 3773 16
1379 3721 1475 3773 Iob
1517 3720 1603 3779 36,
1643 3721 1711 3773 23
1847 3721 1907 3772 17
1948 3718 2044 3771 Iob
2084 3718 2171 3781 36,
2212 3718 2281 3770 24
2410 3717 2474 3769 19
2512 3716 2610 3769 Iob

313 3812 401 3875 36,
440 3812 508 3863 25
620 3812 688 3864 20
726 3811 823 3864 Iob
862 3813 948 3870 36,
988 3812 1056 3863 25
1167 3812 1235 3864 22
1272 3810 1371 3862 101)
1411 3812 1498 3871 36,
1537 3810 1606 3862 26
1762 3810 1829 3861 23
1868 3808 1933 3862 cf.
1973 3809 2123 3861 Rom.
2164 3809 2214 3873 5,
2255 3807 2323 3859 20
2434 3808 2501 3858 25
2541 3804 2609 3857 cf.

313 3901 469 3954 Rom.
513 3901 596 3963 11,
637 3903 703 3954 ‘25
814 3901 882 3953 26
919 3900 1016 3952 Iob
1057 3901 1144 3961 36,
1184 3900 1252 3952 26

386 4025 421 4076 4
460 4023 965 4077 et—humiliabitur
1001 4039 1102 4075 om.
1150 4021 1197 4074 C
1267 4023 1295 4074 7
1334 4022 1597 4074 iniustum
1646 4020 1773 4073 TCb
1864 4020 1897 4073 8
1937 4020 2194 4072 eueniant
2232 4019 2262 4072 b
2357 4018 2418 4071 11
2453 4015 2607 4084 deus]

315 4114 479 4167 decus
524 4113 572 4166 Ο
747 4113 1112 4166 consolabitur
1148 4126 1249 4163 om.
1291 4110 1477 4164 SHier
1658 4110 1941 4161 roburatus
1980 4108 2026 4161 S
2206 4109 2272 4161 12
2311 4107 2436 4175 etsi]
2478 4105 2524 4157 si
2569 4104 2616 4156 C

318 4205 387 4257 14
423 4219 588 4273 opera
616 4203 731 4255 eius
758 4202 879 4255 C'bd
955 4202 1017 4254 16
1048 4201 1162 4269 egit
1189 4200 1397 4268 inique]
1431 4200 1478 4251 ei
1510 4199 1692 4268 inique
1723 4198 1905 4250 TPCb
2014 4197 2202 4265 iniqua
2231 4195 2277 4249 S
2349 4196 2413 4249 17
2446 4196 2608 4262 quae]

316 4308 476 4362 quem
522 4290 675 4345 TPG
782 4292 846 4344 19
883 4290 1138 4360 respiciat
1175 4288 1219 4342 S
1361 4288 1430 4341 ad
1468 4304 1569 4341 om.
1609 4287 1654 4341 S
1744 4286 1812 4339 20
1851 4286 1994 4353 eum]
2038 4286 2194 4338 deum
2233 4285 2288 4337 P
2375 4285 2440 4338 21
2483 4300 2608 4352 pec·

315 4387 525 4435 catores
563 4382 618 4433 P
