3076 4976
596 490 1068 555 Quaestionum
1107 488 1221 543 lib.
1258 489 1305 542 V
1346 489 1636 556 (Quaest.
1680 490 1754 545 de
1794 491 2357 562 Deuteronomio).
2499 498 2632 561 413

327 685 627 750 dominus
693 685 754 747 in
824 684 1190 767 euangelio:
1261 685 1324 749 si
1381 705 1520 750 non
1580 686 1967 750 uenissem
2027 690 2100 751 et
2154 688 2462 753 locutus
2521 689 2629 752 eis

330 793 680 867 fuissem,
732 796 1129 874 peccatum
1177 812 1315 856 non
1364 792 1752 860 haberent.
1802 812 1924 857 non
1973 794 2196 876 utique
2246 814 2458 871 omne,
2519 797 2631 860 sed

331 898 449 963 hoc
498 902 857 980 peccatum,
908 897 1076 980 quod
1123 917 1245 962 non
1287 898 1689 963 crediderunt
1726 899 1788 963 in
1830 919 1998 965 eum.
2050 900 2204 965 dicit
2243 902 2431 965 etiam
2472 902 2629 968 deus

331 1004 411 1068 ad
446 1004 820 1069 Abimelech
862 1005 937 1069 de
979 1003 1159 1070 Sarra
1208 1024 1396 1070 uxore
1444 1004 1762 1070 Abrahae:
1815 1007 1971 1072 scio
2021 1006 2192 1088 quia
2240 1007 2310 1072 in
2360 1009 2627 1075 mundo

266 1142 294 1180 ὁ
333 1111 554 1176 corde
602 1111 863 1176 fecisti
918 1112 1082 1186 lioc;
1132 1130 1255 1175 nou
1306 1112 1529 1194 utique
1576 1112 1886 1176 mundum
1935 1112 2112 1176 illius
2153 1115 2386 1178 corita
2424 1116 2632 1179 uoluit

327 1218 636 1302 intellegi,
697 1221 770 1282 ut
825 1217 1056 1283 similis
1114 1218 1206 1282 eis
1266 1222 1458 1296 esset,
1509 1218 1588 1283 de
1646 1219 1879 1301 quibus
1938 1219 2180 1284 dictum
2240 1227 2365 1285 est:
2422 1222 2628 1286 beati

327 1324 582 1389 mundi
633 1324 876 1402 eorde,
926 1325 1275 1407 quoniam
1325 1324 1474 1406 ipsi
1523 1325 1738 1389 deum
1785 1325 2176 1403 uidebunt,
2228 1327 2340 1392 sed
2387 1328 2463 1391 ab
2514 1328 2624 1393 illo

328 1435 612 1513 peccatO,
683 1431 758 1495 de
827 1450 949 1513 quo
1019 1432 1345 1513 agebatur,
1413 1432 1723 1495 mundum
1791 1451 1898 1496 cor
1962 1432 2255 1509 habebat,
2329 1434 2626 1517 quoniam

328 1543 637 1619 quantum
712 1536 790 1601 ad
865 1536 1077 1619 ipsum
1153 1536 1508 1619 pertinebat
1584 1557 1705 1602 non
1772 1538 2221 1620 concupiuerat
2287 1540 2624 1623 coniugem

235 1674 286 1711 ιο
327 1644 614 1709 alienam.

415 1751 582 1814 LIII.
652 1751 742 1815 Et
798 1749 1455 1834 circumpurgabit
1512 1751 1858 1816 dominus
1926 1770 2051 1816 cor
2107 1756 2314 1817 tuum
2373 1758 2445 1816 et
2501 1772 2626 1818 cor

327 1856 642 1921 seminis
718 1857 834 1921 tui
912 1856 1237 1940 diligere
1316 1856 1692 1922 dominum
1759 1857 1972 1922 deum
2040 1862 2246 1922 tuum
2317 1879 2395 1923 ex
2461 1863 2622 1925 toto

326 1964 549 2029 corde
608 1969 735 2029 tuo
795 1968 867 2028 et
925 1983 1005 2028 ex
1064 1967 1223 2028 tota
1281 1963 1522 2028 anima
1579 1968 1736 2043 tua,
1787 1970 1869 2029 ut
1916 1966 2132 2029 uiuas
2182 1970 2281 2030 tu.
2362 1966 2622 2032 euidens

323 2071 701 2153 pollicitatio
774 2070 1040 2153 gratiae;
1118 2071 1433 2152 promittit
1507 2071 1674 2135 enim
1743 2072 1897 2136 deus
1964 2091 2034 2135 se
2099 2090 2236 2135 esse
2302 2073 2620 2137 facturum

232 2209 286 2247 η
324 2176 493 2259 quod
542 2178 708 2241 solet
751 2177 967 2241 iubere
1016 2181 1091 2241 ut
1135 2177 1265 2242 fiat.

413 2283 613 2347 LIIII.
665 2279 855 2361 Quia
901 2282 1334 2346 mandatum
1372 2282 1507 2346 hoc
1549 2282 1742 2364 quod
1782 2302 1915 2365 ego
1954 2282 2213 2346 mando
2253 2282 2358 2346 ibi
2398 2283 2615 2348 hodie

324 2408 463 2454 non
514 2394 632 2454 est
680 2408 906 2471 supra
953 2389 1247 2453 modum
1298 2408 1536 2471 neque
1583 2390 1805 2472 longe
1856 2391 1986 2454 abs
2033 2394 2106 2454 te
2156 2395 2299 2465 est;
2358 2390 2613 2455 nonin

322 2498 531 2561 caelo
589 2501 703 2562 est
763 2497 1022 2561 dicens
1077 2533 1167 2542 —
1223 2497 1288 2561 id
1347 2504 1445 2561 est
1509 2501 1584 2561 ut
1649 2497 1822 2561 dicas
1878 2535 1964 2544 —
2023 2498 2190 2579 quis
2257 2496 2616 2562 ascendet

322 2603 541 2668 nobis
590 2603 663 2667 in
713 2605 1006 2668 caelum
1055 2607 1129 2668 et
1175 2603 1508 2686 accipiet
1564 2604 1780 2668 nobis
1838 2604 2030 2668 illud
2089 2612 2161 2667 et
2217 2603 2613 2667 audientes

225 2745 279 2780 ,ο
323 2709 521 2774 illud
570 2710 983 2775 faciemus?
1034 2729 1271 2792 neque
1320 2714 1526 2774 trans
1576 2729 1772 2775 mare
1822 2715 1936 2775 est
1983 2711 2239 2775 dicens
2280 2709 2469 2774 —id
2517 2714 2617 2773 est

321 2820 394 2880 ut
464 2816 637 2881 dicas
710 2854 785 2863 —
856 2817 1025 2899 quis
1100 2817 1640 2882 transfretabit
1715 2817 1928 2882 nobis
2008 2821 2214 2881 trans
2280 2836 2476 2881 mare
2544 2822 2616 2880 et

320 2922 661 3004 accipiet
744 2924 960 2989 nobis
1047 2924 1243 2989 illud
1318 2928 1389 2987 et
1464 2924 1860 2987 audientes
1937 2923 2131 2987 illud
2203 2924 2612 2988 faciemus?

317 3049 545 3112 prope
613 3034 781 3102 <te>
848 3034 965 3094 est
1030 3030 1342 3094 uerbum
1404 3032 1537 3093 hoc
1600 3030 1819 3094 ualde
1888 3030 1957 3094 in
2025 3049 2143 3094 ore
2210 3032 2336 3095 tuo
2406 3034 2475 3094 et
2539 3030 2611 3094 in

319 3136 537 3200 corde
597 3139 725 3202 tuo
786 3142 859 3202 et
915 3138 985 3200 in
1052 3138 1394 3201 manibus
1460 3137 1617 3200 tuis
1685 3138 1930 3201 faeere
1996 3135 2212 3202 illud.
2294 3137 2412 3200 hoc
2473 3154 2611 3201 esse

214 3281 276 3319 25
322 3244 586 3308 uerbum
636 3243 785 3308 fidei
833 3243 989 3308 dicit
1037 3244 1387 3325 apostolus,
1437 3243 1608 3326 quod
1664 3243 1741 3307 ad
1798 3263 2037 3308 nouum
2093 3243 2368 3325 pertinet
2422 3246 2613 3306 testa-

316 3356 626 3414 mentum.
702 3350 813 3414 sed
860 3351 1076 3432 quaeri
1122 3353 1353 3432 potest,
1405 3369 1515 3414 cur
1563 3369 1634 3415 ea
1681 3351 1974 3431 superius
2023 3348 2320 3413 mandata
2366 3349 2609 3425 dixerit,

318 3474 477 3537 quae
529 3456 763 3538 scripta
808 3459 962 3520 sunt
1009 3456 1070 3519 in
1120 3456 1280 3521 libro
1328 3456 1490 3540 legis
1540 3455 1754 3532 huius,
1804 3456 1924 3519 nisi
1974 3456 2119 3537 quia
2168 3455 2267 3518 liis
2317 3456 2609 3520 omnibus

316 3562 628 3644 spiritalia
686 3562 1126 3646 significantur
1182 3563 1260 3626 ad
1316 3582 1554 3626 nouum
1605 3564 2059 3626 testamentum
2110 3563 2504 3645 pertinentia,
2556 3563 2609 3626 si

494 3758 520 3808 1
563 3753 679 3809 Ioh.
724 3756 804 3812 15.
844 3755 911 3808 22
1040 3757 1074 3808 4
1113 3719 1247 3810 Gen'.
1286 3755 1373 3816 ρο,
1414 3757 1445 3808 6
1577 3755 1608 3807 6
1648 3754 1843 3807 Matth.
1884 3755 1934 3812 5.
1974 3753 2004 3807 s
2144 3756 2201 3807 11
2246 3754 2407 3806 nent.
2448 3753 2534 3816 30,
2575 3756 2606 3806 6

318 3845 382 3897 16
420 3845 584 3898 Dent.
625 3845 711 3908 30,
757 3845 965 3898 11—14
1074 3845 1142 3898 25
1184 3844 1248 3900 cf.
1288 3843 1441 3897 Rom.
1485 3843 1569 3906 10,
1609 3843 1640 3895 8
1753 3843 1821 3895 26
1861 3843 1929 3896 cf.
1969 3842 2132 3896 Dent.
2174 3843 2259 3896 529.
2301 3843 2362 3894 ‘21

385 3967 418 4021 3
449 3985 553 4037 quo
585 3967 932 4022 PSNI'L'bd
1058 3966 1389 4021 crediderint
1428 3967 1532 4020 VT
1628 3969 1661 4020 4
1688 3966 1742 4019 in
1774 3983 1891 4035 exp.
1933 3967 1978 4016 V
2069 3969 2100 4019 6
2132 3967 2181 4019 ei
2220 3966 2272 4018 U
2361 3967 2389 4017 7
2421 3966 2605 4019 mundi

306 4058 536 4126 scripsi:
592 4056 790 4110 mundo
849 4057 980 4110 libri
1163 4058 1222 4110 11
1284 4056 1744 4125 circumpurgauit
1798 4055 1980 4109 PS¹I5
2032 4054 2498 4124 circumpugmabit
2550 4055 2614 4107 N

316 4149 382 4202 12
422 4146 579 4200 deum
620 4163 721 4201 om.
760 4147 932 4200 PNT
1022 4148 1087 4200 18
1126 4147 1373 4200 ascendit
1411 4146 1603 4200 1³U¹T
1697 4147 1758 4199 19
1789 4162 1878 4213 pr.
1921 4163 1949 4196 e
1988 4144 2143 4197 nobis
2182 4143 2227 4197 S
2261 4143 2316 4206 in
2355 4143 2511 4196 nobis
2559 4143 2611 4196 U

307 4236 376 4289 21
422 4237 513 4305 qui
550 4236 625 4288 12¹
800 4236 1177 4289 transfretauit
1213 4235 1473 4289 PS¹U¹T
1638 4233 1794 4287 uobis
1843 4232 1912 4284 1³¹
2057 4233 2124 4284 ‘22
2163 4231 2250 4283 καὶ
2289 4230 2604 4292 ἀπισώσαντες

307 4323 474 4394 ἀυτήν
514 4325 633 4378 cod.
672 4325 830 4379 Alex.
1014 4325 1085 4379 23
1123 4328 1178 4378 te
1219 4324 1419 4378 addidi
1599 4323 1669 4376 24
1708 4322 1908 4376 faceret
1947 4321 2006 4374 N
2169 4321 2236 4373 26
2277 4319 2509 4372 dixerint
2547 4319 2611 4372 N

304 4412 378 4465 27
415 4414 555 4482 legis
593 4430 695 4468 om.
737 4414 800 4466 S²
