3076 4976
435 491 564 553 470
1132 487 1185 539 S.
1243 486 1518 539 Aureli
1579 486 2014 555 Augustini

434 682 627 745 etiam
677 682 769 745 sic
819 679 1154 744 exaudiens
1205 680 1556 744 offerentes.
1606 679 1727 744 hoc
1768 685 2001 756 autem,
2045 681 2214 763 quod
2255 681 2510 746 Gedeon
2551 680 2724 753 fecit,

437 789 580 870 quis
646 808 767 853 non
835 787 1168 870 intellegat
1232 806 1343 869 per
1407 787 1705 870 angelum
1771 791 2176 869 procuratum
2233 791 2307 853 ut
2360 788 2727 869 prophetice

435 896 635 971 fieret,
684 896 748 958 in
798 915 922 977 qua
959 895 1292 977 prophetia
1328 903 1507 976 petra
1545 893 1655 957 illa
1694 894 2279 958 commendaretur?
2328 894 2430 959 cui
2470 894 2726 976 quidem

437 1007 650 1085 petrae
708 1021 828 1066 non
888 1001 1311 1065 sacrificatum
1371 1003 1489 1078 est,
1540 1000 1650 1064 sed
1708 1000 1783 1064 de
1829 1001 1943 1065 illa
1987 1001 2152 1084 ignis
2202 1005 2730 1065 commemoratur

439 1110 662 1187 exisse,
724 1128 848 1191 quo
907 1108 1289 1172 sacrificium
1347 1110 1845 1174 consumeretur.
1913 1109 2051 1172 siue
2108 1108 2275 1172 enim
2323 1128 2433 1191 per
2478 1126 2728 1190 aquam,

439 1234 625 1298 quam
674 1234 977 1299 percussa
1022 1218 1198 1297 petra
1246 1214 1470 1279 effudit
1514 1214 1578 1277 in
1629 1233 1859 1289 erem0,
1900 1215 2038 1279 siue
2085 1234 2196 1297 per
2241 1215 2454 1298 ignem
2494 1215 2726 1279 donum

439 1323 704 1404 spiritus
764 1323 966 1387 saneti
1024 1322 1438 1407 significatur,
1490 1321 1657 1403 quod
1717 1321 2030 1385 ditissime
2089 1321 2380 1385 dominus
2439 1321 2730 1387 Christus

441 1429 665 1493 effudit
721 1449 910 1511 super
968 1447 1103 1492 nos.
1169 1447 1312 1491 nam
1370 1432 1434 1491 et
1487 1428 1550 1491 in
1609 1427 1938 1511 euangelio
1989 1427 2418 1511 significatum
2467 1431 2564 1492 est
2611 1428 2732 1492 hoc

442 1536 678 1600 donum
735 1556 845 1618 per
901 1554 1151 1617 aquam,
1212 1533 1321 1598 ubi
1386 1534 1525 1614 ipse
1592 1533 1886 1598 dominus
1952 1534 2069 1597 ait:
2138 1534 2205 1597 si
2271 1535 2451 1616 quis
2519 1534 2732 1609 sitit,

445 1642 724 1705 ueniat
772 1645 848 1705 et
892 1642 1145 1706 bibat.
1197 1642 1332 1723 qui
1379 1640 1643 1705 credit
1690 1641 1763 1703 in
1806 1660 1939 1717 me,
1982 1640 2203 1705 sicut
2242 1640 2447 1704 dicit
2487 1642 2729 1722 scrip-

442 1754 642 1824 tura,
690 1749 1039 1812 flumina
1099 1748 1186 1811 de
1245 1751 1530 1812 uentre
1589 1747 1764 1812 eius
1821 1746 2090 1812 fluent
2147 1767 2397 1830 aquae
2459 1748 2728 1838 uiuae3

444 1854 556 1918 ubi
588 1855 985 1938 euangelista
1017 1854 1367 1918 subiunxit:
1410 1854 1559 1919 hoc
1598 1858 1863 1918 autem
1915 1854 2242 1918 dicebat
2290 1855 2377 1919 de
2426 1855 2732 1937 spiritu

445 1981 673 2043 quem
722 1962 1146 2043 accepturi
1195 1965 1422 2024 erant
1470 1960 1899 2025 credentes
1947 1961 2022 2025 in
2064 1980 2256 2025 eum.
2303 1961 2734 2045 significatum

446 2071 546 2132 est
592 2071 655 2132 et
701 2087 814 2150 per
856 2069 1092 2151 ignem,
1131 2067 1243 2132 ubi
1280 2067 1573 2132 ueniente
1620 2067 1732 2133 illo
1782 2087 1973 2151 super
2009 2072 2427 2152 congregatos
2465 2069 2735 2152 legitur:

446 2175 675 2239 uisae
735 2178 920 2238 sunt
976 2174 1157 2238 illis
1214 2174 1548 2257 linguae
1607 2174 1926 2239 diuisae
1993 2175 2226 2239 uelut
2287 2175 2531 2259 igniS,
2600 2175 2734 2256 qui

447 2284 523 2343 et
578 2281 898 2345 insedit
953 2300 1195 2363 super
1251 2300 1900 2363 unumquemque
1959 2300 2255 2356 eorum;
2317 2285 2378 2345 et
2435 2282 2571 2363 ipse
2629 2282 2736 2345 do·

450 2387 660 2451 minus
713 2387 827 2452 ait:
878 2388 1142 2471 ignem
1192 2389 1376 2452 ueni
1425 2388 1752 2451 mittere
1799 2391 2400 2469 superterram.

534 2495 857 2559 XXXVII.
906 2496 1002 2559 Et
1047 2495 1319 2559 factus
1371 2499 1496 2559 est
1532 2514 1911 2559 numerus
1953 2514 2224 2558 eorum
2265 2497 2397 2577 qui
2438 2496 2736 2560 lambu-

446 2605 680 2665 erunt
736 2621 964 2665 manu
1023 2620 1184 2678 sua,
1241 2600 1527 2684 lingua
1585 2620 1726 2665 sua
1783 2601 2137 2665 trecenti
2205 2601 2384 2665 uiri.
2451 2602 2736 2683 plerique

445 2707 623 2771 latini
693 2707 944 2771 codices
1011 2725 1130 2770 non
1200 2706 1433 2770 habent
1502 2727 1768 2782 „manu
1837 2715 2043 2784 sua“‚
2110 2708 2220 2771 sed
2294 2708 2737 2772 tantummodo

454 2815 774 2898 „lingua
824 2821 1028 2890 sua“,
1080 2813 1375 2895 quoniam
1426 2813 1517 2877 sic
1563 2814 2011 2878 intellexerunt
2059 2814 2228 2895 quod
2267 2834 2458 2897 supra
2495 2814 2736 2879 dictum

452 2925 577 2985 est:
650 2922 871 2985 sicut
927 2939 1198 2994 canes;
1259 2939 1522 3003 graecus
1574 2924 1784 2985 autem
1834 2923 2176 3003 utrumque
2223 2921 2440 2986 habet:
2509 2941 2737 2986 manu

451 3048 613 3106 sua,
662 3029 947 3112 lingua
994 3045 1156 3103 sua,
1205 3033 1278 3090 ut
1324 3027 1733 3111 intellegatur
1780 3028 1949 3110 quod
1996 3047 2187 3092 manu
2226 3048 2452 3110 aquam
2493 3032 2738 3110 raptam

447 3135 510 3198 in
571 3154 641 3199 os
698 3134 1109 3217 proiciebant.
1162 3136 1225 3197 et
1270 3134 1388 3198 hoc
1438 3137 1573 3198 erat
1620 3135 1827 3199 simile
1876 3134 2241 3199 bibentibus
2291 3135 2577 3212 canibuS,
2628 3137 2738 3217 qui

448 3260 571 3305 non
622 3260 723 3305 ore
774 3240 1063 3323 adposito
1114 3241 1282 3304 sicut
1328 3240 1525 3306 boues
1568 3260 1794 3322 aquam
1835 3241 2077 3306 ducunt
2115 3262 2301 3324 quam
2340 3242 2585 3314 bibunt,
2627 3242 2742 3307 sed
2803 3279 2831 3317 5

448 3348 667 3430 lingua
731 3347 791 3409 in
861 3365 931 3410 os
996 3347 1270 3427 rapiunt,
1330 3348 1499 3411 sicut
1557 3348 1744 3412 etiam
1803 3348 1913 3412 isti
1970 3350 2201 3413 fecisse
2261 3349 2740 3432 intelleguntur,

451 3454 561 3516 sed
620 3472 763 3516 cum
822 3472 1009 3516 mann
1067 3453 1127 3516 in
1180 3472 1247 3517 os
1297 3473 1523 3535 aquam
1571 3455 1944 3536 proicerent,
1996 3476 2181 3539 quam
2231 3456 2451 3540 lingua
2498 3456 2740 3537 excipe·

449 3563 605 3622 rent.
672 3578 816 3622 nam
875 3564 939 3623 et
992 3560 1425 3643 interpretatio
1485 3581 1556 3624 ex
1615 3561 1880 3627 hebraeo
1936 3563 2187 3646 planius
2251 3563 2316 3627 id
2383 3564 2571 3627 habet
2638 3563 2740 3626 his

632 3821 664 3873 5
704 3819 770 3874 cf.
810 3819 967 3873 Num.
1008 3821 1092 3882 20,
1138 3822 1197 3874 11
1328 3823 1360 3874 9
1399 3821 1514 3876 Ioh.
1556 3823 1606 3884 7,
1646 3822 1856 3876 37—39
1991 3824 2055 3876 15
2092 3822 2211 3876 Act.
2252 3824 2300 3886 2,
2341 3825 2373 3878 3
2504 3825 2568 3877 17
2607 3825 2738 3878 Luc.

452 3909 535 3968 12,
577 3910 647 3963 49
761 3909 826 3963 18
863 3909 980 3964 Iud.
1021 3913 1070 3972 7,
1110 3912 1142 3964 6
1253 3911 1320 3964 22
1358 3910 1473 3964 Iud.
1515 3912 1567 3977 7,
1605 3912 1639 3964 ὅ
1748 3911 1816 3964 28
1857 3911 1922 3964 cf.
1963 3911 2183 3965 Hieron.
2222 3916 2263 3966 t.
2293 3911 2521 3964 XXVIII
2552 3929 2601 3981 p.
2632 3914 2741 3966 518

524 4053 557 4104 4
598 4057 1102 4106 commemoraretur
1148 4053 1198 4106 T
1336 4052 1367 4105 8
1406 4054 1507 4106 hoc
1546 4069 1648 4106 om.
1685 4052 1751 4106 N
1887 4054 1920 4106 9
1969 4053 2215 4107 dominus
2261 4068 2401 4107 era-e.
2438 4052 2505 4115 P,
2544 4068 2628 4106 om
2695 4052 2748 4105 Γ

453 4141 594 4209 sitit]
636 4142 795 4195 scitat
835 4141 900 4195 N
970 4142 1035 4196 10
1075 4142 1209 4195 dixit
1248 4142 1293 4196 S
1367 4142 1430 4195 12
1470 4141 1753 4211 subiungit
1788 4143 1850 4197 N
1925 4143 1988 4197 18
2027 4142 2278 4195 lauerunt
2315 4140 2380 4194 N
2446 4142 2514 4194 20
2551 4157 2744 4193 manus

453 4247 576 4283 suas
607 4231 667 4283 N
766 4231 833 4284 22
872 4229 1038 4284 habet
1076 4237 1360 4301 utrumque
1391 4231 1466 4284 bd
1573 4228 1626 4280 ἐν
1655 4231 1789 4301 χειρὶ
1818 4228 1986 4284 abram
2017 4231 2133 4285 cod.
2174 4231 2318 4292 Vah,
2348 4228 2401 4281 ἐν
2431 4235 2491 4298 τῇ
2523 4226 2743 4299 γλώσσῃ

455 4315 625 4371 αὒτῶν
663 4320 778 4377 cod.
818 4321 977 4374 Alex.
1017 4325 1067 4373 et
1104 4319 1241 4389 Lay.
1352 4318 1420 4374 25
1461 4320 1711 4389 opposito
1751 4320 1796 4373 S
1902 4322 1968 4374 26
2007 4321 2111 4373 istc
2151 4319 2216 4373 N
2359 4316 2749 4384 intelliguntur

453 4407 644 4460 secisse
684 4407 757 4461 bd
863 4409 930 4462 27
972 4407 1067 4461 sed
1105 4423 1207 4462 om.
1256 4407 1303 4460 T

2774 1665 2826 1705 10

2777 2207 2829 2245 ¹5
