3076 4976
326 1644 374 1682 10

320 2188 370 2225 15

311 2723 367 2763 20

673 465 1154 531 Quaestionum
1195 465 1307 519 lib.
1348 465 1395 517 V
1436 464 1724 531 (Quaest.
1767 465 1843 520 de
1883 466 2446 531 Deuteronomio).
2577 469 2699 532 391

412 664 599 726 ante
649 660 1053 726 dominum
1103 660 1330 724 deum
1377 663 1624 726 tuum.
1675 660 1729 724 si
1779 661 1947 725 enim
1995 661 2071 724 ab
2121 659 2418 725 uniuerso
2467 661 2704 744 populo

410 769 561 833 haec
611 772 976 851 pentecoste
1025 767 1203 832 iussa
1250 772 1349 832 est
1396 768 1741 845 obseruari,
1791 767 2101 850 numquid
2161 787 2380 832 omnes
2428 787 2554 832 uno
2603 768 2703 832 die

411 875 791 939 credendum
858 878 957 939 est
1013 875 1239 938 falcem
1307 875 1519 939 iussos
1587 875 1838 940 mittere
1886 875 1949 939 in
2016 879 2337 938 messem?
2388 875 2442 938 si
2489 878 2703 939 autem

409 982 533 1046 sibi
600 982 867 1064 quisque
935 981 1234 1046 obseruat
1296 982 1486 1046 istam
1536 981 2128 1066 quinquagesimam
2178 980 2578 1046 dinumerans
2628 981 2703 1045 ab

409 1089 519 1153 illo
570 1089 668 1153 die
718 1108 841 1171 quo
890 1088 1117 1153 falcem
1162 1088 1384 1165 mittit,
1433 1108 1555 1153 non
1603 1108 1728 1151 una
1776 1091 1874 1152 est
1920 1088 2217 1152 uniuerso
2278 1088 2542 1171 popu103
2592 1089 2703 1152 illa

408 1216 557 1260 uero
608 1216 733 1260 una
781 1200 879 1260 est
926 1215 1084 1278 quae
1134 1198 1516 1277 conputatur
1568 1196 1647 1260 ab
1693 1195 2124 1260 immolatione
2172 1195 2446 1276 paschae
2499 1214 2703 1277 usque

410 1303 471 1366 in
522 1303 687 1367 diem
739 1303 918 1367 datae
965 1303 1126 1386 legis
1174 1303 1236 1365 in
1289 1300 1460 1367 Sina.

500 1410 729 1474 XXVI.
782 1409 860 1474 Si
912 1412 1177 1474 autem
1225 1409 1679 1474 intraueris
1728 1410 1804 1473 in
1855 1412 2147 1474 terram
2200 1429 2427 1492 quam
2469 1409 2701 1472 domi-

414 1535 556 1580 nus
627 1516 823 1580 deus
891 1518 1082 1579 tuus
1140 1515 1276 1580 dat
1332 1514 1488 1579 tibi
1538 1514 1614 1578 in
1677 1518 1897 1579 sorte
1955 1519 2030 1578 et
2087 1514 2700 1579 hereditaueris

417 1642 577 1686 eam
658 1627 735 1687 et
808 1621 1329 1687 habitaueris
1407 1623 1482 1686 in
1555 1643 1657 1700 ea,
1725 1628 1804 1687 et
1870 1623 2124 1687 dices:
2201 1622 2702 1686 constituam

410 1749 653 1813 super
709 1747 822 1792 me
882 1728 1301 1811 principes
1363 1730 1583 1795 sicut
1640 1734 1717 1795 et
1773 1733 2094 1794 ceterae
2153 1733 2440 1813 gentes
2501 1747 2700 1810 quae

409 1835 627 1900 circa
692 1855 806 1900 me
874 1840 1086 1900 sunt.
1154 1836 1746 1902 constituendo
1816 1838 2242 1901 consitues
2311 1852 2556 1918 super
2620 1840 2698 1901 te

407 1942 880 2024 principem,
913 1961 1141 2023 quem
1173 1943 1528 2026 elegerit
1558 1942 1932 2007 dominus
1965 1942 2374 2005 deustuus
2405 1940 2697 2022 ipsum;

409 2068 492 2112 ex
551 2048 957 2112 fratribus
1025 2049 1195 2113 tuis
1255 2050 1723 2114 constitues
1783 2068 2029 2130 super
2085 2052 2161 2112 te
2217 2046 2699 2129 principem3
2761 2074 2762 2077 ¹

410 2176 558 2220 non
598 2156 912 2238 poteris
954 2156 1471 2222 constituere
1510 2158 1857 2239 superte
1887 2155 2291 2219 hominem
2324 2154 2696 2230 alienum,

409 2261 597 2344 quia
642 2280 790 2325 non
840 2265 966 2327 est
1020 2262 1278 2325 frater
1331 2264 1543 2327 tuus,
1593 2261 1810 2344 quaen‘
1865 2264 2079 2342 potest
2136 2280 2247 2324 cur
2303 2259 2701 2341 displicuerit

405 2369 679 2452 populus
741 2368 878 2445 deo,
937 2369 1182 2449 quando
1242 2387 1451 2453 regem
1512 2367 1919 2444 desiderauit,
1977 2388 2123 2432 cum
2180 2368 2283 2432 hic
2338 2366 2701 2431 inueniatur

407 2496 546 2541 esse
593 2476 964 2558 permissus,
1014 2475 1126 2540 sed
1172 2476 1377 2560 magis
1423 2475 1568 2541 hinc
1616 2475 2116 2561 intellegendum
2167 2479 2264 2540 est
2311 2475 2534 2539 merito
2576 2493 2697 2539 non

403 2584 604 2648 fuisse
652 2584 1001 2647 secundum
1048 2584 1445 2648 uoluntatem
1495 2582 1619 2660 dei,
1669 2585 1818 2666 quia
1863 2583 1998 2647 fieri
2036 2583 2157 2647 hoc
2196 2603 2315 2647 non
2354 2581 2694 2665 praecepit,

406 2688 514 2752 sed
563 2689 1070 2753 desiderantibus
1119 2690 1429 2771 permisit.
1480 2709 1704 2754 uerum
1752 2693 1962 2754 tamen
2009 2689 2347 2772 praecepit,
2396 2708 2472 2752 ne
2521 2687 2699 2751 fieret

405 2796 666 2870 alienuS‚
736 2795 850 2860 sed
915 2795 1124 2872 frater,
1189 2796 1255 2859 id
1304 2798 1403 2860 est
1468 2816 1558 2861 ex⁴
1606 2796 1826 2860 eodem
1890 2798 2127 2879 populo
2193 2794 2507 2878 indigena,
2570 2812 2695 2857 non

405 2901 776 2986 alienigena.
827 2902 993 2984 quod
1042 2905 1250 2966 autem
1302 2903 1417 2966 ait:
1469 2922 1614 2967 non
1663 2903 2000 2986 poteri8‚
2048 2900 2550 2984 intellegendum
2598 2903 2697 2964 est

412 3007 566 3083 „no'n
617 3007 938 3074 debebis⁴⁵.

491 3114 752 3178 XXVII.
820 3115 913 3179 De
960 3134 1109 3199 rege
1158 3133 1305 3179 cum
1367 3115 1739 3197 loqueretur
1785 3117 1900 3180 ait:
1973 3120 2147 3187 <et>
2216 3135 2360 3180 non
2428 3113 2695 3178 multi-

339 3246 365 3283 5
402 3220 760 3303 plicabit
818 3223 980 3286 sibi
1038 3242 1349 3298 uxores,
1401 3227 1488 3287 ut
1533 3242 1682 3288 non
1734 3222 2114 3287 discedat
2170 3242 2303 3287 cor
2358 3222 2565 3294 eius;
2618 3223 2695 3285 et

405 3332 831 3410 argentum
880 3331 958 3392 et
1005 3347 1282 3392 aurum
1333 3348 1481 3393 non
1542 3327 2155 3411 multiplicabit
2211 3327 2371 3391 sibi
2431 3326 2689 3390 ualde.

403 3435 568 3499 unde
599 3435 921 3516 quaeritur
952 3439 1164 3500 utrum
1196 3435 1403 3500 Dauid
1435 3438 1653 3500 contra
1681 3435 1801 3499 hoc
1838 3438 2245 3517 praeceptum
2285 3454 2404 3499 non
2444 3433 2688 3508 fecerit3

402 3560 521 3605 non
571 3541 736 3605 enim
785 3561 973 3606 unam
1022 3541 1245 3606 habuit
1290 3562 1566 3607 uxorem.
1607 3562 1750 3606 nam
1792 3540 1867 3605 de
1908 3541 2243 3606 Salomone
2282 3540 2692 3604 manifestum

403 3652 500 3711 est
547 3648 715 3730 quod
761 3652 1201 3732 transgressus
1249 3649 1441 3713 fuerit
1487 3649 1608 3714 hoc
1655 3653 2067 3731 praeceptum
2116 3651 2180 3712 et
2227 3648 2286 3711 in
2337 3646 2587 3711 feminis
2628 3648 2691 3710 et

578 3820 611 3874 8
659 3822 820 3874 Deut.
875 3823 958 3886 17,
1021 3823 1101 3876 14.
1153 3823 1219 3875 15
1380 3824 1443 3876 16
1493 3823 1558 3877 cf.
1608 3823 1634 3876 1
1680 3823 1812 3892 Reg.
1866 3822 1917 3886 8,
1971 3822 2000 3874 7
2155 3822 2225 3874 24
2271 3822 2431 3873 Deut.
2486 3822 2568 3883 17,
2626 3820 2688 3872 17

402 3911 468 3964 27
509 3911 574 3965 cs.
614 3910 669 3963 11
704 3911 839 3980 Reg.
880 3913 929 3974 5,
972 3913 1036 3964 13

472 4037 505 4089 2
542 4040 892 4105 pentecosten
938 4034 991 4090 U
1104 4037 1137 4089 3
1176 4036 1427 4104 messem]
1469 4039 1666 4088 terram
1713 4035 1764 4088 T
1875 4037 1910 4088 4
1948 4035 2199 4087 obseruat
2237 4034 2421 4102 istam]
2464 4031 2689 4087 obserua

398 4127 557 4176 tantu
598 4126 681 4190 (tu
717 4140 785 4176 m.
824 4126 865 4177 2
900 4139 943 4176 3.
984 4123 1042 4189 l.)
1094 4123 1147 4176 U
1312 4122 1651 4176 dinumerata
1702 4124 1745 4174 Γ
1893 4124 1925 4176 5
1965 4120 2108 4190 quod
2143 4121 2209 4174 N
2355 4122 2388 4175 9
2426 4122 2482 4174 in
2521 4123 2687 4192 sorte]

400 4211 452 4263 ἐν
482 4210 662 4283 κλήρῳ
700 4212 817 4266 cod.
856 4212 1015 4265 Alex.
1144 4216 1287 4266 sorte
1334 4212 1384 4265 T
1505 4211 1894 4265 hereditaberis
1930 4211 1996 4264 N
2002 4211 2055 4263 U
2153 4211 2217 4265 10
2255 4209 2587 4264 habitaberis
2627 4212 2686 4264 N

403 4301 463 4353 ll
514 4297 775 4371 ἄρχοντας
824 4301 939 4356 cod.
980 4302 1137 4356 Alex.
1341 4301 1405 4355 13
1455 4299 1586 4354 deus
1632 4316 1734 4355 om.
1782 4301 1832 4354 T
2035 4300 2182 4367 tuus]
2235 4318 2327 4352 σου
2370 4299 2489 4354 cod.
2526 4300 2685 4355 Alex.

404 4390 468 4442 18
505 4389 591 4443 hic
629 4389 810 4444 NVU
912 4392 981 4444 24
1019 4395 1076 4444 et
1113 4389 1313 4444 addidi
1455 4390 1843 4459 multiplicauit
1878 4390 1933 4442 P
