3076 4976
487 414 615 478 598
1192 414 1246 467 S.
1303 413 1581 467 Aureli
1638 411 2074 487 Augustini

486 625 600 686 per
664 608 1217 692 interrogationem
1274 610 1750 692 pronuntietur:
1806 607 2116 691 numquid
2171 611 2241 672 tu
2301 608 2786 689 quiescente

493 719 712 777 terra
779 715 867 777 ab
937 718 1251 792 austro,
1318 716 1380 779 id
1450 721 1552 780 est
1613 716 1739 778 iam
1806 735 1930 778 non
1990 715 2298 779 existente
2352 715 2417 778 in
2476 714 2593 779 hac
2654 720 2790 780 uita

485 820 669 900 plebe
717 823 849 885 ulla
896 822 1238 888 christiana
1285 844 1354 888 ex
1402 825 1677 899 Iudaeis,
1726 823 2009 886 firmabis
2049 841 2194 886 cum
2235 841 2307 886 eo
2348 823 2789 906 euangelistas

491 929 557 989 et
611 927 969 992 diuinarum
1029 931 1484 1013 scripturarum
1538 930 1758 1005 libros,
1818 929 1926 1012 qui
1982 948 2092 1011 per
2137 929 2640 993 misericordiam
2690 929 2793 994 dei

491 1052 613 1097 non
662 1034 815 1098 solis
864 1036 1136 1113 Iudaeis,
1187 1037 1300 1101 sed
1347 1038 1541 1101 etiam
1588 1037 1884 1121 gentibus
1933 1036 2281 1118 aequaliter
2325 1035 2405 1100 ad
2442 1036 2792 1099 uidendum
2857 1059 2886 1096 s

492 1140 619 1204 fusi
679 1146 873 1205 sunt?
933 1144 1200 1226 gratiam
1258 1145 1490 1227 quippe
1548 1145 1649 1208 dei
1707 1143 2107 1208 commendat
2154 1146 2219 1207 et
2262 1143 2793 1216 misericordiam,

494 1264 570 1308 ne
630 1248 772 1327 quis
830 1248 904 1311 de
961 1250 1206 1314 meritis
1263 1251 1590 1335 glorietur,
1650 1271 1809 1333 quae
1863 1251 2245 1316 Iudaeorum
2292 1254 2425 1314 erat
2473 1250 2794 1332 superbia.

498 1372 741 1435 quare
802 1355 996 1419 doce
1053 1376 1168 1421 me
1227 1357 1419 1439 quid
1478 1358 1841 1422 dicamus
1901 1357 2000 1432 ei,
2052 1361 2127 1422 et
2173 1357 2794 1439 requiescamus

495 1459 752 1523 multa
818 1461 1223 1528 dicentes:
1293 1464 1441 1546 quia
1505 1482 1626 1528 non
1693 1468 1811 1537 est,
1881 1464 2051 1545 quod
2107 1464 2165 1527 ei
2222 1463 2436 1527 dicant
2491 1463 2793 1536 conuicti,

498 1566 745 1630 nullum
815 1588 882 1632 se
949 1569 1178 1633 habere
1245 1571 1540 1635 meritum
1599 1590 1713 1653 per
1769 1590 1836 1634 se
1892 1571 2091 1652 ipsos,
2149 1569 2263 1634 sed
2318 1570 2453 1634 eius
2511 1570 2797 1653 indigere
2835 1587 2889 1626 ιο

500 1672 955 1740 misericordia.
1002 1677 1388 1759 numquid
1435 1678 1651 1742 liber
1688 1681 1827 1741 aut
1863 1678 2133 1742 scriba
2173 1677 2521 1741 adsistis
2562 1676 2795 1750 mihi,

500 1784 589 1843 ut
636 1783 861 1846 stans
901 1783 1193 1847 faciam
1232 1785 1631 1849 hominem
1671 1787 1987 1848 tacere?
2028 1803 2218 1865 quare
2259 1803 2406 1867 ergo
2446 1802 2569 1847 non
2610 1783 2794 1858 dicis,

502 1885 555 1948 si
614 1887 808 1951 habes
866 1890 1035 1971 quod
1091 1890 1309 1954 dicas?
1367 1911 1489 1955 non
1549 1891 1714 1955 enim
1773 1890 1951 1972 quasi
2012 1890 2277 1955 dictanti
2333 1889 2492 1953 mihi
2538 1889 2796 1970 excipis,

504 1995 577 2055 ut
613 1996 683 2057 tu
724 1994 883 2058 nihil
922 1995 1129 2073 dicas3
1181 1998 1292 2062 sed
1340 1999 1561 2079 utique
1612 1987 2058 2088 colloqdimur.
2110 1996 2481 2060 omnibus
2530 2002 2797 2059 autem

504 2119 652 2163 non
705 2104 829 2164 est
875 2102 1222 2168 uisibile
1270 2104 1576 2177 lumen,
1624 2103 1832 2186 quod
1878 2103 2247 2187 refulget
2283 2103 2360 2165 in
2403 2103 2792 2166 nubibus:
2835 2117 2884 2157 1⁵

503 2205 670 2269 redit
726 2207 799 2271 ad
861 2228 933 2272 ea
988 2230 1148 2292 quae
1208 2210 1459 2274 dicebat
1516 2212 1593 2274 de
1651 2230 1761 2293 spe
1819 2210 2212 2274 remissionis
2269 2213 2679 2291 peccatorum
2737 2213 2799 2272 et

505 2313 1008 2380 inluminationis
1067 2319 1306 2401 gratiae
1361 2338 1474 2400 per
1526 2317 2026 2382 misericordiam
2093 2316 2225 2392 dei3
2291 2317 2571 2400 refulget
2633 2315 2799 2379 enim

506 2420 724 2485 lumen
771 2422 833 2485 in
885 2423 1184 2488 nubibus.
1234 2445 1353 2490 non
1402 2428 1614 2488 tamen
1661 2425 1945 2506 ipsarum
1990 2423 2255 2487 nubium
2305 2426 2405 2487 est
2439 2423 2800 2506 proprium:

507 2527 965 2593 inluminantur
1020 2532 1205 2595 enim.
1266 2531 1439 2595 aliud
1497 2535 1597 2596 est
1653 2531 1821 2595 enim
1879 2530 2047 2613 quod
2104 2531 2314 2613 fulget
2369 2548 2487 2593 suo
2541 2529 2801 2603 lumine,

510 2635 683 2699 aliud
733 2637 902 2717 quod
940 2638 1217 2721 refulget
1253 2639 1684 2702 inlustratum.
1727 2638 1840 2702 sed
1877 2657 1999 2700 non
2043 2640 2142 2701 est
2179 2636 2473 2700 omnibus
2514 2636 2802 2707 uisibile;
2838 2651 2889 2690 ²⁰

511 2744 701 2806 multi
724 2743 888 2807 enim
910 2747 1141 2826 putant
1162 2746 1403 2809 lumine
1426 2764 1542 2808 suo
1566 2744 1809 2828 fulgere
1833 2745 2094 2819 animas,
2116 2762 2261 2807 cum
2283 2743 2605 2825 sapientes
2637 2746 2803 2806 sunt.

514 2849 680 2913 unde
733 2854 884 2914 sunt
928 2850 1046 2928 illi,
1099 2851 1204 2933 qui
1254 2852 1634 2915 dicentes
1694 2869 1774 2915 se
1834 2869 2012 2914 esse
2071 2850 2499 2932 sapientes
2558 2848 2802 2913 stulti

514 2955 706 3019 facti
755 2960 950 3020 sunt.
1013 2960 1089 3020 et
1136 2958 1493 3039 spiritus
1543 2956 1848 3023 transit
1896 2960 1973 3021 et
2019 2956 2445 3020 mundabit
2490 2975 2659 3020 eas:
2706 2955 2805 3019 hic

517 3063 810 3144 spiritum
889 3064 1064 3141 dixit,
1151 3064 1225 3129 de
1312 3083 1435 3147 quo
1521 3065 1766 3128 dictum
1850 3068 1980 3129 est:
2066 3064 2156 3126 ab
2240 3063 2807 3144 increpatione

518 3169 873 3252 spiritus
930 3172 1096 3235 irae
1154 3176 1362 3246 tuae,
1427 3176 1521 3235 et:
1574 3172 1659 3235 ab
1712 3171 2019 3253 spiritu
2066 3173 2204 3234 tuo
2256 3188 2406 3251 quo
2452 3168 2889 3253 fugiam?2⁸

517 3295 627 3358 per
709 3279 1134 3359 correptiones
1220 3278 1385 3341 enim
1479 3278 1905 3341 tentationum
2000 3275 2359 3341 ostenditur
2446 3274 2807 3339 hominibus

517 3384 811 3448 meritum
863 3404 1100 3461 eorum,
1151 3386 1297 3468 quia
1342 3385 1468 3468 ipsi
1504 3385 1783 3467 peccatis
1824 3383 1960 3449 suis
1999 3383 2296 3447 tenebrae
2336 3384 2487 3447 sunt
2526 3387 2591 3447 et
2630 3383 2810 3466 egent

700 3629 732 3681 8
771 3627 866 3681 Iob
906 3630 992 3683 37.
1037 3628 1100 3682 18
1194 3630 1256 3681 11
1299 3628 1396 3681 Iob
1437 3630 1521 3691 37,
1565 3629 1630 3681 19
1726 3628 1791 3680 14
1830 3627 1925 3679 Iob
1966 3629 2051 3687 37,
2091 3627 2160 3679 20
2251 3626 2321 3679 22
2360 3625 2426 3679 cf.
2464 3626 2619 3680 Rom.
2664 3626 2710 3687 1,
2747 3623 2810 3676 22

523 3717 592 3771 23
630 3717 726 3770 Iob
767 3719 852 3780 37,
893 3719 962 3770 20
1072 3718 1141 3770 24
1178 3718 1268 3772 Ps.
1313 3718 1394 3779 17,
1439 3719 1503 3771 16
1615 3718 1683 3770 25
1721 3717 1810 3769 Ps.
1854 3716 1972 3781 138,
2015 3717 2044 3769 7
2156 3716 2224 3769 27
2267 3714 2332 3768 cf.
2372 3715 2526 3767 Rom.
2570 3715 2623 3777 3,
2661 3713 2728 3766 23

593 3877 629 3929 4
664 3875 1107 3943 misericordiam]
1149 3884 1312 3929 manu
1351 3876 1381 3927 b
1473 3876 1506 3927 8
1544 3892 1697 3928 meae
1735 3873 1781 3928 S
1814 3892 1911 3927 nos
1952 3875 2097 3928 Hier
2189 3875 2248 3926 11
2292 3872 2432 3926 liber
2468 3872 2585 3941 aut]
2626 3871 2810 3924 libera-

526 3965 609 4017 uit.
646 3963 692 4018 S
780 3964 998 4016 adsistit
1035 3963 1223 4017 SHier
1307 3966 1371 4018 12
1410 3967 1472 4016 ut
1509 3964 1599 4017 hic
1637 3964 1780 4017 Hie-r
1867 3963 2061 4016 faciam
2100 3980 2201 4016 om.
2241 3960 2287 4015 S
2369 3962 2433 4015 14
2471 3961 2744 4029 loquimur
2776 3956 2815 4009 C

528 4056 594 4106 15
632 4052 856 4121 refulgit
894 4053 939 4106 S
1086 4054 1148 4106 18
1185 4054 1411 4106 istarum
1451 4054 1481 4106 b
1628 4052 1902 4122 proprium
1943 4055 2026 4104 est
2064 4051 2138 4104 bd
2286 4051 2348 4103 19
2387 4050 2507 4119 suo]
2549 4049 2649 4101 sub
2689 4044 2812 4101 PCb

526 4144 594 4195 23
635 4145 762 4194 sunt
798 4158 899 4194 om.
949 4141 999 4194 T
1101 4143 1331 4195 transiet
1368 4141 1412 4196 S
1445 4142 1715 4195 transiens
1752 4141 1897 4195 Hie-r
2023 4144 2078 4193 et
2115 4156 2217 4193 om.
2257 4138 2399 4192 Hier
2508 4135 2811 4190 emundabit

526 4229 669 4285 Hier
801 4231 869 4284 25
909 4249 939 4283 a
982 4230 1101 4284 de
1234 4232 1302 4283 26
1341 4231 1698 4284 correctiones
1746 4230 1899 4283 TPG
2046 4228 2404 4298 temptatione
2443 4226 2475 4279 b
2613 4226 2679 4278 27
2718 4220 2809 4291 ipsi

527 4335 629 4374 om.
677 4319 722 4372 0
