3076 4976
560 533 688 595 596
1275 528 1327 581 S.
1386 528 1662 580 Aureli
1717 525 2150 596 Augustini

558 743 838 805 aquam
908 723 1272 806 qualiter
1335 724 1470 787 illi
1537 722 1984 805 placuerit:
2055 726 2129 786 ut
2179 724 2363 805 pluat
2420 743 2612 806 super
2667 743 2846 787 unam

555 831 883 895 ciuitatem
932 834 997 894 et
1044 849 1236 913 super
1283 831 1471 893 aliam
1521 849 1642 892 non
1694 828 1895 910 pluat,
1946 829 2114 911 quod
2164 829 2242 892 ad
2290 829 2559 893 imbrem
2611 830 2849 896 adtinet

555 937 905 1018 spiritalem
935 956 1046 1018 pro
1079 936 1475 1000 subditarum
1507 939 1617 999 aut
1647 954 1767 998 non
1791 935 2190 999 subditarum
2213 937 2455 1000 meritis
2477 938 2847 1003 animarum.

555 1047 631 1107 et
676 1044 1169 1107 frumentum
1216 1041 1631 1125 inrigauit
1678 1041 1960 1104 nubes:
2003 1042 2205 1104 simus
2249 1060 2398 1126 ergo
2438 1042 2848 1113 frumentum.

555 1150 610 1213 si
649 1150 942 1231 cupimus
989 1148 1266 1232 inrigari.
1316 1147 1907 1212 disseminauit
1954 1148 2237 1211 nubem
2285 1148 2544 1212 lucem
2595 1169 2847 1214 suam:
2906 1174 2931 1214 ε»

553 1256 957 1338 euangelium
1023 1254 1474 1320 incarnationis
1542 1273 1713 1318 suae.
1791 1257 1868 1317 et
1942 1254 2121 1336 ipsa
2193 1274 2331 1336 per
2405 1254 2849 1320 circuitum

554 1363 949 1427 uertitur:
988 1382 1102 1444 per
1138 1363 1355 1425 orbem
1393 1363 1597 1425 terrae
1627 1360 1766 1441 ipsa
1796 1363 2123 1426 tractatur.
2155 1361 2228 1424 in
2263 1361 2849 1444 gubernaculis

552 1468 644 1533 ad
693 1469 1181 1552 operandum
1232 1468 1495 1532 omnia
1546 1486 1745 1548 quae
1794 1467 2308 1531 mandauerit
2346 1468 2498 1532 eis:
2539 1470 2849 1552 guberna-

547 1576 709 1650 cula,
757 1577 820 1639 in
862 1575 1095 1657 quibus
1134 1575 1246 1638 illa
1281 1575 1483 1638 nubes
1523 1594 1637 1655 per
1675 1574 2013 1637 circuitum
2051 1573 2342 1648 uertitur,
2382 1575 2848 1657 praedicatores

546 1687 698 1747 sunt
743 1682 941 1759 uerbi,
990 1701 1100 1764 per
1145 1700 1302 1762 quos
1353 1680 1660 1744 ecclesiae
1700 1681 2132 1763 gubernantur
2168 1679 2246 1744 ad
2285 1681 2603 1763 operanda
2640 1684 2849 1747 omnia
2884 1706 2933 1745 ιο

546 1789 845 1853 mandata
927 1789 1049 1854 dei.
1132 1787 1327 1851 haec
1412 1787 1881 1851 constituta
1965 1791 2155 1851 sunt
2237 1788 2326 1850 ab
2423 1807 2508 1852 eo
2604 1809 2847 1870 super

545 1901 877 1960 terram:
958 1914 994 1958 a
1069 1892 1321 1958 domino
1392 1897 1608 1956 nostro
1675 1893 1822 1957 Iesu
1891 1891 2164 1959 Christo.
2235 1895 2412 1958 siue
2477 1895 2553 1958 in
2621 1896 2844 1960 tribu

547 2003 724 2066 siue
789 2003 864 2065 in
930 2005 1148 2064 terra
1212 2019 1385 2063 sua:
1455 2000 1592 2062 siue
1657 1999 1719 2062 in
1790 1999 1961 2064 tribu
2027 2000 2204 2078 Iuda,
2271 2001 2437 2065 unde
2494 2003 2844 2066 secundum

542 2128 798 2173 carnem
846 2111 1033 2171 natus
1083 2110 1182 2171 est
1220 2110 1284 2170 et
1320 2125 1550 2187 passus
1591 2110 1655 2170 et
1689 2108 2029 2171 resurrexit
2068 2111 2130 2171 et
2171 2107 2456 2171 ascendit
2491 2109 2555 2173 in
2597 2110 2842 2172 eaelum

542 2253 631 2261 —
690 2235 761 2279 ex
816 2213 934 2278 hae
993 2213 1159 2277 enim
1218 2212 1419 2295 geniti
1478 2215 1657 2275 erant
1703 2213 1978 2295 apostoli
2027 2218 2091 2277 et
2135 2213 2323 2277 multi
2373 2214 2599 2278 fratres
2649 2234 2841 2297 prope
2876 2244 2925 2284 ιε»

539 2322 789 2387 inuenti
845 2326 910 2384 et
955 2320 1120 2384 salui
1165 2319 1320 2384 faeti
1364 2356 1453 2364 —
1499 2318 1639 2383 siue
1689 2323 1831 2383 ante
1878 2320 2241 2402 passionem
2289 2321 2426 2384 eius
2473 2339 2586 2401 per
2628 2321 2839 2403 ipsum

540 2427 756 2492 uocati
802 2427 939 2492 siue
987 2429 1136 2511 post
1173 2426 1610 2491 ascensionem
1646 2445 1759 2508 per
1796 2427 2117 2509 apostolos
2157 2427 2220 2490 in
2259 2426 2401 2510 ipsa
2436 2426 2838 2492 Hierusalem

539 2539 732 2617 atque
785 2535 849 2598 in
908 2534 1196 2598 ecclesiis
1244 2532 1538 2608 Iudaeae,
1590 2552 1749 2615 quae
1798 2536 1973 2597 erant
2021 2534 2081 2596 in
2133 2533 2407 2609 Christ0‚
2456 2534 2628 2599 sicut
2673 2554 2838 2599 com-

541 2645 853 2706 memorat
908 2641 1236 2724 apostolus
1293 2640 1573 2703 Paulus:
1644 2646 1977 2722 propter
2039 2640 2474 2704 ueritatem
2542 2641 2672 2704 dei
2748 2641 2835 2706 ad

538 2746 1150 2811 confirmandas
1190 2744 1787 2826 promissiones
1827 2749 2166 2827 patrum.
2209 2746 2388 2810 siue
2418 2747 2491 2809 in
2522 2747 2833 2811 miseri·
2867 2777 2917 2815 so

540 2852 820 2918 cordia
875 2851 1235 2915 inueniri
1295 2852 1663 2915 uoluerit
1719 2870 1917 2915 eam:
1968 2852 2145 2916 illam
2194 2853 2425 2916 nubem
2475 2854 2726 2918 scilicet
2770 2855 2833 2918 in

534 2957 970 3024 misericordia
1000 2957 1273 3021 uoluerit
1308 2957 1582 3021 inueniri
1620 2977 1656 3021 a
1694 2958 2095 3022 credentibus
2134 2959 2466 3041 gentibus;
2507 2961 2629 3024 hoc
2668 2962 2832 3024 enim

539 3065 860 3147 sequitur:
923 3066 1206 3148 gentes
1266 3067 1528 3127 autem
1590 3084 1831 3146 super
1885 3065 2539 3130 misericordiam
2591 3067 2832 3151 glori-

533 3172 791 3236 ficare
885 3170 1126 3236 deum.
1221 3170 1558 3235 auribus
1653 3171 1980 3253 percipe
2074 3173 2303 3250 haec,
2389 3172 2562 3237 Iob:
2650 3174 2831 3256 quasi

534 3282 800 3343 renouat
853 3278 1264 3341 intentionem
1320 3277 1608 3342 dicturus
1667 3276 1742 3340 de
1798 3276 2131 3342 uocatione
2188 3279 2498 3362 gentium.
2566 3282 2690 3344 sta
2755 3284 2913 3348 eta

537 3403 1041 3449 commouere
1080 3384 1479 3448 uirtutem
1520 3383 1859 3449 domini:
1900 3385 2026 3449 noli
2065 3387 2309 3450 moueri
2348 3389 2561 3450 mente
2588 3385 2828 3469 aliquid

533 3492 651 3555 tibi
706 3488 1061 3554 tribuendo.
1122 3490 1426 3553 scimus
1485 3490 1673 3571 quia
1737 3490 1932 3555 deus
1999 3493 2284 3574 posuit
2349 3513 2585 3575 opera
2652 3511 2825 3556 sua:

713 3683 737 3734 1
782 3681 848 3734 cf.
888 3681 1053 3733 Amos
1089 3682 1141 3741 4,
1183 3681 1211 3733 7
1341 3682 1376 3733 4
1413 3679 1509 3733 Iob
1549 3682 1635 3746 37,
1678 3682 1744 3735 10
1881 3686 1913 3737 5
1952 3681 2049 3735 Iob
2090 3684 2176 3747 37,
2221 3683 2286 3737 10
2425 3685 2456 3737 6
2494 3684 2594 3737 Iob
2633 3684 2718 3744 37,
2761 3682 2819 3735 11

529 3771 564 3822 7
602 3768 699 3823 Iob
740 3770 826 3829 37,
869 3770 930 3821 11
1083 3769 1141 3821 11
1187 3767 1283 3821 Iob
1324 3769 1409 3833 37,
1453 3769 1513 3821 11
1669 3770 1733 3822 12
1770 3768 1868 3823 Iob
1909 3771 1993 3832 37,
2037 3770 2102 3823 12
2251 3771 2316 3823 19
2357 3770 2424 3826 cf.
2475 3771 2629 3826 Rom.
2671 3775 2754 3831 15.
2792 3771 2823 3823 8

527 3858 604 3912 20
641 3856 738 3911 Iob
779 3858 865 3919 37,
910 3858 976 3910 12
1121 3856 1191 3910 23
1232 3856 1296 3909 cf.
1335 3857 1490 3911 Rom.
1533 3857 1617 3921 15,
1658 3859 1689 3911 9
1819 3860 1887 3912 24
1926 3858 2021 3911 Iob
2063 3860 2148 3923 37,
2193 3860 2255 3914 13
2385 3862 2453 3914 25
2492 3860 2590 3914 Iob
2631 3863 2715 3925 37,
2758 3862 2820 3915 13

527 3948 602 4001 27
641 3945 737 3999 Iob
779 3946 864 4007 37,
909 3947 975 3998 14

600 4089 628 4141 1
672 4088 888 4156 aquam]
939 4103 1096 4156 quam
1142 4086 1189 4140 C'
1231 4102 1330 4140 om.
1370 4086 1513 4140 Hier
1692 4090 1727 4141 4
1772 4089 2440 4158 inrigauit—frumentum
2487 4106 2591 4144 om.
2641 4090 2815 4146 TPCb

527 4176 780 4246 irrigabit
813 4176 958 4230 Hier
1099 4175 1256 4229 nobis
1293 4176 1339 4229 S
1373 4176 1607 4229 nubibus
1647 4177 1788 4231 Hier
1895 4180 1929 4232 5
1968 4178 2349 4233 disseminabit
2384 4178 2527 4233 Hier
2651 4180 2812 4233 nubes

527 4268 672 4321 Hier
779 4266 811 4319 6
852 4265 1079 4319 circuitu
1119 4265 1164 4319 S
1287 4267 1319 4318 8
1359 4265 1632 4335 operanda
1670 4266 1856 4321 SHier
2000 4268 2197 4338 omnia]
2240 4285 2303 4321 ea
2346 4268 2393 4322 Ο
2518 4270 2586 4322 10
2623 4270 2808 4339 guber·

527 4359 726 4409 uantur
764 4355 1023 4408 ecclesiae
1062 4354 1115 4407 P
1240 4356 1307 4407 12
1344 4354 1518 4407 tribus
1559 4355 1607 4408 S
1729 4357 1794 4409 16
1833 4356 1971 4426 siue]
2014 4362 2143 4409 sunt
2186 4358 2233 4409 C
2336 4357 2404 4410 20
2442 4362 2659 4427 patrum
2694 4374 2804 4429 pro·

525 4444 811 4499 missiones
848 4442 1110 4497 deHier
1160 4437 1164 4441 ’
1215 4442 1283 4495 26
1323 4457 1658 4496 commonere
1702 4443 1894 4497 THier
2034 4446 2238 4499 uirtute
2275 4445 2419 4499 Hier
