<?xml version="1.0" encoding="UTF-8"?>
<!DOCTYPE html PUBLIC "-//W3C//DTD XHTML 1.0 Transitional//EN"
    "http://www.w3.org/TR/xhtml1/DTD/xhtml1-transitional.dtd">
<html xmlns="http://www.w3.org/1999/xhtml" xml:lang="en" lang="en">
 <head>
  <title>
</title>
<meta http-equiv="Content-Type" content="text/html;charset=utf-8" />
  <meta name='ocr-system' content='tesseract 3.04.00' />
  <meta name='ocr-capabilities' content='ocr_page ocr_carea ocr_par ocr_line ocrx_word'/>
</head>
<body>
  <div class='ocr_page' id='page_1' title='image "./corpusscriptoru31wissgoog_0496.png"; bbox 0 0 3076 4976; ppageno 0'>
   <div class='ocr_carea' id='block_1_1' title="bbox 492 489 2078 560">
    <p class='ocr_par' dir='ltr' id='par_1_1' title="bbox 492 489 2078 560">
     <span class='ocr_line' id='line_1_1' title="bbox 492 489 2078 560; baseline -0.013 0"><span class='ocrx_word' id='word_1_1' title='bbox 492 496 620 560; x_wconf 78' lang='lat'><strong>462</strong></span> <span class='ocrx_word' id='word_1_2' title='bbox 1195 489 1246 544; x_wconf 89' lang='lat' dir='ltr'><strong>S.</strong></span> <span class='ocrx_word' id='word_1_3' title='bbox 1306 489 1583 543; x_wconf 86' lang='lat' dir='ltr'><strong>Aureli</strong></span> <span class='ocrx_word' id='word_1_4' title='bbox 1637 489 2078 559; x_wconf 83' lang='lat' dir='ltr'><strong>Augustini</strong></span> 
     </span>
    </p>
   </div>
   <div class='ocr_carea' id='block_1_2' title="bbox 491 683 2875 3750">
    <p class='ocr_par' dir='ltr' id='par_1_2' title="bbox 491 683 2867 2155">
     <span class='ocr_line' id='line_1_2' title="bbox 579 683 2780 767; baseline -0.001 -16"><span class='ocrx_word' id='word_1_5' title='bbox 579 686 839 751; x_wconf 78' lang='lat' dir='ltr'><strong>Dictum</strong></span> <span class='ocrx_word' id='word_1_6' title='bbox 887 688 986 750; x_wconf 88' lang='lat' dir='ltr'><strong>est</strong></span> <span class='ocrx_word' id='word_1_7' title='bbox 1023 688 1233 750; x_wconf 89' lang='lat' dir='ltr'><strong>autem</strong></span> <span class='ocrx_word' id='word_1_8' title='bbox 1274 686 1337 749; x_wconf 91' lang='lat' dir='ltr'><strong>in</strong></span> <span class='ocrx_word' id='word_1_9' title='bbox 1375 686 1870 751; x_wconf 79' lang='lat' dir='ltr'><strong>Deuteronomio</strong></span> <span class='ocrx_word' id='word_1_10' title='bbox 1910 705 1982 748; x_wconf 83' lang='lat' dir='ltr'><strong>ex</strong></span> <span class='ocrx_word' id='word_1_11' title='bbox 2017 704 2284 767; x_wconf 86' lang='lat' dir='ltr'><strong>persona</strong></span> <span class='ocrx_word' id='word_1_12' title='bbox 2322 683 2426 748; x_wconf 89' lang='lat' dir='ltr'><strong>dei</strong></span> <span class='ocrx_word' id='word_1_13' title='bbox 2462 684 2780 765; x_wconf 90' lang='lat' dir='ltr'><strong>loquentis</strong></span> 
     </span>
     <span class='ocr_line' id='line_1_3' title="bbox 492 790 2779 876; baseline -0 -20"><span class='ocrx_word' id='word_1_14' title='bbox 492 793 568 857; x_wconf 90' lang='lat' dir='ltr'><strong>de</strong></span> <span class='ocrx_word' id='word_1_15' title='bbox 624 793 769 858; x_wconf 90' lang='lat' dir='ltr'><strong>istis</strong></span> <span class='ocrx_word' id='word_1_16' title='bbox 827 792 1125 876; x_wconf 86' lang='lat' dir='ltr'><strong>gentibus</strong></span> <span class='ocrx_word' id='word_1_17' title='bbox 1184 792 1601 856; x_wconf 86' lang='lat' dir='ltr'><strong>aduersariis:</strong></span> <span class='ocrx_word' id='word_1_18' title='bbox 1659 811 1805 855; x_wconf 88' lang='lat' dir='ltr'><strong>non</strong></span> <span class='ocrx_word' id='word_1_19' title='bbox 1862 791 2145 856; x_wconf 90' lang='lat' dir='ltr'><strong>eiciam</strong></span> <span class='ocrx_word' id='word_1_20' title='bbox 2199 790 2392 854; x_wconf 90' lang='lat' dir='ltr'><strong>illos</strong></span> <span class='ocrx_word' id='word_1_21' title='bbox 2449 790 2526 854; x_wconf 89' lang='lat' dir='ltr'><strong>in</strong></span> <span class='ocrx_word' id='word_1_22' title='bbox 2583 810 2779 855; x_wconf 89' lang='lat' dir='ltr'><strong>anno</strong></span> 
     </span>
     <span class='ocr_line' id='line_1_4' title="bbox 492 897 2780 978; baseline -0.001 -15"><span class='ocrx_word' id='word_1_23' title='bbox 492 918 666 976; x_wconf 80' lang='lat' dir='ltr'><strong>uno,</strong></span> <span class='ocrx_word' id='word_1_24' title='bbox 718 918 807 963; x_wconf 91' lang='lat' dir='ltr'><strong>ne</strong></span> <span class='ocrx_word' id='word_1_25' title='bbox 856 899 1012 963; x_wconf 89' lang='lat' dir='ltr'><strong>fiat</strong></span> <span class='ocrx_word' id='word_1_26' title='bbox 1065 901 1287 963; x_wconf 89' lang='lat' dir='ltr'><strong>terra</strong></span> <span class='ocrx_word' id='word_1_27' title='bbox 1344 898 1664 963; x_wconf 86' lang='lat' dir='ltr'><strong>deserta</strong></span> <span class='ocrx_word' id='word_1_28' title='bbox 1720 901 1797 962; x_wconf 90' lang='lat' dir='ltr'><strong>et</strong></span> <span class='ocrx_word' id='word_1_29' title='bbox 1850 897 2524 978; x_wconf 82' lang='lat' dir='ltr'><strong>multiplicentur</strong></span> <span class='ocrx_word' id='word_1_30' title='bbox 2580 898 2657 961; x_wconf 92' lang='lat' dir='ltr'><strong>in</strong></span> <span class='ocrx_word' id='word_1_31' title='bbox 2705 901 2780 961; x_wconf 89' lang='lat' dir='ltr'><strong>te</strong></span> 
     </span>
     <span class='ocr_line' id='line_1_5' title="bbox 491 1003 2781 1088; baseline -0.001 -19"><span class='ocrx_word' id='word_1_32' title='bbox 491 1006 814 1070; x_wconf 84' lang='lat' dir='ltr'><strong>bestiae</strong></span> <span class='ocrx_word' id='word_1_33' title='bbox 862 1006 1112 1081; x_wconf 86' lang='lat' dir='ltr'><strong>ferae;</strong></span> <span class='ocrx_word' id='word_1_34' title='bbox 1161 1005 1563 1088; x_wconf 87' lang='lat' dir='ltr'><strong>paulatim</strong></span> <span class='ocrx_word' id='word_1_35' title='bbox 1612 1004 1900 1069; x_wconf 90' lang='lat' dir='ltr'><strong>eiciam</strong></span> <span class='ocrx_word' id='word_1_36' title='bbox 1946 1004 2166 1082; x_wconf 89' lang='lat' dir='ltr'><strong>illos,</strong></span> <span class='ocrx_word' id='word_1_37' title='bbox 2217 1003 2464 1068; x_wconf 91' lang='lat' dir='ltr'><strong>donec</strong></span> <span class='ocrx_word' id='word_1_38' title='bbox 2514 1004 2781 1068; x_wconf 89' lang='lat' dir='ltr'><strong>multi·</strong></span> 
     </span>
     <span class='ocr_line' id='line_1_6' title="bbox 493 1110 2862 1195; baseline -0.002 -19"><span class='ocrx_word' id='word_1_39' title='bbox 493 1112 918 1195; x_wconf 89' lang='lat' dir='ltr'><strong>plicemini</strong></span> <span class='ocrx_word' id='word_1_40' title='bbox 967 1116 1044 1175; x_wconf 91' lang='lat' dir='ltr'><strong>et</strong></span> <span class='ocrx_word' id='word_1_41' title='bbox 1083 1112 1484 1177; x_wconf 81' lang='lat' dir='ltr'><strong>crescatis</strong></span> <span class='ocrx_word' id='word_1_42' title='bbox 1526 1113 1604 1174; x_wconf 89' lang='lat' dir='ltr'><strong>et</strong></span> <span class='ocrx_word' id='word_1_43' title='bbox 1641 1110 2141 1176; x_wconf 75' lang='lat' dir='ltr'><strong>hereditatis</strong></span> <span class='ocrx_word' id='word_1_44' title='bbox 2181 1113 2497 1174; x_wconf 91' lang='lat' dir='ltr'><strong>terram.</strong></span> <span class='ocrx_word' id='word_1_45' title='bbox 2536 1114 2784 1192; x_wconf 87' lang='lat' dir='ltr'><strong>poterat</strong></span> <span class='ocrx_word' id='word_1_46' title='bbox 2838 1133 2862 1171; x_wconf 86' lang='lat'><strong>5</strong></span> 
     </span>
     <span class='ocr_line' id='line_1_7' title="bbox 491 1217 2783 1301; baseline -0.001 -18"><span class='ocrx_word' id='word_1_47' title='bbox 491 1219 656 1283; x_wconf 91' lang='lat' dir='ltr'><strong>hanc</strong></span> <span class='ocrx_word' id='word_1_48' title='bbox 709 1219 1195 1300; x_wconf 82' lang='lat' dir='ltr'><strong>promissionem</strong></span> <span class='ocrx_word' id='word_1_49' title='bbox 1252 1237 1431 1282; x_wconf 90' lang='lat' dir='ltr'><strong>suam</strong></span> <span class='ocrx_word' id='word_1_50' title='bbox 1491 1237 1740 1282; x_wconf 88' lang='lat' dir='ltr'><strong>seruare</strong></span> <span class='ocrx_word' id='word_1_51' title='bbox 1799 1217 2093 1282; x_wconf 88' lang='lat' dir='ltr'><strong>dominus</strong></span> <span class='ocrx_word' id='word_1_52' title='bbox 2152 1236 2300 1301; x_wconf 81' lang='lat' dir='ltr'><strong>erga</strong></span> <span class='ocrx_word' id='word_1_53' title='bbox 2358 1217 2783 1291; x_wconf 81' lang='lat' dir='ltr'><strong>oboedientes,</strong></span> 
     </span>
     <span class='ocr_line' id='line_1_8' title="bbox 493 1324 2785 1408; baseline -0.001 -19"><span class='ocrx_word' id='word_1_54' title='bbox 493 1330 569 1389; x_wconf 91' lang='lat' dir='ltr'><strong>ut</strong></span> <span class='ocrx_word' id='word_1_55' title='bbox 624 1325 1059 1389; x_wconf 84' lang='lat' dir='ltr'><strong>exterminatio</strong></span> <span class='ocrx_word' id='word_1_56' title='bbox 1119 1325 1403 1408; x_wconf 88' lang='lat' dir='ltr'><strong>gentium</strong></span> <span class='ocrx_word' id='word_1_57' title='bbox 1460 1324 1714 1389; x_wconf 90' lang='lat' dir='ltr'><strong>illarum</strong></span> <span class='ocrx_word' id='word_1_58' title='bbox 1773 1325 2203 1389; x_wconf 88' lang='lat' dir='ltr'><strong>crescentibus</strong></span> <span class='ocrx_word' id='word_1_59' title='bbox 2253 1324 2603 1388; x_wconf 87' lang='lat' dir='ltr'><strong>Israhelitis</strong></span> <span class='ocrx_word' id='word_1_60' title='bbox 2649 1343 2785 1405; x_wconf 86' lang='lat' dir='ltr'><strong>par·</strong></span> 
     </span>
     <span class='ocr_line' id='line_1_9' title="bbox 492 1430 2786 1510; baseline -0 -15"><span class='ocrx_word' id='word_1_61' title='bbox 492 1432 668 1496; x_wconf 91' lang='lat' dir='ltr'><strong>tibus</strong></span> <span class='ocrx_word' id='word_1_62' title='bbox 733 1431 930 1510; x_wconf 84' lang='lat' dir='ltr'><strong>fieret,</strong></span> <span class='ocrx_word' id='word_1_63' title='bbox 996 1451 1141 1495; x_wconf 91' lang='lat' dir='ltr'><strong>cum</strong></span> <span class='ocrx_word' id='word_1_64' title='bbox 1215 1451 1429 1495; x_wconf 87' lang='lat' dir='ltr'><strong>eorum</strong></span> <span class='ocrx_word' id='word_1_65' title='bbox 1506 1430 1851 1495; x_wconf 90' lang='lat' dir='ltr'><strong>multitudo</strong></span> <span class='ocrx_word' id='word_1_66' title='bbox 1928 1434 2125 1495; x_wconf 90' lang='lat' dir='ltr'><strong>terras</strong></span> <span class='ocrx_word' id='word_1_67' title='bbox 2199 1430 2365 1494; x_wconf 89' lang='lat' dir='ltr'><strong>unde</strong></span> <span class='ocrx_word' id='word_1_68' title='bbox 2442 1431 2786 1495; x_wconf 88' lang='lat' dir='ltr'><strong>aduersarii</strong></span> 
     </span>
     <span class='ocr_line' id='line_1_10' title="bbox 495 1538 2784 1619; baseline -0.001 -16"><span class='ocrx_word' id='word_1_69' title='bbox 495 1539 1055 1604; x_wconf 77' lang='lat' dir='ltr'><strong>exterminarentur</strong></span> <span class='ocrx_word' id='word_1_70' title='bbox 1111 1538 1393 1602; x_wconf 86' lang='lat' dir='ltr'><strong>desertas</strong></span> <span class='ocrx_word' id='word_1_71' title='bbox 1452 1558 1594 1602; x_wconf 91' lang='lat' dir='ltr'><strong>esse</strong></span> <span class='ocrx_word' id='word_1_72' title='bbox 1661 1557 1783 1602; x_wconf 89' lang='lat' dir='ltr'><strong>non</strong></span> <span class='ocrx_word' id='word_1_73' title='bbox 1852 1538 2105 1602; x_wconf 89' lang='lat' dir='ltr'><strong>sineret.</strong></span> <span class='ocrx_word' id='word_1_74' title='bbox 2155 1538 2322 1619; x_wconf 92' lang='lat' dir='ltr'><strong>quod</strong></span> <span class='ocrx_word' id='word_1_75' title='bbox 2388 1541 2598 1602; x_wconf 90' lang='lat' dir='ltr'><strong>autem</strong></span> <span class='ocrx_word' id='word_1_76' title='bbox 2657 1538 2784 1601; x_wconf 83' lang='lat' dir='ltr'><strong>ait:</strong></span> 
     </span>
     <span class='ocr_line' id='line_1_11' title="bbox 494 1644 2867 1726; baseline -0.002 -17"><span class='ocrx_word' id='word_1_77' title='bbox 494 1665 583 1709; x_wconf 89' lang='lat' dir='ltr'><strong>ne</strong></span> <span class='ocrx_word' id='word_1_78' title='bbox 631 1645 1310 1726; x_wconf 89' lang='lat' dir='ltr'><strong>multiplicentur</strong></span> <span class='ocrx_word' id='word_1_79' title='bbox 1368 1644 1442 1708; x_wconf 88' lang='lat' dir='ltr'><strong>in</strong></span> <span class='ocrx_word' id='word_1_80' title='bbox 1501 1649 1578 1709; x_wconf 93' lang='lat' dir='ltr'><strong>te</strong></span> <span class='ocrx_word' id='word_1_81' title='bbox 1626 1644 1946 1709; x_wconf 88' lang='lat' dir='ltr'><strong>bestiae</strong></span> <span class='ocrx_word' id='word_1_82' title='bbox 1992 1645 2232 1721; x_wconf 79' lang='lat' dir='ltr'><strong>ferae,</strong></span> <span class='ocrx_word' id='word_1_83' title='bbox 2281 1646 2511 1709; x_wconf 87' lang='lat' dir='ltr'><strong>mirum</strong></span> <span class='ocrx_word' id='word_1_84' title='bbox 2561 1645 2617 1708; x_wconf 92' lang='lat' dir='ltr'><strong>si</strong></span> <span class='ocrx_word' id='word_1_85' title='bbox 2664 1663 2784 1708; x_wconf 89' lang='lat' dir='ltr'><strong>non</strong></span> <span class='ocrx_word' id='word_1_86' title='bbox 2823 1669 2867 1704; x_wconf 83' lang='grc' dir='ltr'><strong>ιο</strong></span> 
     </span>
     <span class='ocr_line' id='line_1_12' title="bbox 496 1751 2786 1835; baseline -0 -20"><span class='ocrx_word' id='word_1_87' title='bbox 496 1752 797 1815; x_wconf 84' lang='lat' dir='ltr'><strong>bestiales</strong></span> <span class='ocrx_word' id='word_1_88' title='bbox 838 1751 1109 1832; x_wconf 91' lang='lat' dir='ltr'><strong>quodam</strong></span> <span class='ocrx_word' id='word_1_89' title='bbox 1149 1751 1336 1816; x_wconf 89' lang='lat' dir='ltr'><strong>modo</strong></span> <span class='ocrx_word' id='word_1_90' title='bbox 1378 1751 1758 1834; x_wconf 87' lang='lat' dir='ltr'><strong>cupiditates</strong></span> <span class='ocrx_word' id='word_1_91' title='bbox 1800 1755 1864 1814; x_wconf 93' lang='lat' dir='ltr'><strong>et</strong></span> <span class='ocrx_word' id='word_1_92' title='bbox 1898 1751 2196 1816; x_wconf 89' lang='lat' dir='ltr'><strong>libidines</strong></span> <span class='ocrx_word' id='word_1_93' title='bbox 2233 1752 2520 1835; x_wconf 85' lang='lat' dir='ltr'><strong>intellegi</strong></span> <span class='ocrx_word' id='word_1_94' title='bbox 2559 1751 2786 1827; x_wconf 80' lang='lat' dir='ltr'><strong>uoluit,</strong></span> 
     </span>
     <span class='ocr_line' id='line_1_13' title="bbox 496 1857 2787 1940; baseline 0 -19"><span class='ocrx_word' id='word_1_95' title='bbox 496 1876 656 1940; x_wconf 88' lang='lat' dir='ltr'><strong>quae</strong></span> <span class='ocrx_word' id='word_1_96' title='bbox 704 1858 910 1922; x_wconf 88' lang='lat' dir='ltr'><strong>solent</strong></span> <span class='ocrx_word' id='word_1_97' title='bbox 958 1857 1033 1921; x_wconf 93' lang='lat' dir='ltr'><strong>de</strong></span> <span class='ocrx_word' id='word_1_98' title='bbox 1078 1857 1402 1939; x_wconf 89' lang='lat' dir='ltr'><strong>repentino</strong></span> <span class='ocrx_word' id='word_1_99' title='bbox 1452 1876 1757 1922; x_wconf 89' lang='lat' dir='ltr'><strong>successu</strong></span> <span class='ocrx_word' id='word_1_100' title='bbox 1803 1860 2082 1921; x_wconf 85' lang='lat' dir='ltr'><strong>terrenae</strong></span> <span class='ocrx_word' id='word_1_101' title='bbox 2129 1858 2454 1923; x_wconf 88' lang='lat' dir='ltr'><strong>felicitatis</strong></span> <span class='ocrx_word' id='word_1_102' title='bbox 2502 1858 2787 1922; x_wconf 79' lang='lat' dir='ltr'><strong>existere.</strong></span> 
     </span>
     <span class='ocr_line' id='line_1_14' title="bbox 497 1962 2784 2046; baseline -0.001 -17"><span class='ocrx_word' id='word_1_103' title='bbox 497 1983 699 2046; x_wconf 87' lang='lat' dir='ltr'><strong>neque</strong></span> <span class='ocrx_word' id='word_1_104' title='bbox 750 1963 915 2027; x_wconf 90' lang='lat' dir='ltr'><strong>enim</strong></span> <span class='ocrx_word' id='word_1_105' title='bbox 964 1963 1121 2027; x_wconf 90' lang='lat' dir='ltr'><strong>deus</strong></span> <span class='ocrx_word' id='word_1_106' title='bbox 1169 1963 1453 2028; x_wconf 85' lang='lat' dir='ltr'><strong>homines</strong></span> <span class='ocrx_word' id='word_1_107' title='bbox 1511 1962 1918 2028; x_wconf 85' lang='lat' dir='ltr'><strong>exterminare</strong></span> <span class='ocrx_word' id='word_1_108' title='bbox 1973 1967 2224 2044; x_wconf 87' lang='lat' dir='ltr'><strong>poterat</strong></span> <span class='ocrx_word' id='word_1_109' title='bbox 2270 1967 2333 2027; x_wconf 92' lang='lat' dir='ltr'><strong>et</strong></span> <span class='ocrx_word' id='word_1_110' title='bbox 2376 1963 2617 2027; x_wconf 85' lang='lat' dir='ltr'><strong>bestias</strong></span> <span class='ocrx_word' id='word_1_111' title='bbox 2665 1982 2784 2028; x_wconf 85' lang='lat' dir='ltr'><strong>non</strong></span> 
     </span>
     <span class='ocr_line' id='line_1_15' title="bbox 496 2070 2436 2155; baseline -0.001 -20"><span class='ocrx_word' id='word_1_112' title='bbox 496 2075 747 2155; x_wconf 86' lang='lat' dir='ltr'><strong>poterat</strong></span> <span class='ocrx_word' id='word_1_113' title='bbox 794 2071 899 2134; x_wconf 89' lang='lat' dir='ltr'><strong>uel</strong></span> <span class='ocrx_word' id='word_1_114' title='bbox 942 2070 1199 2152; x_wconf 85' lang='lat' dir='ltr'><strong>perdere</strong></span> <span class='ocrx_word' id='word_1_115' title='bbox 1247 2071 1353 2134; x_wconf 89' lang='lat' dir='ltr'><strong>uel</strong></span> <span class='ocrx_word' id='word_1_116' title='bbox 1397 2070 1571 2134; x_wconf 88' lang='lat' dir='ltr'><strong>nasci</strong></span> <span class='ocrx_word' id='word_1_117' title='bbox 1619 2070 1832 2152; x_wconf 87' lang='lat' dir='ltr'><strong>potius</strong></span> <span class='ocrx_word' id='word_1_118' title='bbox 1880 2090 2003 2133; x_wconf 90' lang='lat' dir='ltr'><strong>non</strong></span> <span class='ocrx_word' id='word_1_119' title='bbox 2051 2071 2436 2152; x_wconf 88' lang='lat' dir='ltr'><strong>permittere.</strong></span> 
     </span>
    </p>

    <p class='ocr_par' dir='ltr' id='par_1_3' title="bbox 496 2175 2875 3750">
     <span class='ocr_line' id='line_1_16' title="bbox 588 2175 2869 2241; baseline -0.002 0"><span class='ocrx_word' id='word_1_120' title='bbox 588 2177 825 2241; x_wconf 88' lang='lat' dir='ltr'><strong>XVIII.</strong></span> <span class='ocrx_word' id='word_1_121' title='bbox 881 2177 973 2240; x_wconf 86' lang='lat' dir='ltr'><strong>Et</strong></span> <span class='ocrx_word' id='word_1_122' title='bbox 1027 2176 1398 2240; x_wconf 79' lang='lat' dir='ltr'><strong>excitauit</strong></span> <span class='ocrx_word' id='word_1_123' title='bbox 1454 2175 1800 2240; x_wconf 90' lang='lat' dir='ltr'><strong>dominus</strong></span> <span class='ocrx_word' id='word_1_124' title='bbox 1858 2176 2317 2241; x_wconf 88' lang='lat' dir='ltr'><strong>saluatorem</strong></span> <span class='ocrx_word' id='word_1_125' title='bbox 2373 2176 2668 2240; x_wconf 84' lang='lat' dir='ltr'><strong>Israhel</strong></span> <span class='ocrx_word' id='word_1_126' title='bbox 2717 2179 2788 2239; x_wconf 89' lang='lat' dir='ltr'><strong>et</strong></span> <span class='ocrx_word' id='word_1_127' title='bbox 2825 2198 2869 2236; x_wconf 65' lang='grc' dir='ltr'><strong>ιε</strong></span> 
     </span>
     <span class='ocr_line' id='line_1_17' title="bbox 499 2282 2786 2365; baseline -0.002 -16"><span class='ocrx_word' id='word_1_128' title='bbox 499 2284 839 2349; x_wconf 88' lang='lat' dir='ltr'><strong>saluauit</strong></span> <span class='ocrx_word' id='word_1_129' title='bbox 903 2302 1048 2349; x_wconf 83' lang='lat' dir='ltr'><strong>eOS.</strong></span> <span class='ocrx_word' id='word_1_130' title='bbox 1118 2282 1342 2348; x_wconf 90' lang='lat' dir='ltr'><strong>deinde</strong></span> <span class='ocrx_word' id='word_1_131' title='bbox 1408 2284 1589 2348; x_wconf 91' lang='lat' dir='ltr'><strong>uelut</strong></span> <span class='ocrx_word' id='word_1_132' title='bbox 1655 2286 2063 2365; x_wconf 85' lang='lat' dir='ltr'><strong>quaereretur</strong></span> <span class='ocrx_word' id='word_1_133' title='bbox 2127 2301 2314 2364; x_wconf 90' lang='lat' dir='ltr'><strong>quem</strong></span> <span class='ocrx_word' id='word_1_134' title='bbox 2382 2283 2786 2357; x_wconf 79' lang='lat' dir='ltr'><strong>saluatorem,</strong></span> 
     </span>
     <span class='ocr_line' id='line_1_18' title="bbox 501 2387 2787 2472; baseline -0.002 -15"><span class='ocrx_word' id='word_1_135' title='bbox 501 2390 940 2468; x_wconf 84' lang='lat' dir='ltr'><strong>Gothoniel‚</strong></span> <span class='ocrx_word' id='word_1_136' title='bbox 988 2391 1213 2472; x_wconf 88' lang='lat' dir='ltr'><strong>inquit,</strong></span> <span class='ocrx_word' id='word_1_137' title='bbox 1259 2390 1509 2454; x_wconf 88' lang='lat' dir='ltr'><strong>filium</strong></span> <span class='ocrx_word' id='word_1_138' title='bbox 1571 2389 1827 2455; x_wconf 84' lang='lat' dir='ltr'><strong>Cenez.</strong></span> <span class='ocrx_word' id='word_1_139' title='bbox 1877 2389 2313 2453; x_wconf 85' lang='lat' dir='ltr'><strong>accusatiuum</strong></span> <span class='ocrx_word' id='word_1_140' title='bbox 2362 2387 2530 2451; x_wconf 89' lang='lat' dir='ltr'><strong>enim</strong></span> <span class='ocrx_word' id='word_1_141' title='bbox 2568 2406 2787 2452; x_wconf 88' lang='lat' dir='ltr'><strong>casum</strong></span> 
     </span>
     <span class='ocr_line' id='line_1_19' title="bbox 496 2494 2786 2578; baseline -0.002 -15"><span class='ocrx_word' id='word_1_142' title='bbox 496 2499 600 2564; x_wconf 91' lang='lat' dir='ltr'><strong>hic</strong></span> <span class='ocrx_word' id='word_1_143' title='bbox 674 2498 977 2562; x_wconf 89' lang='lat' dir='ltr'><strong>debemus</strong></span> <span class='ocrx_word' id='word_1_144' title='bbox 1053 2498 1356 2578; x_wconf 78' lang='lat' dir='ltr'><strong>accipere,</strong></span> <span class='ocrx_word' id='word_1_145' title='bbox 1432 2500 1755 2578; x_wconf 85' lang='lat' dir='ltr'><strong>tamquam</strong></span> <span class='ocrx_word' id='word_1_146' title='bbox 1834 2496 2148 2560; x_wconf 91' lang='lat' dir='ltr'><strong>diceretur</strong></span> <span class='ocrx_word' id='word_1_147' title='bbox 2235 2494 2786 2572; x_wconf 82' lang='lat' dir='ltr'><strong>„Gothonielem“.</strong></span> 
     </span>
     <span class='ocr_line' id='line_1_20' title="bbox 498 2601 2787 2685; baseline -0.002 -16"><span class='ocrx_word' id='word_1_148' title='bbox 498 2604 953 2669; x_wconf 88' lang='lat' dir='ltr'><strong>aduertendum</strong></span> <span class='ocrx_word' id='word_1_149' title='bbox 991 2607 1090 2666; x_wconf 88' lang='lat' dir='ltr'><strong>est</strong></span> <span class='ocrx_word' id='word_1_150' title='bbox 1126 2605 1339 2666; x_wconf 88' lang='lat' dir='ltr'><strong>autem</strong></span> <span class='ocrx_word' id='word_1_151' title='bbox 1379 2603 1547 2685; x_wconf 86' lang='lat' dir='ltr'><strong>quod</strong></span> <span class='ocrx_word' id='word_1_152' title='bbox 1586 2605 1967 2667; x_wconf 87' lang='lat' dir='ltr'><strong>saluatorem</strong></span> <span class='ocrx_word' id='word_1_153' title='bbox 2010 2601 2179 2665; x_wconf 88' lang='lat' dir='ltr'><strong>dicat</strong></span> <span class='ocrx_word' id='word_1_154' title='bbox 2215 2601 2406 2665; x_wconf 91' lang='lat' dir='ltr'><strong>etiam</strong></span> <span class='ocrx_word' id='word_1_155' title='bbox 2445 2601 2787 2676; x_wconf 84' lang='lat' dir='ltr'><strong>hominem,</strong></span> 
     </span>
     <span class='ocr_line' id='line_1_21' title="bbox 499 2708 2872 2794; baseline -0.002 -19"><span class='ocrx_word' id='word_1_156' title='bbox 499 2732 609 2794; x_wconf 90' lang='lat' dir='ltr'><strong>per</strong></span> <span class='ocrx_word' id='word_1_157' title='bbox 641 2730 829 2793; x_wconf 90' lang='lat' dir='ltr'><strong>quern</strong></span> <span class='ocrx_word' id='word_1_158' title='bbox 859 2710 1013 2773; x_wconf 85' lang='lat' dir='ltr'><strong>deus</strong></span> <span class='ocrx_word' id='word_1_159' title='bbox 1054 2710 1268 2773; x_wconf 89' lang='lat' dir='ltr'><strong>saluos</strong></span> <span class='ocrx_word' id='word_1_160' title='bbox 1307 2709 1521 2773; x_wconf 87' lang='lat' dir='ltr'><strong>faciat.</strong></span> <span class='ocrx_word' id='word_1_161' title='bbox 1561 2729 1706 2774; x_wconf 90' lang='lat' dir='ltr'><strong>nam</strong></span> <span class='ocrx_word' id='word_1_162' title='bbox 1746 2709 2266 2774; x_wconf 86' lang='lat' dir='ltr'><strong>clamauerunt</strong></span> <span class='ocrx_word' id='word_1_163' title='bbox 2302 2708 2456 2771; x_wconf 87' lang='lat' dir='ltr'><strong>filii</strong></span> <span class='ocrx_word' id='word_1_164' title='bbox 2495 2708 2788 2771; x_wconf 88' lang='lat' dir='ltr'><strong>Israhel</strong></span> <span class='ocrx_word' id='word_1_165' title='bbox 2822 2732 2872 2770; x_wconf 70' lang='lat' dir='ltr'><strong>zo</strong></span> 
     </span>
     <span class='ocr_line' id='line_1_22' title="bbox 501 2814 2788 2890; baseline -0.001 -10"><span class='ocrx_word' id='word_1_166' title='bbox 501 2817 588 2880; x_wconf 85' lang='lat' dir='ltr'><strong>ad</strong></span> <span class='ocrx_word' id='word_1_167' title='bbox 637 2816 1044 2890; x_wconf 89' lang='lat' dir='ltr'><strong>dominum;</strong></span> <span class='ocrx_word' id='word_1_168' title='bbox 1095 2819 1167 2879; x_wconf 92' lang='lat' dir='ltr'><strong>et</strong></span> <span class='ocrx_word' id='word_1_169' title='bbox 1205 2814 1575 2879; x_wconf 80' lang='lat' dir='ltr'><strong>excitauit</strong></span> <span class='ocrx_word' id='word_1_170' title='bbox 1612 2816 1954 2880; x_wconf 86' lang='lat' dir='ltr'><strong>dominus</strong></span> <span class='ocrx_word' id='word_1_171' title='bbox 1994 2815 2457 2880; x_wconf 88' lang='lat' dir='ltr'><strong>saluatorem</strong></span> <span class='ocrx_word' id='word_1_172' title='bbox 2493 2814 2788 2878; x_wconf 88' lang='lat' dir='ltr'><strong>Israhel</strong></span> 
     </span>
     <span class='ocr_line' id='line_1_23' title="bbox 502 2919 2787 2998; baseline -0.002 -12"><span class='ocrx_word' id='word_1_173' title='bbox 502 2926 574 2986; x_wconf 93' lang='lat' dir='ltr'><strong>et</strong></span> <span class='ocrx_word' id='word_1_174' title='bbox 621 2921 962 2985; x_wconf 87' lang='lat' dir='ltr'><strong>saluauit</strong></span> <span class='ocrx_word' id='word_1_175' title='bbox 998 2940 1153 2998; x_wconf 81' lang='lat' dir='ltr'><strong>eoS‚</strong></span> <span class='ocrx_word' id='word_1_176' title='bbox 1199 2919 1607 2986; x_wconf 88' lang='lat' dir='ltr'><strong>Gothoniel</strong></span> <span class='ocrx_word' id='word_1_177' title='bbox 1646 2923 1896 2987; x_wconf 89' lang='lat' dir='ltr'><strong>filium</strong></span> <span class='ocrx_word' id='word_1_178' title='bbox 1937 2922 2171 2987; x_wconf 87' lang='lat' dir='ltr'><strong>Cenez</strong></span> <span class='ocrx_word' id='word_1_179' title='bbox 2210 2922 2519 2985; x_wconf 89' lang='lat' dir='ltr'><strong>fratrem</strong></span> <span class='ocrx_word' id='word_1_180' title='bbox 2562 2920 2787 2985; x_wconf 84' lang='lat' dir='ltr'><strong>Caleb</strong></span> 
     </span>
     <span class='ocr_line' id='line_1_24' title="bbox 500 3028 2789 3110; baseline -0.001 -18"><span class='ocrx_word' id='word_1_181' title='bbox 500 3028 870 3092; x_wconf 90' lang='lat' dir='ltr'><strong>iuniorem</strong></span> <span class='ocrx_word' id='word_1_182' title='bbox 916 3028 1199 3110; x_wconf 81' lang='lat' dir='ltr'><strong>ipsius,</strong></span> <span class='ocrx_word' id='word_1_183' title='bbox 1249 3030 1322 3090; x_wconf 91' lang='lat' dir='ltr'><strong>et</strong></span> <span class='ocrx_word' id='word_1_184' title='bbox 1370 3029 1762 3093; x_wconf 87' lang='lat' dir='ltr'><strong>exaudiuit</strong></span> <span class='ocrx_word' id='word_1_185' title='bbox 1809 3048 1953 3093; x_wconf 90' lang='lat' dir='ltr'><strong>eos.</strong></span> <span class='ocrx_word' id='word_1_186' title='bbox 2000 3028 2165 3092; x_wconf 88' lang='lat' dir='ltr'><strong>inter</strong></span> <span class='ocrx_word' id='word_1_187' title='bbox 2210 3028 2321 3090; x_wconf 88' lang='lat' dir='ltr'><strong>illa</strong></span> <span class='ocrx_word' id='word_1_188' title='bbox 2367 3030 2581 3091; x_wconf 85' lang='lat' dir='ltr'><strong>autem</strong></span> <span class='ocrx_word' id='word_1_189' title='bbox 2630 3046 2789 3108; x_wconf 87' lang='lat' dir='ltr'><strong>quae</strong></span> 
     </span>
     <span class='ocr_line' id='line_1_25' title="bbox 500 3127 2792 3218; baseline -0.001 -20"><span class='ocrx_word' id='word_1_190' title='bbox 500 3134 895 3216; x_wconf 89' lang='lat' dir='ltr'><strong>appellantur</strong></span> <span class='ocrx_word' id='word_1_191' title='bbox 940 3127 1262 3215; x_wconf 79' lang='grc' dir='ltr'>ὑπὲρβατα,</span> <span class='ocrx_word' id='word_1_192' title='bbox 1310 3134 1428 3198; x_wconf 92' lang='lat' dir='ltr'><strong>hoc</strong></span> <span class='ocrx_word' id='word_1_193' title='bbox 1478 3155 1678 3218; x_wconf 86' lang='lat' dir='ltr'><strong>genus</strong></span> <span class='ocrx_word' id='word_1_194' title='bbox 1726 3154 1932 3199; x_wconf 90' lang='lat' dir='ltr'><strong>rarum</strong></span> <span class='ocrx_word' id='word_1_195' title='bbox 1984 3139 2102 3208; x_wconf 80' lang='lat' dir='ltr'><strong>est,</strong></span> <span class='ocrx_word' id='word_1_196' title='bbox 2152 3133 2452 3215; x_wconf 89' lang='lat' dir='ltr'><strong>quoniam</strong></span> <span class='ocrx_word' id='word_1_197' title='bbox 2500 3133 2792 3197; x_wconf 88' lang='lat' dir='ltr'><strong>habetet</strong></span> 
     </span>
     <span class='ocr_line' id='line_1_26' title="bbox 498 3237 2875 3324; baseline -0.002 -18"><span class='ocrx_word' id='word_1_198' title='bbox 498 3241 662 3306; x_wconf 90' lang='lat' dir='ltr'><strong>illud</strong></span> <span class='ocrx_word' id='word_1_199' title='bbox 718 3240 887 3321; x_wconf 86' lang='lat' dir='ltr'><strong>quod</strong></span> <span class='ocrx_word' id='word_1_200' title='bbox 936 3238 1158 3305; x_wconf 87' lang='lat' dir='ltr'><strong>Graeci</strong></span> <span class='ocrx_word' id='word_1_201' title='bbox 1207 3244 1440 3305; x_wconf 89' lang='lat' dir='ltr'><strong>uocant</strong></span> <span class='ocrx_word' id='word_1_202' title='bbox 1484 3237 1924 3324; x_wconf 73' lang='grc' dir='ltr'>ὁστερολογίαν.</span> <span class='ocrx_word' id='word_1_203' title='bbox 1973 3240 2142 3323; x_wconf 91' lang='lat' dir='ltr'><strong>quod</strong></span> <span class='ocrx_word' id='word_1_204' title='bbox 2189 3240 2353 3304; x_wconf 90' lang='lat' dir='ltr'><strong>enim</strong></span> <span class='ocrx_word' id='word_1_205' title='bbox 2403 3242 2492 3302; x_wconf 89' lang='lat' dir='ltr'><strong>ait</strong></span> <span class='ocrx_word' id='word_1_206' title='bbox 2538 3243 2788 3322; x_wconf 85' lang='lat' dir='ltr'><strong>postea:</strong></span> <span class='ocrx_word' id='word_1_207' title='bbox 2825 3262 2875 3301; x_wconf 59' lang='grc' dir='ltr'><strong>ιε</strong></span> 
     </span>
     <span class='ocr_line' id='line_1_27' title="bbox 501 3345 2789 3429; baseline -0.001 -18"><span class='ocrx_word' id='word_1_208' title='bbox 501 3351 574 3411; x_wconf 89' lang='lat' dir='ltr'><strong>et</strong></span> <span class='ocrx_word' id='word_1_209' title='bbox 621 3346 1012 3410; x_wconf 86' lang='lat' dir='ltr'><strong>exaudiuit</strong></span> <span class='ocrx_word' id='word_1_210' title='bbox 1060 3366 1220 3422; x_wconf 67' lang='lat' dir='ltr'><strong>coe,</strong></span> <span class='ocrx_word' id='word_1_211' title='bbox 1272 3347 1325 3411; x_wconf 91' lang='lat' dir='ltr'><strong>si</strong></span> <span class='ocrx_word' id='word_1_212' title='bbox 1375 3348 1551 3429; x_wconf 90' lang='lat' dir='ltr'><strong>prius</strong></span> <span class='ocrx_word' id='word_1_213' title='bbox 1599 3349 1885 3428; x_wconf 83' lang='lat' dir='ltr'><strong>ponatur,</strong></span> <span class='ocrx_word' id='word_1_214' title='bbox 1936 3346 2009 3409; x_wconf 89' lang='lat' dir='ltr'><strong>fit</strong></span> <span class='ocrx_word' id='word_1_215' title='bbox 2055 3365 2259 3410; x_wconf 89' lang='lat' dir='ltr'><strong>sermo</strong></span> <span class='ocrx_word' id='word_1_216' title='bbox 2307 3345 2598 3411; x_wconf 89' lang='lat' dir='ltr'><strong>lucidior.</strong></span> <span class='ocrx_word' id='word_1_217' title='bbox 2646 3366 2789 3410; x_wconf 87' lang='lat' dir='ltr'><strong>nam</strong></span> 
     </span>
     <span class='ocr_line' id='line_1_28' title="bbox 501 3453 2790 3518; baseline -0 -1"><span class='ocrx_word' id='word_1_218' title='bbox 501 3453 650 3518; x_wconf 90' lang='lat' dir='ltr'><strong>ordo</strong></span> <span class='ocrx_word' id='word_1_219' title='bbox 692 3457 820 3517; x_wconf 86' lang='lat' dir='ltr'><strong>est:</strong></span> <span class='ocrx_word' id='word_1_220' title='bbox 863 3457 926 3517; x_wconf 90' lang='lat' dir='ltr'><strong>et</strong></span> <span class='ocrx_word' id='word_1_221' title='bbox 963 3454 1398 3517; x_wconf 88' lang='lat' dir='ltr'><strong>clamauerunt</strong></span> <span class='ocrx_word' id='word_1_222' title='bbox 1431 3453 1545 3516; x_wconf 90' lang='lat' dir='ltr'><strong>filii</strong></span> <span class='ocrx_word' id='word_1_223' title='bbox 1583 3453 1825 3517; x_wconf 86' lang='lat' dir='ltr'><strong>Israhel</strong></span> <span class='ocrx_word' id='word_1_224' title='bbox 1863 3454 1940 3517; x_wconf 87' lang='lat' dir='ltr'><strong>ad</strong></span> <span class='ocrx_word' id='word_1_225' title='bbox 1979 3453 2327 3518; x_wconf 90' lang='lat' dir='ltr'><strong>dominum.</strong></span> <span class='ocrx_word' id='word_1_226' title='bbox 2368 3458 2434 3517; x_wconf 89' lang='lat' dir='ltr'><strong>et</strong></span> <span class='ocrx_word' id='word_1_227' title='bbox 2469 3453 2790 3517; x_wconf 84' lang='lat' dir='ltr'><strong>exaudiuit</strong></span> 
     </span>
     <span class='ocr_line' id='line_1_29' title="bbox 501 3559 2786 3642; baseline -0 -19"><span class='ocrx_word' id='word_1_228' title='bbox 501 3579 610 3624; x_wconf 89' lang='lat' dir='ltr'><strong>eos</strong></span> <span class='ocrx_word' id='word_1_229' title='bbox 669 3564 733 3623; x_wconf 90' lang='lat' dir='ltr'><strong>et</strong></span> <span class='ocrx_word' id='word_1_230' title='bbox 779 3560 1081 3624; x_wconf 83' lang='lat' dir='ltr'><strong>excitauit</strong></span> <span class='ocrx_word' id='word_1_231' title='bbox 1128 3560 1420 3623; x_wconf 90' lang='lat' dir='ltr'><strong>dominus</strong></span> <span class='ocrx_word' id='word_1_232' title='bbox 1469 3559 1851 3625; x_wconf 90' lang='lat' dir='ltr'><strong>saluatorem</strong></span> <span class='ocrx_word' id='word_1_233' title='bbox 1898 3561 2159 3624; x_wconf 89' lang='lat' dir='ltr'><strong>Israhel.</strong></span> <span class='ocrx_word' id='word_1_234' title='bbox 2209 3560 2432 3625; x_wconf 88' lang='lat' dir='ltr'><strong>deinde</strong></span> <span class='ocrx_word' id='word_1_235' title='bbox 2481 3560 2649 3642; x_wconf 91' lang='lat' dir='ltr'><strong>quod</strong></span> <span class='ocrx_word' id='word_1_236' title='bbox 2687 3560 2786 3623; x_wconf 92' lang='lat' dir='ltr'><strong>hic</strong></span> 
     </span>
     <span class='ocr_line' id='line_1_30' title="bbox 501 3666 2785 3750; baseline -0.001 -20"><span class='ocrx_word' id='word_1_237' title='bbox 501 3667 947 3748; x_wconf 74' lang='lat' dir='ltr'><strong>inteipositum</strong></span> <span class='ocrx_word' id='word_1_238' title='bbox 1016 3669 1140 3731; x_wconf 87' lang='lat' dir='ltr'><strong>est:</strong></span> <span class='ocrx_word' id='word_1_239' title='bbox 1210 3670 1283 3730; x_wconf 89' lang='lat' dir='ltr'><strong>et</strong></span> <span class='ocrx_word' id='word_1_240' title='bbox 1347 3666 1684 3731; x_wconf 86' lang='lat' dir='ltr'><strong>saluauit</strong></span> <span class='ocrx_word' id='word_1_241' title='bbox 1748 3685 1904 3744; x_wconf 79' lang='lat' dir='ltr'><strong>e08‚</strong></span> <span class='ocrx_word' id='word_1_242' title='bbox 1962 3670 2026 3731; x_wconf 91' lang='lat' dir='ltr'><strong>et</strong></span> <span class='ocrx_word' id='word_1_243' title='bbox 2078 3672 2301 3750; x_wconf 88' lang='lat' dir='ltr'><strong>postea</strong></span> <span class='ocrx_word' id='word_1_244' title='bbox 2357 3666 2601 3730; x_wconf 82' lang='lat' dir='ltr'><strong>dictum</strong></span> <span class='ocrx_word' id='word_1_245' title='bbox 2659 3669 2785 3730; x_wconf 85' lang='lat' dir='ltr'><strong>est:</strong></span> 
     </span>
    </p>
   </div>
   <div class='ocr_carea' id='block_1_3' title="bbox 681 3923 1702 3986">
    <p class='ocr_par' dir='ltr' id='par_1_4' title="bbox 681 3923 1702 3986">
     <span class='ocr_line' id='line_1_31' title="bbox 681 3923 1702 3986; baseline -0.002 -8"><span class='ocrx_word' id='word_1_246' title='bbox 681 3926 714 3978; x_wconf 79' lang='lat'>2</span> <span class='ocrx_word' id='word_1_247' title='bbox 753 3925 844 3978; x_wconf 85' lang='lat' dir='ltr'><strong>Ex.</strong></span> <span class='ocrx_word' id='word_1_248' title='bbox 885 3926 971 3985; x_wconf 80' lang='lat'><strong>23,</strong></span> <span class='ocrx_word' id='word_1_249' title='bbox 1012 3925 1095 3978; x_wconf 81' lang='lat'><strong>29.</strong></span> <span class='ocrx_word' id='word_1_250' title='bbox 1135 3926 1204 3978; x_wconf 88' lang='grc'><strong>30</strong></span> <span class='ocrx_word' id='word_1_251' title='bbox 1317 3925 1382 3977; x_wconf 88' lang='grc'><strong>15</strong></span> <span class='ocrx_word' id='word_1_252' title='bbox 1421 3923 1538 3977; x_wconf 87' lang='lat' dir='ltr'><strong>Iud.</strong></span> <span class='ocrx_word' id='word_1_253' title='bbox 1580 3924 1629 3986; x_wconf 84' lang='lat'><strong>3,</strong></span> <span class='ocrx_word' id='word_1_254' title='bbox 1669 3925 1702 3977; x_wconf 88' lang='grc'><strong>9</strong></span> 
     </span>
    </p>
   </div>
   <div class='ocr_carea' id='block_1_4' title="bbox 500 4045 2794 4293">
    <p class='ocr_par' dir='ltr' id='par_1_5' title="bbox 500 4045 2794 4293">
     <span class='ocr_line' id='line_1_32' title="bbox 577 4045 2794 4116; baseline 0.001 -16"><span class='ocrx_word' id='word_1_255' title='bbox 577 4049 603 4101; x_wconf 97' lang='grc'><strong>1</strong></span> <span class='ocrx_word' id='word_1_256' title='bbox 648 4047 870 4101; x_wconf 80' lang='lat' dir='ltr'><strong>deutero</strong></span> <span class='ocrx_word' id='word_1_257' title='bbox 908 4046 957 4100; x_wconf 81' lang='lat' dir='ltr'><strong><em>S</em></strong></span> <span class='ocrx_word' id='word_1_258' title='bbox 1096 4047 1299 4100; x_wconf 87' lang='lat' dir='ltr'><strong>domini</strong></span> <span class='ocrx_word' id='word_1_259' title='bbox 1344 4047 1394 4100; x_wconf 87' lang='lat' dir='ltr'><em>T</em></span> <span class='ocrx_word' id='word_1_260' title='bbox 1522 4049 1558 4100; x_wconf 88' lang='lat'>4</span> <span class='ocrx_word' id='word_1_261' title='bbox 1597 4047 1807 4116; x_wconf 85' lang='lat' dir='ltr'><strong>eiciam]</strong></span> <span class='ocrx_word' id='word_1_262' title='bbox 1846 4047 2010 4101; x_wconf 80' lang='lat' dir='ltr'><strong>etiam</strong></span> <span class='ocrx_word' id='word_1_263' title='bbox 2048 4046 2169 4100; x_wconf 72' lang='grc' dir='ltr'><strong>Ρδι</strong></span> <span class='ocrx_word' id='word_1_264' title='bbox 2303 4049 2335 4101; x_wconf 86' lang='grc'><strong>5</strong></span> <span class='ocrx_word' id='word_1_265' title='bbox 2375 4047 2698 4102; x_wconf 82' lang='lat' dir='ltr'><strong>hereditatis</strong></span> <span class='ocrx_word' id='word_1_266' title='bbox 2731 4045 2794 4101; x_wconf 84' lang='lat' dir='ltr'><strong><em>N</em></strong></span> 
     </span>
     <span class='ocr_line' id='line_1_33' title="bbox 500 4135 2783 4209; baseline -0.001 -18"><span class='ocrx_word' id='word_1_267' title='bbox 500 4141 753 4209; x_wconf 85' lang='lat' dir='ltr'><strong>poterant</strong></span> <span class='ocrx_word' id='word_1_268' title='bbox 789 4136 862 4190; x_wconf 78' lang='lat'><strong>12¹</strong></span> <span class='ocrx_word' id='word_1_269' title='bbox 978 4138 1011 4190; x_wconf 85' lang='lat'>6</span> <span class='ocrx_word' id='word_1_270' title='bbox 1047 4135 1209 4206; x_wconf 85' lang='lat' dir='ltr'><strong>hanc]</strong></span> <span class='ocrx_word' id='word_1_271' title='bbox 1252 4141 1377 4190; x_wconf 78' lang='lat' dir='ltr'><strong>aute</strong></span> <span class='ocrx_word' id='word_1_272' title='bbox 1424 4135 1475 4189; x_wconf 90' lang='lat' dir='ltr'><strong><em>V</em></strong></span> <span class='ocrx_word' id='word_1_273' title='bbox 1584 4137 1650 4189; x_wconf 84' lang='lat'><strong>14</strong></span> <span class='ocrx_word' id='word_1_274' title='bbox 1686 4136 1857 4205; x_wconf 85' lang='lat' dir='ltr'><strong>nasci]</strong></span> <span class='ocrx_word' id='word_1_275' title='bbox 1897 4137 2043 4206; x_wconf 85' lang='lat' dir='ltr'><strong>pasci</strong></span> <span class='ocrx_word' id='word_1_276' title='bbox 2080 4136 2370 4190; x_wconf 82' lang='lat' dir='ltr'><strong>PSNVbd</strong></span> <span class='ocrx_word' id='word_1_277' title='bbox 2487 4139 2552 4191; x_wconf 84' lang='lat'><strong>17</strong></span> <span class='ocrx_word' id='word_1_278' title='bbox 2593 4137 2783 4207; x_wconf 86' lang='lat' dir='ltr'><strong>gotho·</strong></span> 
     </span>
     <span class='ocr_line' id='line_1_34' title="bbox 502 4223 2789 4293; baseline -0.001 -14"><span class='ocrx_word' id='word_1_279' title='bbox 502 4225 649 4280; x_wconf 86' lang='lat' dir='ltr'><strong>nihel</strong></span> <span class='ocrx_word' id='word_1_280' title='bbox 690 4224 734 4278; x_wconf 85' lang='lat' dir='ltr'><strong><em>S</em></strong></span> <span class='ocrx_word' id='word_1_281' title='bbox 870 4225 935 4278; x_wconf 83' lang='lat'><strong>18</strong></span> <span class='ocrx_word' id='word_1_282' title='bbox 974 4224 1176 4278; x_wconf 86' lang='lat' dir='ltr'><strong>diceret</strong></span> <span class='ocrx_word' id='word_1_283' title='bbox 1212 4223 1332 4278; x_wconf 83' lang='lat' dir='ltr'><strong>de</strong></span> <span class='ocrx_word' id='word_1_284' title='bbox 1473 4225 1747 4293; x_wconf 86' lang='lat' dir='ltr'><strong>gotoelem</strong></span> <span class='ocrx_word' id='word_1_285' title='bbox 1786 4223 1833 4277; x_wconf 82' lang='lat' dir='ltr'><strong><em>S</em></strong></span> <span class='ocrx_word' id='word_1_286' title='bbox 1866 4225 2195 4293; x_wconf 84' lang='lat' dir='ltr'><strong>gotonielem</strong></span> <span class='ocrx_word' id='word_1_287' title='bbox 2235 4225 2292 4278; x_wconf 71' lang='lat' dir='ltr'><strong><em>N</em></strong></span> <span class='ocrx_word' id='word_1_288' title='bbox 2428 4226 2701 4289; x_wconf 78' lang='lat' dir='ltr'><strong>22,frater</strong></span> <span class='ocrx_word' id='word_1_289' title='bbox 2741 4223 2789 4276; x_wconf 90' lang='grc' dir='ltr'><em>Τ</em></span> 
     </span>
    </p>
   </div>
   <div class='ocr_carea' id='block_1_5' title="bbox 503 4311 2789 4472">
    <p class='ocr_par' dir='ltr' id='par_1_6' title="bbox 503 4311 2789 4472">
     <span class='ocr_line' id='line_1_35' title="bbox 503 4311 2789 4384; baseline -0.001 -16"><span class='ocrx_word' id='word_1_290' title='bbox 503 4316 571 4369; x_wconf 84' lang='grc'><strong>23</strong></span> <span class='ocrx_word' id='word_1_291' title='bbox 619 4313 795 4366; x_wconf 87' lang='lat' dir='ltr'><strong>iunior</strong></span> <span class='ocrx_word' id='word_1_292' title='bbox 840 4312 891 4366; x_wconf 89' lang='lat' dir='ltr'><em>T</em></span> <span class='ocrx_word' id='word_1_293' title='bbox 1099 4311 1187 4364; x_wconf 74' lang='grc' dir='ltr'><strong>καὶ</strong></span> <span class='ocrx_word' id='word_1_294' title='bbox 1224 4312 1525 4383; x_wconf 64' lang='grc' dir='ltr'>εἱπήκοοσεν</span> <span class='ocrx_word' id='word_1_295' title='bbox 1565 4311 1735 4363; x_wconf 71' lang='grc' dir='ltr'>αὐτῶν</span> <span class='ocrx_word' id='word_1_296' title='bbox 1780 4312 1919 4381; x_wconf 74' lang='lat' dir='ltr'><strong>Laq.</strong></span> <span class='ocrx_word' id='word_1_297' title='bbox 2102 4314 2173 4367; x_wconf 78' lang='grc'><strong>24</strong></span> <span class='ocrx_word' id='word_1_298' title='bbox 2214 4313 2481 4384; x_wconf 76' lang='lat' dir='ltr'><strong>yperbata</strong></span> <span class='ocrx_word' id='word_1_299' title='bbox 2526 4314 2686 4368; x_wconf 79' lang='lat' dir='ltr'><strong>PSN</strong></span> <span class='ocrx_word' id='word_1_300' title='bbox 2693 4311 2789 4367; x_wconf 82' lang='lat' dir='ltr'><strong>VT</strong></span> 
     </span>
     <span class='ocr_line' id='line_1_36' title="bbox 504 4400 2185 4472; baseline -0.001 -16"><span class='ocrx_word' id='word_1_301' title='bbox 504 4405 571 4458; x_wconf 82' lang='lat'><strong>25</strong></span> <span class='ocrx_word' id='word_1_302' title='bbox 608 4402 973 4472; x_wconf 72' lang='lat' dir='ltr'><strong>ysterologiam</strong></span> <span class='ocrx_word' id='word_1_303' title='bbox 1014 4401 1175 4454; x_wconf 85' lang='lat' dir='ltr'><strong>PVT</strong></span> <span class='ocrx_word' id='word_1_304' title='bbox 1204 4401 1592 4470; x_wconf 78' lang='lat' dir='ltr'><strong>ysterologiam</strong></span> <span class='ocrx_word' id='word_1_305' title='bbox 1632 4400 1678 4455; x_wconf 76' lang='lat' dir='ltr'><strong><em>S</em></strong></span> <span class='ocrx_word' id='word_1_306' title='bbox 1708 4401 2080 4471; x_wconf 55' lang='lat' dir='ltr'><strong>yjsserologian</strong></span> <span class='ocrx_word' id='word_1_307' title='bbox 2117 4402 2185 4455; x_wconf 87' lang='lat' dir='ltr'><strong><em>N</em></strong></span> 
     </span>
    </p>
   </div>
  </div>
 </body>
</html>
