3076 4976
992 500 1520 554 Adnotationum
1561 501 1625 553 in
1663 499 1778 554 Iob
1818 501 1992 554 liber
2028 500 2070 554 Ι.
2542 505 2671 568 605

379 696 539 778 giis
590 695 857 776 abyssi
907 695 1322 759 ambulas?
1397 695 1668 778 abyssus
1727 694 1831 758 hic
1879 696 2045 758 recte
2094 694 2489 778 intellegitur
2536 695 2671 760 uita.

378 801 736 878 saeculariS,
798 820 1231 883 quaecumque
1291 803 1390 864 est
1444 801 1506 864 in
1562 800 1871 882 profundo
1921 801 2257 878 malorum,
2307 820 2454 883 qu0,
2505 801 2673 866 sicut

378 908 683 990 scriptum
744 911 861 984 est,
923 926 1092 972 cum
1151 908 1474 972 uenerit
1529 914 1913 990 peccator
1968 912 2471 984 contemnet,
2524 908 2670 990 quia

372 1015 496 1097 ipsi
554 1033 802 1097 quoque
861 1014 1359 1097 desperatissimi
1417 1013 1689 1078 subiecti
1749 1014 1989 1097 gratiae
2054 1035 2165 1097 per
2228 999 2668 1079 remissionem

309 1144 335 1184 5
372 1126 775 1203 peccatorum
822 1120 986 1184 salui
1033 1120 1185 1184 facti
1233 1124 1620 1185 emerserunt
1665 1123 1730 1184 et
1774 1124 2147 1201 receperunt
2185 1120 2506 1186 Christum
2547 1140 2668 1185 non

372 1228 433 1291 in
512 1229 812 1309 abyssum
880 1246 1003 1309 quo
1071 1228 1538 1310 premebantur,
1607 1228 1719 1291 sed
1782 1228 1846 1291 in
1913 1230 2127 1293 locum
2195 1228 2354 1305 eius,
2422 1231 2493 1291 ut
2558 1227 2667 1290 ubi

373 1334 740 1398 ambulabat
796 1334 1043 1398 calcans
1103 1352 1211 1397 eos
1278 1333 1562 1398 ambulet
1625 1335 1985 1400 inhabitans
2055 1354 2161 1399 eos
2230 1335 2523 1401 Christus
2589 1334 2665 1397 in

369 1440 767 1524 uestigiis
817 1440 1126 1523 abyssi,
1175 1441 1651 1506 remanentibus
1700 1460 1811 1523 per
1847 1443 2219 1508 memoriam
2257 1446 2662 1523 peccatorum

371 1566 648 1621 suorum,
707 1549 780 1611 ut
838 1547 988 1611 dum
1035 1549 1327 1612 recolunt
1373 1548 1485 1610 ubi
1532 1548 1788 1624 fuerint,
1839 1550 2114 1632 amplius
2163 1549 2432 1632 diligant
2479 1568 2666 1630 quem

281 1679 332 1717 10
368 1657 761 1734 receperunt,
789 1672 825 1716 a
854 1673 978 1734 quo
1011 1654 1133 1717 sibi
1164 1657 1343 1717 tauta
1373 1654 1639 1719 dimissa
1669 1659 1836 1721 sunt.
1880 1659 2008 1720 aut
2045 1655 2191 1719 tibi
2223 1656 2667 1738 aperiuntur

368 1764 584 1823 metu
622 1763 904 1842 portae
942 1759 1282 1824 mortis?
1324 1761 1618 1824 omnibus
1660 1762 1825 1825 enim
1855 1762 2269 1826 morientibus
2301 1762 2665 1843 aperiuntur

367 1869 584 1948 portae
644 1867 889 1944 mortis,
950 1867 1060 1931 sed
1118 1886 1238 1931 non
1296 1870 1494 1943 metu,
1556 1867 1724 1932 sicut
1778 1869 1886 1932 uni
1942 1869 2038 1932 illi
2088 1868 2195 1949 qui
2244 1868 2661 1935 destruendae

364 1973 587 2037 mortis
629 1993 821 2037 causa
858 1977 1148 2037 mortuus
1188 1976 1304 2039 est.
1340 1979 1450 2037 aut
1480 1979 1647 2038 certe
1677 1975 2046 2057 aperiuntur
2074 1974 2150 2039 ad
2181 1974 2659 2057 resurgendum.

365 2085 503 2143 aut
557 2080 964 2144 ianitores
1022 2080 1327 2144 inferni
1375 2079 1759 2144 uidentes
1808 2084 1885 2145 te
1933 2081 2437 2147 timuerunt?
2485 2082 2655 2145 sicut

273 2215 325 2254 15
361 2187 544 2250 illum
619 2206 839 2253 unum.
913 2186 978 2249 in
1053 2205 1177 2268 quo
1251 2187 1408 2250 nihil
1478 2186 1743 2270 dignum
1805 2191 2007 2252 morte
2072 2188 2364 2270 princeps
2432 2189 2652 2252 mundi

358 2293 622 2370 inuenit,
685 2312 874 2376 quem
929 2295 1061 2356 tam
1120 2292 1244 2356 cito
1304 2293 1701 2368 dimiserunt,
1762 2314 1949 2375 quem
2007 2294 2195 2358 inuiti
2242 2294 2650 2359 admiserunt.

359 2400 544 2464 inferi
621 2404 832 2463 autem
908 2399 1208 2464 ianitores
1296 2400 1544 2481 aliquae
1627 2400 1952 2465 inferiores
2036 2404 2388 2483 potestates
2461 2401 2652 2464 morti

357 2508 754 2591 praepositae
811 2507 1278 2591 intellegendae
1335 2511 1505 2572 sunt.
1573 2511 1711 2571 aut
1760 2527 1843 2572 co
1863 2509 2237 2592 gnouisti
2283 2509 2431 2572 lati
2453 2508 2647 2572 tudi-

358 2635 393 2678 n
416 2635 527 2679 em
603 2614 748 2679 sub
826 2615 1099 2679 caelo?
1178 2615 1346 2679 sicut
1419 2615 1722 2697 cognouit
1797 2615 1904 2697 qui
1978 2634 2089 2698 per
2153 2616 2330 2679 illam
2398 2615 2651 2679 diffudit

264 2750 319 2790 20
358 2721 718 2785 ecclesiam.
795 2740 1027 2785 narra
1102 2740 1291 2805 ergo
1365 2721 1567 2785 mihi
1641 2725 1942 2802 quanta
2017 2741 2378 2803 quaeque
2445 2722 2645 2785 sint:

357 2827 502 2909 quis
564 2828 731 2891 enim
787 2829 909 2893 hoc
965 2828 1146 2904 sciat,
1204 2828 1328 2892 nisi
1386 2848 1573 2910 quem
1630 2827 1740 2891 ille
1797 2828 2125 2893 docuerit?
2185 2831 2322 2892 aut
2374 2828 2449 2891 in
2501 2847 2648 2911 qua

353 2936 575 2998 terra
631 2934 956 2999 habitat
1011 2935 1190 2998 lux?
1249 2935 1356 2999 ille
1408 2934 1575 2998 enim
1626 2934 1829 3009 docet,
1880 2935 2027 3017 quia
2074 2934 2644 2998 manifestatio

352 3041 787 3107 uerborum
835 3042 972 3105 eius
1020 3041 1464 3106 inluminat
1502 3046 1581 3105 et
1616 3041 2112 3125 intellegere
2152 3041 2360 3104 facit
2396 3040 2645 3104 infan-

352 3151 500 3213 teS.
551 3150 689 3212 aut
736 3147 921 3230 quis
969 3148 1486 3211 tenebrarum
1523 3149 1804 3212 locus?
1848 3148 1965 3212 hoc
2005 3167 2254 3229 quoque
2290 3147 2399 3210 ille
2440 3148 2643 3219 docet,

258 3286 313 3325 ετ,
355 3254 463 3334 qui
511 3253 698 3317 dicit:
749 3253 1125 3318 accedite
1165 3254 1256 3317 ad
1295 3273 1465 3317 eum
1506 3257 1586 3318 et
1621 3254 2250 3318 inluminamini.
2291 3253 2438 3317 hinc
2477 3253 2644 3317 enim

352 3360 633 3424 ostendit
707 3380 814 3425 eos
892 3361 1327 3424 tenebrescere
1403 3360 1510 3441 qui
1584 3360 1906 3437 recedunt,
1985 3360 2136 3424 dum
2211 3362 2434 3423 nolunt
2501 3378 2643 3423 esse

350 3466 643 3533 infantes.
683 3467 1018 3531 initium
1057 3467 1261 3531 enim
1303 3467 1740 3548 superbiae
1780 3467 2133 3531 hominis
2165 3470 2640 3550 apostatare

524 3661 557 3711 3
598 3658 662 3712 cf.
701 3658 858 3712 Prou.
903 3660 984 3719 18,
1025 3661 1057 3712 3
1150 3662 1181 3712 9
1222 3658 1286 3713 cf.
1326 3660 1454 3713 Luc.
1493 3659 1541 3719 7,
1581 3660 1647 3712 41
1691 3675 1806 3727 sqq.
1904 3658 1969 3712 10
2007 3658 2105 3710 Iob
2145 3658 2230 3721 38,
2274 3659 2336 3711 17
2437 3658 2503 3711 14
2540 3658 2638 3711 Iob

346 3746 432 3811 38,
474 3749 538 3801 17
652 3748 716 3801 18
755 3747 852 3801 Iob
891 3747 979 3814 38,
1020 3748 1085 3800 18
1212 3749 1282 3801 20
1319 3747 1416 3801 Iob
1456 3747 1543 3809 38,
1586 3748 1649 3801 18
1769 3748 1833 3800 21
1876 3746 1973 3799 Iob
2013 3745 2100 3809 38,
2144 3748 2206 3800 19
2334 3746 2403 3800 22
2444 3746 2509 3799 cf.
2547 3746 2640 3800 Ps.

349 3836 467 3900 118,
511 3838 611 3891 130
720 3840 790 3890 24
825 3837 923 3890 Iob
963 3837 1049 3900 38,
1095 3838 1158 3890 19
1269 3839 1336 3891 25
1374 3837 1462 3890 Ps.
1501 3837 1586 3900 33,
1628 3837 1658 3889 6
1769 3837 1836 3890 27
1874 3836 2037 3889 Eccli.
2080 3837 2163 3897 10,
2207 3838 2270 3889 12

420 3961 443 4013 1
485 3959 844 4014 deambulasti
880 3957 1024 4013 Hier
1131 3960 1162 4013 3
1204 3976 1309 4028 qua
1344 3960 1399 4012 P
1503 3960 1540 4012 4
1579 3976 1672 4028 per
1708 3975 1810 4013 om.
1857 3959 1989 4012 TCb
2132 3958 2460 4011 remissionis
2507 3958 2638 4012 TCb

343 4051 376 4102 5
416 4052 472 4101 et
508 4064 611 4102 om.
656 4048 701 4101 C
808 4048 1081 4102 Christum
1120 4056 1183 4101 ut
1218 4048 1273 4100 P
1352 4049 1385 4101 6
1423 4050 1487 4101 ut
1524 4064 1626 4101 om.
1674 4047 1857 4101 TPCb
1932 4049 1963 4101 9
2002 4046 2223 4101 fuerunt
2258 4046 2312 4100 P
2387 4048 2446 4100 11
2488 4049 2636 4100 metu

340 4152 443 4189 om.
474 4137 529 4189 P
619 4138 682 4190 15
721 4136 906 4190 mundi
944 4153 1046 4192 om.
1084 4137 1231 4190 TPC
1322 4139 1387 4190 16
1425 4137 1721 4190 amiserunt
1758 4138 1854 4203 fin.
1893 4124 2043 4189 TCb'
2118 4137 2182 4189 19
2220 4136 2391 4204 illam]
2435 4152 2549 4188 eam
2596 4137 2641 4189 C

340 4225 411 4278 20
450 4226 601 4295 ergo]
643 4227 811 4294 igitur
847 4225 902 4278 P
1041 4243 1255 4295 quoque
1294 4226 1325 4278 b
1472 4227 1536 4280 21
1583 4225 1747 4294 enim]
1790 4241 1917 4294 ergo
1958 4225 1989 4278 b
2135 4226 2203 4277 22
2241 4224 2460 4278 habitet
2494 4223 2638 4278 Hier

336 4315 406 4367 24
447 4317 682 4383 quoque]
723 4316 909 4384 utique
954 4316 999 4368 C
1033 4330 1133 4370 om.
1174 4315 1205 4367 b
1297 4315 1390 4368 ille
1430 4315 1621 4382 utique
1661 4314 1692 4366 b
1783 4316 1850 4367 26
1880 4314 2263 4382 ‚tenebrascere
2301 4314 2356 4366 P
2442 4314 2636 4367 nolunt

339 4409 397 4471 (n
431 4403 555 4457 init.
593 4404 656 4457 in
689 4408 828 4468 ras.)
875 4404 926 4456 T
955 4403 1133 4456 uoluit
1175 4403 1221 4457 C
