3076 4976
589 464 1067 528 Quaestionum
1105 464 1217 518 lib.
1255 464 1284 518 1
1326 464 1614 533 (Quaest.
1656 463 1732 518 de
1773 464 2059 534 Genesi).
2380 471 2465 533 29

183 664 331 722 taret
406 678 535 740 quo
604 662 803 722 mater
889 660 1142 736 abierit,
1224 663 1288 724 et
1353 680 1488 724 eam
1557 662 1618 724 in
1688 662 2091 726 siluestribus
2160 662 2466 743 stirpibus

182 768 457 843 latuisse,
508 785 587 830 ne
635 767 834 830 filium
883 767 992 830 siti
1042 766 1432 831 deficientem
1498 767 1763 834 uideret.
1841 769 1948 832 ille
2005 772 2218 833 autem
2274 770 2464 833 etiam

184 875 283 937 illa
328 877 539 937 aetate
589 874 739 955 quid
785 874 1036 949 mirum,
1078 875 1134 937 si
1172 877 1368 937 matre
1410 874 1653 939 diutius
1699 895 1822 938 non
1861 875 2003 938 uisa
2042 878 2104 938 et
2142 879 2465 958 tamquam

185 980 413 1061 perdita
453 999 528 1043 eo
568 980 729 1056 loc-0,
770 980 877 1044 ubi
918 981 1093 1045 solus
1132 984 1538 1056 remanserat,
1579 982 1804 1046 fleuit?
1853 982 2021 1064 quod
2060 1002 2208 1066 ergo
2244 986 2467 1065 postea

135 1106 158 1144 5
186 1087 437 1151 dieitur:
483 1087 764 1168 accipe
803 1106 1155 1168 puerum,
1195 1107 1314 1151 non
1356 1091 1430 1151 ut
1468 1107 1613 1152 eum
1653 1088 1728 1153 de
1757 1093 1924 1153 terra
1951 1091 2132 1154 uelut
2159 1090 2467 1155 iacentem

184 1195 451 1271 tolleret,
513 1194 753 1258 dietum
810 1197 937 1269 est,
996 1193 1107 1257 sed
1162 1198 1235 1259 ut
1292 1195 1347 1258 ei
1406 1195 1892 1277 coniungeretur
1948 1199 2011 1259 et
2067 1216 2213 1260 eum
2277 1212 2467 1261 manu

184 1305 411 1365 teneret
460 1301 758 1382 deinceps
806 1301 1123 1376 comitem,
1166 1302 1333 1365 sicut
1380 1305 1543 1365 erat:
1595 1302 1764 1381 quod
1807 1302 2181 1384 plerumque
2227 1302 2470 1368 faciunt

188 1408 364 1471 simul
414 1408 811 1472 ambulantes
860 1408 1205 1472 cuiuslibet
1252 1408 1499 1472 aetatis,

267 1513 392 1577 LV.
471 1513 805 1577 Factum
864 1517 988 1577 est
1045 1517 1309 1578 autem
1366 1515 1442 1578 in
1500 1519 1860 1596 tempore
1917 1516 2066 1579 illo
2127 1520 2204 1579 et
2261 1515 2468 1580 dixit

114 1639 155 1675 10
184 1619 649 1684 Abimelech
701 1624 765 1684 et
811 1623 1037 1685 cetera.
1116 1621 1329 1703 quaeri
1375 1624 1609 1703 potest,
1659 1621 1907 1702 quaudo
1958 1643 2103 1685 eum
2151 1623 2273 1686 isto
2321 1622 2468 1685 Abi-

184 1726 416 1790 melech
473 1730 729 1809 paetum
777 1726 931 1790 feeit
975 1727 1291 1791 Abraham
1341 1732 1405 1792 et
1453 1728 1807 1809 appellatus
1856 1731 1955 1792 est
1996 1732 2230 1810 puteus
2279 1748 2467 1809 quem

185 1831 341 1896 fodit
418 1834 749 1914 „puteus
825 1833 1340 1909 iurationis⁴‚
1419 1834 1733 1914 quomodo
1812 1838 2118 1918 congruat
2191 1835 2466 1898 ueritati.

183 1941 351 2021 Agar
395 1940 557 2002 enim
598 1939 673 2002 de
711 1940 1000 2003 Abrabae
1048 1939 1233 2004 domo
1283 1940 1544 2022 expulsa
1591 1961 1736 2004 eum
1784 1941 1915 2004 filio
1963 1942 2138 2004 iuxta
2184 1946 2466 2024 puteum,

187 2046 352 2108 sieut
394 2045 632 2109 dietum
681 2048 797 2122 est,
848 2046 1177 2110 iurationis
1226 2047 1491 2123 errabat,
1550 2047 1658 2128 qui
1714 2047 1902 2111 ualde
1957 2050 2181 2128 postea
2238 2046 2470 2110 dieitur

116 2170 157 2208 ιε
189 2152 384 2215 faetus
442 2153 517 2216 ab
574 2151 926 2227 Ab1·aham;
988 2152 1077 2216 ibi
1145 2154 1309 2217 enim
1376 2153 1748 2217 Abimeleeh
1807 2157 1872 2218 et
1924 2153 2240 2217 Abraham
2307 2154 2467 2217 iura-

189 2263 432 2335 uerunt,
509 2258 678 2339 quod
753 2259 1031 2322 nondum
1107 2260 1327 2340 utique
1392 2261 1632 2324 factum
1701 2265 1860 2336 erat,
1930 2280 2076 2324 eum
2142 2260 2214 2324 de
2283 2259 2466 2323 domo

191 2365 460 2430 Abrahae
497 2367 673 2448 Agar
719 2385 864 2429 eum
911 2365 1038 2429 filio
1085 2367 1316 2430 fuisset
1352 2366 1632 2449 expulsa.
1682 2366 1996 2449 quomodo
2038 2385 2184 2449 ergo
2225 2366 2471 2430 errabat

195 2473 353 2536 iuxta
395 2476 658 2555 puteum
705 2472 1084 2537 iurationis?
1143 2493 1219 2537 an
1267 2472 1507 2537 factum
1553 2473 1680 2538 iam
1727 2474 1926 2539 fuisse
1972 2473 2466 2558 intellegendum

196 2585 284 2643 est
325 2583 385 2642 et
428 2599 539 2662 per
584 2580 1170 2662 recapitulationem
1216 2584 1438 2664 postea
1494 2584 2056 2646 commemoratum
2112 2582 2280 2662 quod
2339 2581 2471 2664 egit

118 2703 165 2739 20
196 2684 488 2749 Abraham
541 2704 688 2749 eum
734 2685 1151 2750 Abimeleeh?
1198 2687 1323 2751 nisi
1366 2687 1529 2751 forte
1579 2689 1688 2768 qui
1733 2688 1920 2771 longe
1966 2691 2188 2770 postea
2233 2688 2468 2752 librum

200 2791 434 2872 scripsit
479 2811 551 2855 ex
601 2793 851 2856 nomine
899 2793 1075 2873 putei
1113 2793 1442 2857 iurationis
1482 2794 1828 2875 appellauit
1864 2795 2203 2878 regionem,
2243 2795 2305 2857 in
2348 2814 2469 2874 qua

201 2915 326 2960 cum
386 2897 515 2962 filio
584 2901 786 2962 mater
850 2899 1116 2975 errabat,
1182 2902 1507 2981 tamquam
1577 2899 1844 2965 diceret:
1920 2901 2166 2965 errabat
2228 2901 2288 2964 in
2358 2899 2468 2963 illa

202 3005 459 3087 regione,
537 3005 650 3070 ubi
713 3008 946 3086 puteus
1012 3006 1344 3070 iurationis
1409 3008 1619 3070 factus
1686 3010 1811 3083 est,
1879 3007 2170 3089 quamuis
2235 3009 2469 3087 puteus

204 3113 401 3188 postea
447 3112 529 3176 sit
576 3111 806 3188 faetuS,
856 3112 968 3176 sed
1012 3113 1199 3195 longe
1249 3116 1391 3176 ante
1431 3116 1703 3176 aetatem
1742 3114 2087 3194 scriptoriS,
2128 3115 2218 3177 sie
2259 3117 2468 3176 autem

125 3233 172 3270 2⁵
207 3219 613 3297 appellabatur
657 3222 892 3300 puteus
941 3238 1083 3283 eum
1131 3220 1290 3282 liber
1338 3220 1716 3284 scriberetur
1761 3239 1984 3283 nomen
2039 3223 2258 3283 tenens
2316 3219 2469 3283 anti-

207 3341 396 3403 quum,
444 3325 610 3407 quod
676 3325 994 3389 Abraham
1059 3326 1443 3406 inposuerat.
1513 3326 1569 3389 si
1617 3331 1827 3390 aut-em
1886 3328 2020 3407 ipse
2070 3330 2168 3390 est
2212 3329 2468 3407 puteuS,

207 3448 367 3510 quem
414 3434 644 3513 apertis
695 3433 896 3496 oculis
946 3432 1110 3496 uidit
1145 3435 1334 3516 Agar,
1383 3434 1542 3497 nihil
1589 3436 1806 3510 restat,
1855 3434 1977 3497 nisi
2028 3437 2100 3497 ut
2145 3452 2257 3514 per
2301 3451 2471 3496 reca-

360 3640 391 3691 9
428 3637 558 3693 Gen.
596 3639 682 3700 21,
723 3639 792 3692 22
896 3640 958 3692 11
1001 3639 1065 3692 cf.
1109 3638 1240 3693 Gen.
1280 3642 1366 3701 21.
1406 3641 1621 3694 22-:24
1725 3642 1790 3693 12
1831 3639 1963 3694 Gen.
2000 3640 2086 3707 21,
2127 3642 2190 3695 31
2294 3642 2358 3695 14
2399 3641 2466 3695 cf.

208 3722 324 3780 Gen.
361 3729 443 3793 21,
487 3729 549 3781 19

266 3853 297 3904 5
331 3855 389 3905 ut
423 3869 464 3905 8.
506 3853 540 3906 l.
579 3869 650 3904 m.
690 3855 730 3904 2
775 3851 821 3905 C
891 3854 922 3906 9
963 3857 1142 3907 autem
1181 3869 1284 3907 om.
1324 3853 1442 3917 SN,
1487 3855 1550 3919 (s.
1594 3854 1629 3908 Ζ.
1665 3871 1734 3908 m.
1774 3855 1823 3916 1)
1864 3852 1918 3905 P
2027 3853 2091 3905 10
2133 3870 2247 3905 cum
2287 3868 2391 3907 om.
2430 3852 2477 3905 S

212 3939 261 3991 11
292 3939 412 3993 facit
440 3941 560 3994 P¹S
665 3943 744 4008 et]
777 3946 838 3994 ut
869 3942 900 3995 b
996 3943 1062 3995 12
1092 3945 1394 4011 congruant
1422 3943 1465 3994 S
1561 3943 1627 3996 13
1657 3941 1733 3994 flli
1759 3941 1827 3994 N
1906 3942 1971 3995 14
2000 3941 2157 3993 sicuti
2189 3940 2476 3995 PSVde

215 4029 267 4080 15
312 4028 372 4081 ab
417 4046 516 4084 om.
555 4029 659 4083 ST
804 4030 866 4084 16
914 4030 1175 4100 nondum]
1229 4048 1334 4084 non
1370 4030 1437 4083 N
1611 4030 1788 4084 fuerat
1827 4031 1858 4084 b
2010 4030 2071 4083 17
2121 4030 2232 4082 filio
2282 4047 2376 4082 suo
2427 4031 2478 4082 V

212 4115 270 4167 20
300 4118 418 4186 nisi]
445 4119 490 4171 si
526 4117 649 4171 VP¹
674 4117 771 4171 sed
801 4118 856 4184 (d
893 4135 936 4173 s.
970 4120 1003 4172 l.
1029 4136 1096 4173 m.
1127 4123 1176 4188 1)
1206 4119 1302 4182 S,b
1411 4120 1475 4172 21
1520 4120 1734 4173 nomine
1774 4137 1839 4173 eu:
1876 4120 2021 4172 omni
2051 4118 2097 4173 S
2129 4137 2193 4171 eu:
2231 4119 2396 4171 omini
2421 4119 2476 4171 P

215 4203 272 4255 22
307 4204 468 4260 dicere
504 4206 571 4260 N
729 4208 1141 4262 errabat—ante
1179 4209 1241 4261 in
1278 4226 1375 4277 my.
1416 4209 1519 4276 inf.
1558 4226 1626 4261 m.
1666 4213 1697 4260 1
1736 4208 1867 4262 add.
1918 4209 1969 4260 V
2090 4209 2159 4260 24
2196 4207 2289 4275 sit]
2332 4208 2378 4259 si
2415 4206 2480 4258 N

217 4307 302 4347 om.
336 4294 378 4347 Τ
442 4296 506 4351 26
543 4297 878 4366 imposuerat
913 4296 1166 4350 abraham
1206 4298 1506 4351 PSNVTb
1619 4301 1702 4350 est
1738 4314 1840 4353 om.
1879 4296 2015 4350 SNb
2057 4300 2117 4362 (8.
2159 4295 2193 4348 l.
2234 4313 2301 4348 m.
2342 4301 2392 4362 1)
2424 4297 2476 4347 1²

211 4388 334 4445 post.
367 4389 551 4454 puteus
592 4385 723 4439 add.
764 4391 882 4439 erat
917 4386 983 4438 N
1085 4387 1152 4439 27
1193 4388 1298 4440 nisi
1335 4404 1435 4442 om.
1476 4386 1579 4440 SV
1617 4391 1680 4455 (s,
1722 4386 1758 4439 l.
1798 4405 1865 4439 m.
1904 4390 1953 4452 1)
1996 4386 2050 4437 P
