3076 4976
654 527 1133 593 Quaestionum
1177 526 1286 580 lib.
1326 527 1401 580 VI
1446 526 1735 595 (Quaest.
1775 527 1851 585 de
1888 529 2040 582 Iesu
2079 527 2301 597 Naue).
2488 535 2617 598 429

318 724 379 788 in
429 744 553 807 quo
602 723 769 788 bello
820 722 1046 787 ductor
1084 723 1393 787 exercitus
1435 723 1538 787 uel
1578 723 1713 807 ipse
1752 727 2029 808 populus
2068 744 2189 790 nou
2229 732 2356 791 tam
2400 731 2620 792 auctor

316 831 470 895 belli
518 849 705 913 quam
755 830 1047 895 minister
1091 830 1466 893 iudicandus
1517 834 1633 896 est.

405 937 515 1001 XI.
566 938 746 1001 Iesus
796 937 1059 1002 mittens
1111 936 1189 1000 ad
1239 935 1359 1001 Gai
1406 936 1850 1001 debellandum
1900 938 2164 1022 triginta
2210 939 2387 1003 milia
2425 940 2615 1004 bella·

317 1049 527 1109 torum
577 1044 666 1109 ait
702 1044 861 1108 illis:
912 1062 1046 1108 uos
1096 1043 1653 1108 insidiabimini
1700 1048 1873 1126 post
1921 1046 2319 1109 ciuitatem
2360 1050 2431 1110 et
2470 1067 2612 1111 non

251 1180 280 1219 5
317 1153 539 1237 longe
605 1152 822 1216 eritis
872 1171 907 1215 a
956 1151 1279 1215 ciuitate
1328 1155 1399 1216 et
1456 1151 1676 1216 eritis
1735 1170 1985 1216 omnes
2041 1153 2306 1234 parati.
2359 1156 2430 1216 et
2478 1172 2612 1237 ego

317 1262 391 1323 et
438 1259 677 1324 omnis
735 1259 1064 1342 populus
1124 1258 1250 1340 qui
1299 1277 1585 1323 mecum
1635 1262 1751 1323 est
1797 1258 2242 1323 accedemus
2292 1259 2377 1323 ad
2427 1260 2616 1323 ciui-

316 1370 569 1431 tatem.
631 1370 703 1430 et
751 1366 896 1431 erit
953 1384 1117 1429 cum
1173 1365 1496 1430 exierint
1554 1366 1680 1447 qui
1737 1368 2293 1430 commorantur
2348 1367 2418 1429 iu
2472 1366 2610 1430 Gai

314 1491 385 1555 in
437 1472 740 1538 obuiam
792 1471 1009 1537 nobis
1060 1472 1267 1537 sicut
1305 1476 1463 1544 <et>
1508 1476 1748 1549 antea,
1790 1476 1864 1536 et
1900 1473 2283 1557 fugiemus
2333 1491 2367 1535 a
2413 1471 2610 1535 facie

315 1581 640 1645 illorum.
688 1582 760 1643 et
807 1597 968 1643 cum
1020 1579 1343 1644 exieriut
1390 1583 1564 1661 post
1609 1598 1764 1656 neS‚
1804 1579 2261 1644 abducemus
2302 1579 2482 1642 illos
2527 1577 2609 1642 de

223 1712 277 1752 10
316 1686 658 1763 ciuitate,
719 1690 792 1751 et
858 1685 1141 1751 dicent:
1200 1686 1513 1770 fugiunt
1569 1686 1706 1751 isti
1754 1705 1791 1750 a
1838 1687 2032 1750 facie
2091 1691 2348 1751 nostra
2406 1686 2609 1750 sicut

313 1798 487 1867 <et>
531 1798 767 1858 antea.
818 1812 953 1858 uos
1003 1797 1253 1857 autem
1304 1793 1740 1877 exsurgetis
1789 1812 1870 1856 ex
1919 1792 2229 1857 insidiis
2278 1795 2350 1856 et
2385 1792 2606 1857 ibitis

312 1902 382 1966 in
444 1901 864 1966 ciuitatem.
932 1900 1342 1965 seeundum
1409 1901 1719 1964 uerbum
1776 1899 1987 1963 istud
2044 1898 2376 1964 facietis.
2436 1917 2606 1963 ecce

311 2008 693 2092 praecipio
760 2006 1002 2072 uobis.
1081 2006 1508 2090 quaerendum
1576 2010 1674 2071 est
1740 2011 1951 2070 utrum
2022 2007 2228 2071 omnis
2304 2007 2603 2071 uoluntas

310 2116 566 2181 fallendi
605 2135 716 2199 pro
755 2114 1082 2179 mendacio
1123 2113 1483 2197 deputanda
1520 2113 1607 2179 sit
1645 2117 1727 2192 et,
1769 2115 1824 2179 si
1863 2114 1952 2178 ita
1991 2118 2107 2191 est,
2149 2118 2361 2178 utrum
2400 2113 2606 2196 possit

218 2250 274 2289 ιε
309 2223 553 2288 iustum
601 2242 740 2288 esse
790 2221 1207 2299 mendacium,
1258 2240 1381 2303 quo
1431 2220 1540 2285 ille
1579 2220 1845 2297 fallitur,
1883 2220 1992 2302 qui
2031 2221 2258 2305 dignus
2300 2228 2398 2284 est
2434 2220 2601 2294 falli;

309 2334 373 2395 et
422 2331 477 2395 si
524 2350 598 2395 ne
646 2330 767 2395 hoc
815 2328 1068 2411 quidem
1125 2327 1526 2392 mendacium
1573 2327 1818 2392 iustum
1877 2328 2205 2411 reperitur,
2262 2330 2482 2403 restat,
2530 2331 2602 2389 ut

308 2436 658 2503 secundum
687 2436 962 2519 aliquam
994 2434 1520 2521 significationem
1562 2435 1703 2511 hoc,
1746 2434 1916 2517 quod
1956 2434 2031 2499 de
2070 2432 2318 2499 insidiis
2358 2434 2599 2498 factum

310 2550 428 2620 est,
477 2544 555 2608 ad
601 2544 939 2609 ueritatem
985 2544 1312 2609 referatur.

394 2652 537 2716 XII.
606 2651 793 2732 Quod
860 2650 1247 2716 Gabaonitae
1320 2652 1626 2714 uenerunt
1689 2649 1766 2712 ad
1831 2650 2044 2713 lesum
2113 2667 2258 2713 cnm
2326 2651 2601 2716 uetustis

206 2784 266 2823 ιο
303 2759 573 2842 panibus
642 2764 704 2824 et
771 2759 992 2834 saccis,
1067 2761 1141 2821 ut
1204 2761 1597 2841 putarentur,
1674 2757 1842 2821 sicut
1904 2757 2229 2831 finxerant,
2298 2756 2372 2820 de
2436 2761 2601 2822 terra

304 2867 556 2930 uenisse
592 2865 953 2950 longinqua,
995 2883 1118 2946 quo
1159 2864 1249 2928 eis
1279 2867 1640 2945 parceretur
1678 2900 1754 2909 -—
1804 2863 2222 2927 constitutum
2264 2862 2426 2926 enim
2469 2876 2602 2927 erat

306 2993 339 3036 a
405 2973 679 3050 domim,
747 2991 823 3036 ne
890 2971 1079 3036 alicui
1142 2974 1339 3035 terras
1404 2970 1549 3036 illas
1617 2969 1997 3034 inhabitanti
2067 2973 2413 3053 parcerent,
2474 2989 2597 3052 quo

302 3079 815 3163 ingrediebantur
860 3116 947 3125 —
993 3078 1277 3143 nonnulli
1327 3078 1576 3142 codices
1628 3083 1690 3141 et
1738 3076 1945 3160 graeci
1994 3083 2059 3141 et
2105 3076 2283 3140 latini
2334 3076 2596 3140 habeut:

305 3189 376 3250 et
442 3185 912 3268 accipientes
981 3203 1243 3250 saccos
1309 3189 1614 3249 ueteres
1682 3203 1906 3265 super
1970 3184 2317 3248 humeros
2387 3203 2593 3259 suos;

203 3318 261 3358 25
303 3292 410 3356 alii
442 3312 613 3368 uero,
650 3292 754 3373 qui
786 3291 1140 3356 ueraciores
1172 3291 1491 3366 uidentur,
1524 3310 1642 3355 non
1678 3291 1940 3355 habeut:
1973 3309 2197 3373 super
2225 3289 2593 3365 humeros,

302 3399 440 3463 sed:
510 3418 736 3481 super
793 3398 1047 3462 asinos
1115 3416 1322 3462 suos,
1388 3397 1741 3462 similitudo
1812 3397 1978 3461 enim
2036 3397 2213 3461 uerbi
2260 3397 2321 3460 in
2372 3415 2595 3480 graeca

297 3505 516 3590 lingua
563 3504 1052 3569 mendositatem
1097 3505 1349 3568 facilem
1388 3505 1545 3569 fecit
1583 3508 1646 3568 et
1684 3503 1824 3568 ideo
1866 3504 2059 3568 latina
2098 3523 2350 3586 quoque
2392 3523 2592 3567 exem·

296 3612 496 3694 plaria
559 3611 803 3675 uariata
869 3615 1045 3686 sunt3
1114 3606 1295 3695 ὤμων
1365 3611 1596 3692 quippe
1655 3614 1718 3674 et
1765 3607 1915 3672 ὄνων
1985 3629 2104 3674 non
2171 3611 2448 3674 multum
2514 3612 2590 3674 ab

474 3804 508 3855 4
545 3802 652 3856 Ios,
691 3803 744 3864 8,
781 3802 921 3856 4-8
1037 3803 1101 3856 19
1140 3802 1206 3857 cf.
1246 3803 1353 3857 Ios.
1395 3803 1443 3866 9,
1484 3804 1532 3856 9.
1578 3803 1642 3857 10
1683 3804 1754 3870 (3.
1795 3805 1849 3866 4)
1961 3804 2030 3857 24
2069 3803 2175 3856 Ios,
2216 3805 2266 3865 9,
2312 3805 2374 3858 10
2411 3802 2488 3871 (4)

371 3926 395 3979 1
440 3925 632 3980 ductor
669 3941 770 3980 om.
820 3926 872 3978 V
975 3928 1008 3980 2
1046 3925 1394 3979 iudicandum
1433 3926 1574 3979 NV¹
1686 3928 1717 3980 3
1757 3928 1874 3981 iesu
1913 3927 1980 3980 N
2116 3926 2492 3980 debellandam
2532 3926 2596 3980 N

291 4019 328 4069 5
367 4016 420 4083 a]
461 4016 518 4067 in
553 4014 620 4068 N
768 4018 800 4069 6
842 4013 1106 4077 πᾱςὸλαός
1146 4015 1263 4069 cod.
1302 4015 1462 4068 Alex.
1611 4014 1915 4069 accedimus
1952 4015 2052 4069 ΡΒ
2195 4017 2224 4069 7
2267 4032 2587 4068 commemo-

291 4107 481 4157 rantur
506 4102 574 4156 N
693 4103 726 4156 8
766 4107 819 4156 et
857 4103 946 4158 hic
982 4109 1032 4158 et
1068 4105 1129 4157 in
1166 4121 1221 4157 u.
1260 4108 1321 4156 11
1360 4103 1560 4157 addidi
1704 4107 1758 4168 et
1798 4104 1846 4157 V
1985 4103 2219 4156 fuieinus
2253 4102 2319 4156 N
2419 4106 2453 4157 9
2493 4102 2585 4156 ad·

291 4191 551 4246 ducemus
581 4192 848 4246 P¹Vde
876 4191 1192 4246 adducimus
1220 4191 1285 4244 N
1392 4193 1457 4246 10
1486 4192 1667 4246 fuiunt
1695 4191 1760 4245 N
1865 4193 1930 4246 12
1955 4193 2120 4245 istum
2144 4191 2305 4245 PSV
2413 4193 2476 4246 13
2504 4199 2588 4245 est

285 4297 392 4337 om.
442 4280 490 4334 V
615 4281 682 4334 21
724 4281 1078 4351 longinquam
1118 4281 1164 4335 S
1315 4297 1448 4349 quos
1488 4279 1534 4335 S
1656 4281 1725 4336 26
1765 4297 1926 4350 super
1962 4281 2141 4334 asinos
2181 4282 2327 4350 suos]
2366 4287 2586 4350 superat

286 4370 346 4422 in
385 4369 483 4423 hos
521 4387 647 4424 suos
685 4370 751 4424 N
869 4371 939 4424 28
978 4370 1153 4423 uarita
1191 4369 1257 4424 S¹
1414 4368 1617 4424 OMQN
1655 4371 1699 4424 S
1736 4387 1895 4423 omon
1932 4369 2161 4423 PVNT
2305 4367 2504 4424 ONQN
2543 4369 2588 4423 S

284 4475 431 4511 onon
467 4459 579 4513 ΡΝ
593 4459 716 4526 1'T;
756 4456 889 4510 ὄνων
920 4458 1114 4528 praeb.
1155 4459 1271 4513 cod.
1311 4459 1469 4512 Alex.
