3076 4976
507 451 636 516 626
1213 448 1268 503 S.
1323 448 1600 503 Aureli
1656 449 2095 520 Augustini

507 643 838 721 sermonis,
896 663 1019 728 quo
1078 663 1186 709 eos
1241 645 1304 709 in
1364 664 1595 728 corpus
1644 645 1949 710 ecclesiae
1997 645 2122 709 iam
2170 644 2609 728 paratissimos
2653 644 2791 709 trai-

508 753 668 828 ciat3
727 755 793 815 et
846 750 989 815 ideo
1048 750 1368 833 seqnitur:
1428 749 1923 833 ubicumque
1989 751 2305 816 fuerint
2370 750 2791 822 cadauera,

508 856 949 923 confestim
997 855 1549 937 reperiuntur.

596 961 1021 1045 Respondit
1075 961 1420 1026 dominns
1478 961 1610 1026 Iob
1670 965 1743 1025 et
1798 961 2010 1028 dixit.
2070 962 2239 1046 quod
2294 981 2459 1027 nunc
2506 962 2797 1027 dominus

504 1076 831 1153 tamquam
885 1067 1116 1151 repetit
1170 1083 1545 1146 sermonem,
1605 1087 1751 1133 cum
1797 1068 1933 1151 ipse
1977 1067 2364 1152 loqueretur,
2409 1068 2803 1154 intellegitur
2854 1093 2879 1133 ε

506 1177 619 1242 Iob
668 1176 747 1239 ad
794 1193 868 1239 ea
915 1192 1076 1257 quae
1114 1173 1285 1239 dicta
1321 1178 1474 1240 sunt
1509 1174 1924 1258 obstupuisse
1959 1175 2023 1239 in
2065 1175 2318 1241 silentio
2357 1178 2422 1240 et
2457 1175 2802 1259 quieuisse‚

506 1287 581 1347 ut
635 1281 795 1347 nihil
849 1280 1124 1363 amplius
1180 1279 1389 1345 dicere
1448 1280 1729 1348 auderet.
1797 1299 1945 1364 ergo
1993 1280 2244 1346 duobus
2292 1280 2402 1363 qui
2451 1285 2805 1364 sequuntur

508 1388 803 1454 uersibus
834 1388 1197 1452 exhortatur
1233 1405 1380 1452 eum
1419 1386 1718 1452 dominus
1756 1386 1835 1451 ad
1870 1386 2396 1471 respondendum.
2444 1389 2802 1470 numquid

511 1494 638 1579 qui
686 1494 1036 1575 disputat
1083 1511 1246 1557 cum
1295 1492 1818 1575 omnipotente
1866 1492 2242 1575 quiescit?
2280 1492 2403 1558 hoc
2440 1498 2567 1559 est:
2610 1514 2802 1577 quare

506 1607 580 1665 ιιι
657 1599 935 1682 quiescis
1009 1616 1154 1664 cum
1229 1597 1660 1682 omnipotente
1734 1598 2114 1681 disputans?
2188 1617 2511 1684 arguens
2587 1599 2799 1664 deum
2835 1627 2884 1667 ιο

506 1705 1003 1789 respondebit
1038 1704 1191 1768 ita?
1232 1704 1741 1770 subaudiendum
1781 1707 1913 1770 est:
1953 1705 2281 1788 numquid,
2320 1711 2396 1771 ut
2426 1706 2512 1771 sit
2539 1725 2798 1772 sensus:

507 1811 817 1895 numquid
870 1811 1085 1895 arguit
1138 1810 1329 1875 deum
1386 1810 1494 1893 qui
1552 1811 1884 1895 disputans
1941 1811 2395 1895 respondebit?
2444 1813 2799 1895 quaerendo

508 1921 677 1985 enim
759 1937 906 1984 cum
989 1918 1420 2000 omnipotente
1505 1917 1889 2001 disputatur,
1973 1938 2095 1984 non
2180 1919 2610 1985 conuincendo
2694 1924 2802 1986 aut

507 2024 878 2092 refellendo.
934 2044 1058 2090 non
1116 2044 1264 2109 ergo
1323 2025 1473 2108 quia
1529 2026 1927 2108 omnipotens
1984 2030 2103 2100 est,
2153 2025 2296 2091 ideo
2344 2026 2797 2109 quiescendum

509 2140 610 2200 est
663 2154 700 2197 a
755 2131 1135 2216 disputando
1197 2152 1343 2198 cum
1401 2151 1496 2198 eo.
1558 2152 1761 2216 neque
1818 2133 1984 2197 enim
2033 2133 2113 2198 ad
2158 2133 2551 2218 arguendum
2602 2136 2679 2199 ab
2728 2154 2796 2200 eo
2833 2160 2879 2199 ιε

509 2240 746 2323 aliquid
783 2258 899 2321 per
932 2237 1432 2320 disputationem
1471 2242 1801 2321 tamquam
1840 2241 1916 2303 ab
1955 2239 2096 2321 ipsa
2131 2239 2402 2305 ueritate
2438 2241 2796 2323 requiritur.

508 2350 726 2432 potest
781 2350 845 2411 et
910 2345 1004 2410 sic
1063 2344 1387 2428 intellegi:
1455 2343 1768 2428 numquid
1826 2345 1945 2436 qui
1992 2345 2279 2428 disputat
2332 2364 2479 2410 cum
2528 2346 2798 2425 domino,

510 2453 829 2539 quiescit?
903 2451 969 2517 id
1043 2455 1175 2517 est:
1246 2452 1396 2534 quia
1459 2471 1584 2517 non
1652 2450 1927 2534 quiescit
1988 2452 2097 2535 qui
2162 2471 2305 2518 cum
2372 2453 2799 2537 omnipotente

510 2561 822 2645 disputat.
872 2579 994 2625 non
1053 2563 1153 2624 est
1210 2578 1354 2624 cum
1413 2579 1486 2625 eo
1544 2559 2002 2641 disputandum
2058 2563 2135 2624 ut
2188 2560 2576 2642 quiescatur.
2645 2564 2804 2627 solet

510 2670 676 2734 enim
752 2668 1084 2750 disputans
1170 2666 1634 2743 contradicere;
1719 2665 1830 2748 qui
1912 2669 2126 2731 autem
2210 2668 2587 2734 contradicit
2669 2670 2800 2764 deo⁹
2833 2691 2882 2732 ω

511 2776 833 2858 quiescere
891 2792 1013 2837 non
1071 2776 1306 2854 potest,
1365 2774 1488 2839 hoc
1546 2776 1676 2839 est:
1734 2791 1858 2838 non
1915 2774 2164 2839 inuenit
2217 2775 2497 2856 quietem
2553 2777 2678 2842 nisi
2742 2777 2799 2840 in

511 2882 648 2945 eius
705 2879 1036 2944 uoluntate
1097 2879 1230 2943 sine
1287 2880 1423 2943 ulla
1477 2880 1974 2947 contradictione
2039 2881 2414 2947 consentiat.
2479 2902 2802 2967 arguens

512 2987 681 3049 enim
739 2984 951 3050 deum
1008 2986 1503 3068 respondebit
1558 2986 1696 3062 ita,
1760 2986 1828 3051 id
1884 2991 2015 3052 est:
2083 3006 2230 3052 cum
2287 2988 2670 3072 disputando
2716 3010 2803 3055 re·

512 3090 783 3174 spondet
865 3090 1003 3166 deo,
1081 3092 1293 3176 arguit
1365 3093 1580 3157 deum
1656 3098 1721 3158 et
1791 3099 2121 3176 propterea
2183 3114 2307 3160 non
2372 3097 2668 3180 peruenit
2730 3096 2803 3161 ad

512 3200 815 3279 quietem.
884 3196 1050 3262 unde
1117 3197 1361 3263 dictum
1437 3202 1567 3263 est:
1651 3219 1686 3263 o
1758 3201 2005 3278 home,
2081 3204 2168 3266 ιιι
2245 3202 2413 3284 quis
2490 3222 2601 3281 es,
2680 3204 2800 3287 qui
2837 3224 2885 3264 ss

510 3303 970 3385 respondeas
1019 3301 1203 3368 deo?
1252 3304 1364 3369 sed
1410 3305 1565 3388 quid
1611 3306 1738 3370 tale
1785 3307 2023 3373 fecerat
2068 3308 2230 3373 Iob?
2278 3328 2398 3374 non
2440 3310 2609 3375 enim
2650 3312 2802 3377 deus

514 3409 606 3473 sic
661 3409 843 3474 illum
903 3410 1137 3492 accipit
1190 3415 1516 3495 tamquam
1575 3413 2105 3480 contradicentem
2172 3416 2314 3493 sibi,
2383 3418 2555 3482 sicut
2618 3419 2806 3483 amici

510 3516 649 3581 eius
696 3535 818 3581 non
865 3516 1336 3602 intellegentes,
1386 3538 1533 3583 cum
1581 3520 1708 3583 tale
1755 3519 1850 3584 illi
1897 3521 2337 3588 testimonium
2373 3524 2709 3607 perhibeat
2743 3530 2810 3591 et

511 3621 574 3685 in
642 3623 847 3706 capite
911 3622 1057 3687 libri
1125 3628 1189 3688 et
1252 3624 1313 3689 in
1382 3624 1524 3690 fine.
1592 3645 1669 3690 an
1733 3633 1989 3709 propter
2050 3648 2386 3712 personam
2450 3652 2639 3715 quam
2696 3635 2807 3700 Iob

690 3848 722 3900 2
760 3847 858 3902 Iob
897 3850 982 3913 39,
1022 3849 1092 3904 30
1253 3852 1287 3904 4
1323 3850 1419 3904 Iob
1459 3852 1546 3910 39.
1586 3853 1649 3907 31
1818 3852 1851 3907 8
1888 3853 1985 3908 Iob
2025 3856 2111 3921 39,
2149 3857 2218 3911 32
2376 3859 2441 3915 10
2476 3860 2575 3914 Iob
2614 3863 2700 3927 39,
2737 3861 2806 3916 32

513 3937 581 3990 25
619 3937 770 3990 Rom.
810 3938 862 4001 9,
901 3938 972 3992 20

584 4076 617 4130 3
656 4077 843 4130 statim
881 4077 1025 4133 Hier
1202 4080 1238 4133 4
1274 4079 1348 4134 Et
1394 4080 1598 4137 adiecit
1644 4082 1891 4139 dominus
1942 4091 1996 4140 et
2039 4088 2255 4141 locutus
2302 4092 2387 4143 est
2422 4088 2493 4145 ad
2526 4090 2627 4144 Iob
2664 4090 2807 4146 Hier

510 4164 610 4219 Iob
649 4181 750 4219 om.
789 4165 969 4221 1²de
1055 4168 1091 4222 8
1129 4174 1405 4224 exortatur
1446 4171 1499 4225 T
1621 4171 1753 4227 deus
1797 4173 1842 4228 Ο
1932 4177 1996 4229 10
2035 4176 2310 4231 dominum
2346 4178 2491 4232 Hier
2583 4181 2648 4234 19
2688 4179 2803 4249 qui-

514 4258 663 4308 escat
705 4253 782 4309 Cb
930 4257 997 4311 23
1035 4256 1312 4312 dominum
1348 4260 1455 4314 PG
1596 4262 1665 4316 24
1711 4261 1929 4317 domino
1974 4264 2158 4320 TPCb
2338 4266 2614 4335 dominum
2658 4267 2807 4322 TPO

513 4345 581 4398 25
621 4344 763 4414 quis]
801 4345 893 4413 qui
939 4346 1062 4399 de
1164 4348 1233 4401 27
1273 4348 1350 4402 sic
1387 4364 1488 4402 om.
1529 4349 1562 4402 b
1672 4351 1741 4404 28
1779 4354 2150 4408 testimonium
2188 4355 2271 4409 illi
2316 4355 2437 4411 de
