3076 4976
465 477 592 540 558
1198 474 1249 527 S.
1308 474 1585 527 Aureli
1641 474 2076 544 Augustini

552 667 817 731 XXIIII.
878 666 1120 746 Quare
1170 666 1552 732 dominum
1600 687 1735 733 non
1784 668 2181 733 latuerunt
2227 669 2487 734 horae:
2539 690 2754 752 quam-

465 773 698 850 obrem,
765 775 897 838 uel:
968 774 1205 856 itaque.
1271 775 1502 839 finem
1581 776 2048 858 transgressi
2121 779 2327 841 sunt:
2408 776 2756 843 Christum.

466 884 537 944 et
601 881 1173 946 inclinauerunt
1235 900 1605 963 pauperes
1674 900 1710 944 a
1774 882 1896 945 uia
1960 883 2194 946 iusta:
2260 889 2335 947 ut
2391 884 2498 947 uel
2556 885 2762 949 imita·

463 992 679 1051 rentur
736 1007 843 1052 eos
891 988 995 1052 uel
1043 987 1188 1051 inde
1237 988 1686 1052 arbitrarentur
1730 1007 1853 1052 non
1904 1007 2043 1053 esse
2093 990 2382 1054 diuinum
2428 990 2762 1069 iudicium,

465 1094 615 1176 quia
658 1094 1014 1176 inpunitam
1065 1094 1375 1158 malitiam
1422 1095 1727 1158 uidebant
1774 1114 1897 1177 qua
1944 1096 2036 1159 eis
2085 1097 2399 1160 nocebant
2443 1097 2764 1161 iustitiam
2827 1119 2855 1159 ⁵

468 1201 917 1282 relinquentes,
980 1200 1205 1265 simul
1265 1201 1696 1266 absconditi
1755 1207 1929 1266 sunt
1986 1204 2213 1267 mites
2270 1207 2553 1268 terrae:
2614 1225 2762 1269 cum

466 1307 585 1378 his,
644 1307 754 1389 qui
809 1306 1288 1372 declinauerunt
1344 1328 1380 1371 a
1433 1308 1542 1371 uia
1585 1310 1776 1384 iusta,
1827 1308 2181 1373 absconditi
2231 1313 2381 1374 sunt
2426 1311 2639 1387 mite&
2688 1331 2767 1375 ne

466 1413 623 1477 mihi
695 1414 928 1477 ferrent
1001 1414 1321 1480 auxilium.
1399 1434 1542 1478 nam
1609 1416 1730 1480 tria
1799 1421 1949 1479 sunt
2013 1435 2239 1499 genera
2304 1416 2633 1481 hominum
2697 1418 2767 1482 in

468 1521 756 1595 ecclesia,
798 1540 943 1584 cum
982 1520 1056 1583 fit
1090 1521 1482 1602 persecutio:
1523 1521 1633 1585 alii
1673 1522 1834 1585 enim
1877 1523 2299 1596 consentiunt,
2340 1524 2449 1589 alii
2487 1525 2766 1608 fugiunt,

468 1627 576 1691 alii
624 1626 972 1709 patiuntur,
1024 1646 1289 1708 quorum
1339 1647 1673 1709 personam
1723 1629 2000 1693 sustinet
2046 1629 2180 1693 Iob.
2242 1634 2315 1693 et
2369 1631 2768 1696 inruerunt
2811 1656 2861 1693 10

470 1734 663 1800 asini
711 1735 851 1798 feri
899 1735 968 1798 in
1019 1753 1194 1817 agro
1245 1753 1470 1816 super
1516 1754 1658 1799 me:
1710 1735 1894 1799 stulti
1943 1740 2007 1798 et
2061 1736 2354 1800 indomiti
2405 1742 2468 1802 et
2516 1738 2593 1802 ob
2646 1738 2766 1802 hoc

468 1841 724 1924 superbi
791 1842 1051 1905 inruunt
1108 1859 1297 1921 super
1351 1861 1450 1904 me
1509 1841 1935 1916 confitentem,
1993 1842 2058 1905 id
2115 1847 2213 1907 est
2269 1844 2626 1908 ecclesiam.
2688 1853 2766 1909 et

469 1952 828 2013 exeuntes
877 1948 964 2011 ad
1013 1966 1196 2028 opus
1247 1967 1497 2011 suum:
1550 1947 1668 2011 hoc
1717 1948 1881 2012 enim
1932 1952 2031 2012 est
2079 1968 2238 2031 opus
2289 1968 2528 2024 eorum,
2579 1953 2654 2014 ut
2698 1952 2767 2015 in

468 2073 568 2118 me
606 2053 877 2127 inruant,
917 2055 983 2117 id
1024 2059 1124 2118 est
1162 2053 1239 2117 ad
1279 2054 1397 2116 hoc
1439 2054 1728 2134 deputati
1769 2058 1918 2118 sunt
1955 2075 1991 2118 a
2031 2055 2167 2120 deo,
2211 2058 2472 2120 suauis
2513 2057 2770 2121 factus

472 2164 587 2224 est
635 2160 698 2222 ei
748 2160 960 2242 panis
1012 2160 1079 2223 in
1129 2159 1698 2225 adulescentes:
1748 2161 1918 2242 inpio
1969 2164 2033 2225 et
2067 2165 2458 2243 persecutori
2500 2184 2772 2228 suauem
2818 2189 2870 2229 ιε

469 2286 690 2348 panem
769 2265 944 2340 dicit,
1013 2266 1074 2330 id
1141 2269 1240 2330 est
1302 2267 1830 2348 persecutionem,
1900 2288 2024 2349 qua
2088 2269 2356 2333 libenter
2418 2271 2774 2348 fruebatur,

470 2391 613 2435 cum
691 2391 826 2435 earn
904 2372 1139 2435 faceret
1213 2373 1764 2437 adulescentibus:
1840 2379 1914 2437 ut
1980 2374 2413 2440 adolescentes
2480 2381 2593 2441 aut
2656 2397 2773 2460 pro

469 2479 855 2542 amatoribus
924 2479 1331 2562 uoluptatum
1398 2480 1808 2562 accipiamus,
1879 2481 2028 2563 quia
2091 2481 2217 2563 ipsi
2284 2482 2470 2547 facile
2529 2484 2775 2549 talibus

470 2586 894 2661 consentiunt,
954 2589 1065 2650 aut
1120 2606 1228 2668 pro
1288 2587 1401 2663 εἰει,
1461 2588 1566 2669 qui
1628 2592 1870 2651 tantum
1920 2589 1982 2650 in
2032 2590 2302 2653 ecclesia
2348 2591 2774 2672 profecerunt,

470 2694 543 2754 ut
607 2693 912 2771 pueritiae
980 2693 1236 2774 quidem
1306 2695 1787 2775 simplicitatem
1852 2695 2237 2769 transierint,
2306 2696 2417 2760 sed
2491 2697 2772 2762 nondum
2816 2724 2872 2762 20

470 2800 871 2879 peruenerint
952 2800 1027 2862 ad
1110 2800 1302 2864 robur
1382 2801 1543 2865 illud
1626 2802 1830 2878 uirile,
1918 2822 2040 2884 qno
2128 2802 2318 2865 etiam
2402 2806 2778 2885 persecutor

473 2904 918 2968 contemnitur.
1001 2926 1255 2988 agrum
1327 2914 1497 2971 ante
1583 2911 1879 2989 tempus
1964 2928 2103 2972 non
2190 2929 2401 2972 suum
2489 2909 2777 2973 demes·

475 3018 820 3074 suerunt:
890 3016 1000 3074 aut
1067 3032 1297 3095 genera
1359 3015 1877 3095 persecutionum
1936 3014 2111 3087 dicit,
2170 3018 2244 3079 ut
2300 3016 2575 3097 aliquem
2634 3017 2776 3099 agri

474 3115 698 3178 damno
769 3121 1090 3195 terrerent,
1160 3122 1268 3182 aut
1333 3140 1442 3201 pro
1510 3140 1659 3204 agro
1728 3122 1998 3184 ecclesia
2063 3121 2509 3205 intellegenda,
2579 3142 2776 3204 quam

469 3224 611 3284 ante
679 3223 1107 3288 maturitatem
1173 3226 1726 3307 persecutionibus
1791 3232 2050 3292 metere.
2094 3229 2454 3305 uoluerunt,
2521 3229 2587 3292 id
2650 3234 2775 3306 est,
2818 3256 2876 3295 ιε»

470 3331 808 3408 antequam
857 3330 1048 3393 simul
1099 3331 1336 3396 zizania
1383 3336 1755 3410 crescerent,
1810 3338 1880 3397 ut
1927 3337 2212 3417 tempore
2253 3336 2482 3400 messis
2522 3355 2778 3418 separa-

653 3572 676 3623 1
719 3571 816 3623 Iob
856 3573 943 3631 24,
987 3574 1009 3626 1
1126 3574 1158 3626 2
1195 3573 1292 3627 Iob
1332 3574 1417 3635 24,
1458 3576 1491 3626 2
1600 3578 1631 3629 3
1672 3575 1766 3628 Iob
1807 3577 1892 3637 24,
1932 3579 1965 3630 4
2087 3580 2118 3630 6
2155 3578 2253 3630 Iob
2293 3579 2377 3639 24,
2417 3579 2454 3632 4
2566 3580 2632 3633 10
2667 3579 2775 3634 Iob

472 3660 555 3722 24,
597 3661 628 3713 5
744 3662 807 3713 12
846 3660 942 3713 Iob
983 3662 1067 3725 24,
1107 3665 1138 3715 5
1255 3663 1318 3715 14
1356 3662 1451 3715 Iob
1492 3664 1578 3726 24,
1618 3667 1649 3717 5
1760 3666 1828 3717 22
1867 3665 1964 3717 Iob
2006 3666 2089 3727 24,
2129 3667 2161 3719 6

547 3853 570 3905 1
622 3852 808 3921 horae]
858 3853 1055 3905 habere
1101 3853 1148 3908 0
1322 3855 1354 3906 2
1402 3855 1514 3908 uel:
1564 3856 1749 3924 itaque
1797 3873 1897 3910 om.
1955 3857 2136 3911 TPOb
2352 3861 2689 3928 transgresse
2728 3860 2784 3915 S

471 3944 502 3994 5
544 3942 805 3995 uidebant
843 3943 1106 3995 malitiam
1155 3944 1380 3997 TPde
1512 3945 1880 4013 relinquentes
1919 3946 2185 4000 iustitiam
2234 3947 2460 4001 TPde
2549 3950 2581 4000 9
2619 3949 2692 4000 sit
2729 3950 2783 4003 G

476 4033 534 4084 11
578 4034 722 4083 siout
758 4032 896 4084 asini
936 4030 1122 4085 SHier
1284 4049 1441 4101 agros
1481 4033 1527 4085 S
1686 4038 1742 4086 et
1767 4050 1864 4101 pro
1898 4051 2000 4087 om.
2047 4034 2093 4088 Ο
2236 4037 2300 4089 12
2338 4036 2610 4089 irruerunt
2652 4035 2780 4089 de

472 4119 527 4171 id
568 4122 671 4186 est}
710 4119 918 4172 scilicet
947 4120 1020 4173 bd
1165 4126 1221 4174 et
1257 4138 1357 4174 om.
1390 4120 1577 4175 SHier
1687 4123 1751 4175 13
1791 4139 1925 4191 opus
1965 4128 2048 4175 est
2082 4122 2257 4177 1*de
2367 4127 2429 4178 15
2469 4128 2553 4177 est
2588 4141 2689 4178 om.
2719 4125 2784 4177 P

474 4208 550 4261 eis
595 4208 782 4261 CHier
819 4213 876 4261 et
914 4208 958 4262 S
1101 4209 1507 4263 adholescentes
1553 4211 1603 4264 G
1727 4212 1795 4264 20
1835 4212 2116 4280 pueritiam
2162 4212 2212 4266 G
2359 4212 2678 4283 simpliciter
2718 4213 2776 4267 G

470 4296 804 4350 transierunt
837 4296 887 4350 G
996 4298 1060 4350 21
1104 4304 1466 4367 peruenerunt
1498 4298 1635 4352 th
1781 4300 1917 4353 illud
1955 4318 2057 4354 om.
2103 4300 2150 4354 C
2290 4308 2600 4370 persecutus
2643 4301 2776 4356 GP¹

473 4387 541 4439 23
582 4384 715 4437 dicit
753 4387 1184 4454 persecutionum
1232 4387 1456 4441 TPde
1633 4389 1702 4441 24
1740 4406 1834 4458 pro
1873 4406 1977 4445 om.
2024 4389 2126 4444 TO
2337 4392 2488 4460 agro]
2539 4406 2681 4459 pago
2717 4391 2780 4444 P
