<?xml version="1.0" encoding="UTF-8"?>
<!DOCTYPE html PUBLIC "-//W3C//DTD XHTML 1.0 Transitional//EN"
    "http://www.w3.org/TR/xhtml1/DTD/xhtml1-transitional.dtd">
<html xmlns="http://www.w3.org/1999/xhtml" xml:lang="en" lang="en">
 <head>
  <title>
</title>
<meta http-equiv="Content-Type" content="text/html;charset=utf-8" />
  <meta name='ocr-system' content='tesseract 3.04.00' />
  <meta name='ocr-capabilities' content='ocr_page ocr_carea ocr_par ocr_line ocrx_word'/>
</head>
<body>
  <div class='ocr_page' id='page_1' title='image "./corpusscriptoru31wissgoog_0131.png"; bbox 0 0 3076 4976; ppageno 0'>
   <div class='ocr_carea' id='block_1_1' title="bbox 649 454 2554 528">
    <p class='ocr_par' dir='ltr' id='par_1_1' title="bbox 649 454 2554 528">
     <span class='ocr_line' id='line_1_1' title="bbox 649 454 2554 528; baseline 0.005 -21"><span class='ocrx_word' id='word_1_1' title='bbox 649 454 1129 519; x_wconf 82' lang='lat' dir='ltr'>Quaestionum</span> <span class='ocrx_word' id='word_1_2' title='bbox 1176 457 1289 510; x_wconf 91' lang='lat' dir='ltr'>lib.</span> <span class='ocrx_word' id='word_1_3' title='bbox 1338 457 1392 511; x_wconf 95' lang='lat' dir='ltr'>II</span> <span class='ocrx_word' id='word_1_4' title='bbox 1440 458 1732 527; x_wconf 80' lang='lat' dir='ltr'>(Quaest.</span> <span class='ocrx_word' id='word_1_5' title='bbox 1783 459 1856 512; x_wconf 86' lang='lat' dir='ltr'>de</span> <span class='ocrx_word' id='word_1_6' title='bbox 1908 460 2170 526; x_wconf 83' lang='lat' dir='ltr'>Exodo).</span> <span class='ocrx_word' id='word_1_7' title='bbox 2472 465 2554 528; x_wconf 82' lang='grc'>97</span> 
     </span>
    </p>
   </div>
   <div class='ocr_carea' id='block_1_2' title="bbox 145 650 2556 3835">
    <p class='ocr_par' dir='ltr' id='par_1_2' title="bbox 232 650 2556 735">
     <span class='ocr_line' id='line_1_2' title="bbox 232 650 2556 735; baseline 0.004 -23"><span class='ocrx_word' id='word_1_8' title='bbox 232 650 401 714; x_wconf 85' lang='lat' dir='ltr'>satis</span> <span class='ocrx_word' id='word_1_9' title='bbox 474 650 717 714; x_wconf 85' lang='lat' dir='ltr'>indicat</span> <span class='ocrx_word' id='word_1_10' title='bbox 781 652 846 713; x_wconf 86' lang='lat' dir='ltr'>in</span> <span class='ocrx_word' id='word_1_11' title='bbox 903 651 1161 734; x_wconf 84' lang='lat' dir='ltr'>Moysen</span> <span class='ocrx_word' id='word_1_12' title='bbox 1220 653 1667 735; x_wconf 83' lang='lat' dir='ltr'>principatum,</span> <span class='ocrx_word' id='word_1_13' title='bbox 1727 654 1790 718; x_wconf 87' lang='lat' dir='ltr'>in</span> <span class='ocrx_word' id='word_1_14' title='bbox 1846 655 2053 718; x_wconf 84' lang='lat' dir='ltr'>Aaron</span> <span class='ocrx_word' id='word_1_15' title='bbox 2111 656 2556 721; x_wconf 88' lang='lat' dir='ltr'>ministerium.</span> 
     </span>
    </p>

    <p class='ocr_par' dir='ltr' id='par_1_3' title="bbox 234 758 2555 843">
     <span class='ocr_line' id='line_1_3' title="bbox 234 758 2555 843; baseline 0.003 -23"><span class='ocrx_word' id='word_1_16' title='bbox 234 758 477 821; x_wconf 88' lang='lat' dir='ltr'>deinde</span> <span class='ocrx_word' id='word_1_17' title='bbox 554 758 725 839; x_wconf 91' lang='lat' dir='ltr'>quod</span> <span class='ocrx_word' id='word_1_18' title='bbox 801 759 922 823; x_wconf 86' lang='lat' dir='ltr'>ait:</span> <span class='ocrx_word' id='word_1_19' title='bbox 996 761 1073 823; x_wconf 90' lang='lat' dir='ltr'>tu</span> <span class='ocrx_word' id='word_1_20' title='bbox 1151 765 1397 824; x_wconf 86' lang='lat' dir='ltr'>autem</span> <span class='ocrx_word' id='word_1_21' title='bbox 1475 760 1595 824; x_wconf 91' lang='lat' dir='ltr'>illi</span> <span class='ocrx_word' id='word_1_22' title='bbox 1674 761 1824 826; x_wconf 87' lang='lat' dir='ltr'>eris</span> <span class='ocrx_word' id='word_1_23' title='bbox 1903 781 2087 843; x_wconf 86' lang='lat' dir='ltr'>quae</span> <span class='ocrx_word' id='word_1_24' title='bbox 2155 763 2244 825; x_wconf 87' lang='lat' dir='ltr'>ad</span> <span class='ocrx_word' id='word_1_25' title='bbox 2322 763 2555 840; x_wconf 89' lang='lat' dir='ltr'>deum,</span> 
     </span>
    </p>

    <p class='ocr_par' dir='ltr' id='par_1_4' title="bbox 230 864 2556 948">
     <span class='ocr_line' id='line_1_4' title="bbox 230 864 2556 948; baseline 0.003 -22"><span class='ocrx_word' id='word_1_26' title='bbox 230 883 555 945; x_wconf 87' lang='lat' dir='ltr'>magnum</span> <span class='ocrx_word' id='word_1_27' title='bbox 604 864 706 928; x_wconf 90' lang='lat' dir='ltr'>hic</span> <span class='ocrx_word' id='word_1_28' title='bbox 754 865 1041 930; x_wconf 81' lang='lat' dir='ltr'>fortassis</span> <span class='ocrx_word' id='word_1_29' title='bbox 1088 867 1616 948; x_wconf 82' lang='lat' dir='ltr'>perscrutandum</span> <span class='ocrx_word' id='word_1_30' title='bbox 1676 872 1775 932; x_wconf 89' lang='lat' dir='ltr'>est</span> <span class='ocrx_word' id='word_1_31' title='bbox 1832 873 2315 942; x_wconf 82' lang='lat' dir='ltr'>sacramentum,</span> <span class='ocrx_word' id='word_1_32' title='bbox 2374 869 2556 933; x_wconf 86' lang='lat' dir='ltr'>cuius</span> 
     </span>
    </p>

    <p class='ocr_par' dir='ltr' id='par_1_5' title="bbox 164 971 2554 1163">
     <span class='ocr_line' id='line_1_5' title="bbox 232 971 2554 1056; baseline 0.003 -24"><span class='ocrx_word' id='word_1_33' title='bbox 232 971 520 1054; x_wconf 86' lang='lat' dir='ltr'>figuram</span> <span class='ocrx_word' id='word_1_34' title='bbox 586 976 768 1054; x_wconf 90' lang='lat' dir='ltr'>gerat</span> <span class='ocrx_word' id='word_1_35' title='bbox 822 973 1025 1036; x_wconf 86' lang='lat' dir='ltr'>ueluti</span> <span class='ocrx_word' id='word_1_36' title='bbox 1072 974 1319 1037; x_wconf 88' lang='lat' dir='ltr'>medius</span> <span class='ocrx_word' id='word_1_37' title='bbox 1369 975 1623 1056; x_wconf 82' lang='lat' dir='ltr'>Moyses</span> <span class='ocrx_word' id='word_1_38' title='bbox 1683 974 1845 1038; x_wconf 88' lang='lat' dir='ltr'>inter</span> <span class='ocrx_word' id='word_1_39' title='bbox 1892 975 2080 1040; x_wconf 89' lang='lat' dir='ltr'>deum</span> <span class='ocrx_word' id='word_1_40' title='bbox 2129 977 2193 1038; x_wconf 87' lang='lat' dir='ltr'>et</span> <span class='ocrx_word' id='word_1_41' title='bbox 2238 976 2440 1039; x_wconf 86' lang='lat' dir='ltr'>Aaron</span> <span class='ocrx_word' id='word_1_42' title='bbox 2493 979 2554 1039; x_wconf 84' lang='lat' dir='ltr'>et</span> 
     </span>
     <span class='ocr_line' id='line_1_6' title="bbox 164 1078 1766 1163; baseline 0.005 -26"><span class='ocrx_word' id='word_1_43' title='bbox 164 1099 192 1136; x_wconf 79' lang='lat'><strong>5</strong></span> <span class='ocrx_word' id='word_1_44' title='bbox 232 1078 502 1142; x_wconf 86' lang='lat' dir='ltr'>medius</span> <span class='ocrx_word' id='word_1_45' title='bbox 548 1081 756 1144; x_wconf 86' lang='lat' dir='ltr'>Aaron</span> <span class='ocrx_word' id='word_1_46' title='bbox 805 1080 969 1144; x_wconf 76' lang='lat' dir='ltr'>inter</span> <span class='ocrx_word' id='word_1_47' title='bbox 1013 1081 1276 1162; x_wconf 78' lang='lat' dir='ltr'>Moysen</span> <span class='ocrx_word' id='word_1_48' title='bbox 1326 1084 1389 1144; x_wconf 89' lang='lat' dir='ltr'>et</span> <span class='ocrx_word' id='word_1_49' title='bbox 1435 1083 1766 1163; x_wconf 83' lang='lat' dir='ltr'>populum.</span> 
     </span>
    </p>

    <p class='ocr_par' dir='ltr' id='par_1_6' title="bbox 231 1185 2551 1593">
     <span class='ocr_line' id='line_1_7' title="bbox 324 1185 2551 1268; baseline 0.003 -22"><span class='ocrx_word' id='word_1_50' title='bbox 324 1185 449 1247; x_wconf 81' lang='lat' dir='ltr'>XI.</span> <span class='ocrx_word' id='word_1_51' title='bbox 523 1186 590 1248; x_wconf 92' lang='lat' dir='ltr'>ln</span> <span class='ocrx_word' id='word_1_52' title='bbox 641 1205 712 1250; x_wconf 89' lang='lat' dir='ltr'>eo</span> <span class='ocrx_word' id='word_1_53' title='bbox 765 1187 934 1267; x_wconf 87' lang='lat' dir='ltr'>quod</span> <span class='ocrx_word' id='word_1_54' title='bbox 983 1188 1290 1268; x_wconf 85' lang='lat' dir='ltr'>scripturn</span> <span class='ocrx_word' id='word_1_55' title='bbox 1342 1191 1471 1252; x_wconf 84' lang='lat' dir='ltr'>est:</span> <span class='ocrx_word' id='word_1_56' title='bbox 1532 1192 1606 1251; x_wconf 88' lang='lat' dir='ltr'>et</span> <span class='ocrx_word' id='word_1_57' title='bbox 1661 1189 1944 1252; x_wconf 85' lang='lat' dir='ltr'>factum</span> <span class='ocrx_word' id='word_1_58' title='bbox 2005 1193 2121 1253; x_wconf 87' lang='lat' dir='ltr'>est</span> <span class='ocrx_word' id='word_1_59' title='bbox 2175 1190 2247 1253; x_wconf 84' lang='lat' dir='ltr'>in</span> <span class='ocrx_word' id='word_1_60' title='bbox 2297 1190 2418 1254; x_wconf 88' lang='lat' dir='ltr'>uia</span> <span class='ocrx_word' id='word_1_61' title='bbox 2467 1190 2551 1253; x_wconf 90' lang='lat' dir='ltr'>ad</span> 
     </span>
     <span class='ocr_line' id='line_1_8' title="bbox 231 1293 2550 1379; baseline 0.003 -24"><span class='ocrx_word' id='word_1_62' title='bbox 231 1293 754 1357; x_wconf 80' lang='lat' dir='ltr'>refectionem</span> <span class='ocrx_word' id='word_1_63' title='bbox 833 1294 1184 1358; x_wconf 88' lang='lat' dir='ltr'>obuiauit</span> <span class='ocrx_word' id='word_1_64' title='bbox 1251 1294 1313 1358; x_wconf 92' lang='lat' dir='ltr'>ei</span> <span class='ocrx_word' id='word_1_65' title='bbox 1392 1296 1709 1379; x_wconf 85' lang='lat' dir='ltr'>angelus</span> <span class='ocrx_word' id='word_1_66' title='bbox 1777 1299 1849 1360; x_wconf 93' lang='lat' dir='ltr'>et</span> <span class='ocrx_word' id='word_1_67' title='bbox 1914 1297 2326 1378; x_wconf 85' lang='lat' dir='ltr'>quaerebat</span> <span class='ocrx_word' id='word_1_68' title='bbox 2391 1318 2550 1362; x_wconf 89' lang='lat' dir='ltr'>eum</span> 
     </span>
     <span class='ocr_line' id='line_1_9' title="bbox 233 1399 2550 1483; baseline 0.003 -22"><span class='ocrx_word' id='word_1_69' title='bbox 233 1399 616 1463; x_wconf 88' lang='lat' dir='ltr'>occidere.</span> <span class='ocrx_word' id='word_1_70' title='bbox 698 1405 771 1464; x_wconf 91' lang='lat' dir='ltr'>et</span> <span class='ocrx_word' id='word_1_71' title='bbox 829 1401 1175 1465; x_wconf 88' lang='lat' dir='ltr'>adsumto</span> <span class='ocrx_word' id='word_1_72' title='bbox 1246 1401 1631 1483; x_wconf 85' lang='lat' dir='ltr'>Sepphora</span> <span class='ocrx_word' id='word_1_73' title='bbox 1695 1404 1990 1468; x_wconf 82' lang='lat' dir='ltr'>calculo</span> <span class='ocrx_word' id='word_1_74' title='bbox 2059 1404 2550 1468; x_wconf 75' lang='lat' dir='ltr'>circumcidit</span> 
     </span>
     <span class='ocr_line' id='line_1_10' title="bbox 231 1503 2550 1593; baseline 0.003 -25"><span class='ocrx_word' id='word_1_75' title='bbox 231 1507 731 1588; x_wconf 82' lang='lat' dir='ltr'>praeputium</span> <span class='ocrx_word' id='word_1_76' title='bbox 804 1508 959 1571; x_wconf 86' lang='lat' dir='ltr'>filii</span> <span class='ocrx_word' id='word_1_77' title='bbox 1030 1509 1148 1571; x_wconf 89' lang='lat' dir='ltr'>sui</span> <span class='ocrx_word' id='word_1_78' title='bbox 1224 1512 1297 1572; x_wconf 89' lang='lat' dir='ltr'>et</span> <span class='ocrx_word' id='word_1_79' title='bbox 1369 1503 1702 1591; x_wconf 85' lang='lat' dir='ltr'>procidit</span> <span class='ocrx_word' id='word_1_80' title='bbox 1776 1510 1862 1573; x_wconf 80' lang='lat' dir='ltr'>ad</span> <span class='ocrx_word' id='word_1_81' title='bbox 1937 1511 2169 1593; x_wconf 87' lang='lat' dir='ltr'>pedes</span> <span class='ocrx_word' id='word_1_82' title='bbox 2248 1511 2411 1575; x_wconf 89' lang='lat' dir='ltr'>eius</span> <span class='ocrx_word' id='word_1_83' title='bbox 2479 1515 2550 1574; x_wconf 78' lang='lat' dir='ltr'>ot</span> 
     </span>
    </p>

    <p class='ocr_par' dir='ltr' id='par_1_7' title="bbox 145 1612 2551 2125">
     <span class='ocr_line' id='line_1_11' title="bbox 145 1612 2551 1698; baseline 0.003 -26"><span class='ocrx_word' id='word_1_84' title='bbox 145 1633 195 1670; x_wconf 82' lang='lat'>10</span> <span class='ocrx_word' id='word_1_85' title='bbox 234 1612 474 1676; x_wconf 80' lang='lat' dir='ltr'>dixit:</span> <span class='ocrx_word' id='word_1_86' title='bbox 538 1614 768 1677; x_wconf 87' lang='lat' dir='ltr'>stetit</span> <span class='ocrx_word' id='word_1_87' title='bbox 815 1615 1128 1698; x_wconf 87' lang='lat' dir='ltr'>sanguis</span> <span class='ocrx_word' id='word_1_88' title='bbox 1188 1615 1810 1680; x_wconf 85' lang='lat' dir='ltr'>circumcisionis</span> <span class='ocrx_word' id='word_1_89' title='bbox 1867 1617 2186 1679; x_wconf 86' lang='lat' dir='ltr'>infantis</span> <span class='ocrx_word' id='word_1_90' title='bbox 2246 1616 2407 1680; x_wconf 90' lang='lat' dir='ltr'>mei.</span> <span class='ocrx_word' id='word_1_91' title='bbox 2477 1619 2551 1680; x_wconf 87' lang='lat' dir='ltr'>et</span> 
     </span>
     <span class='ocr_line' id='line_1_12' title="bbox 231 1720 2543 1805; baseline 0.002 -23"><span class='ocrx_word' id='word_1_92' title='bbox 231 1720 572 1784; x_wconf 79' lang='lat' dir='ltr'>recessit</span> <span class='ocrx_word' id='word_1_93' title='bbox 622 1720 707 1784; x_wconf 90' lang='lat' dir='ltr'>ab</span> <span class='ocrx_word' id='word_1_94' title='bbox 759 1740 863 1797; x_wconf 83' lang='lat' dir='ltr'>eo,</span> <span class='ocrx_word' id='word_1_95' title='bbox 910 1725 1221 1804; x_wconf 86' lang='lat' dir='ltr'>propter</span> <span class='ocrx_word' id='word_1_96' title='bbox 1270 1722 1462 1802; x_wconf 89' lang='lat' dir='ltr'>quod</span> <span class='ocrx_word' id='word_1_97' title='bbox 1505 1722 1723 1785; x_wconf 80' lang='lat' dir='ltr'>dixit:</span> <span class='ocrx_word' id='word_1_98' title='bbox 1775 1722 2008 1786; x_wconf 88' lang='lat' dir='ltr'>desiit</span> <span class='ocrx_word' id='word_1_99' title='bbox 2055 1724 2364 1805; x_wconf 84' lang='lat' dir='ltr'>sanguis</span> <span class='ocrx_word' id='word_1_100' title='bbox 2417 1724 2543 1787; x_wconf 81' lang='lat' dir='ltr'>cir·</span> 
     </span>
     <span class='ocr_line' id='line_1_13' title="bbox 233 1827 2547 1912; baseline 0.003 -23"><span class='ocrx_word' id='word_1_101' title='bbox 233 1827 765 1901; x_wconf 86' lang='lat' dir='ltr'>cumcisionis.</span> <span class='ocrx_word' id='word_1_102' title='bbox 814 1828 1091 1909; x_wconf 87' lang='lat' dir='ltr'>primum</span> <span class='ocrx_word' id='word_1_103' title='bbox 1140 1829 1481 1910; x_wconf 84' lang='lat' dir='ltr'>quaeritur,</span> <span class='ocrx_word' id='word_1_104' title='bbox 1525 1848 1711 1909; x_wconf 89' lang='lat' dir='ltr'>quem</span> <span class='ocrx_word' id='word_1_105' title='bbox 1763 1830 2018 1894; x_wconf 89' lang='lat' dir='ltr'>uolebat</span> <span class='ocrx_word' id='word_1_106' title='bbox 2066 1831 2332 1912; x_wconf 85' lang='lat' dir='ltr'>angelus</span> <span class='ocrx_word' id='word_1_107' title='bbox 2382 1830 2547 1895; x_wconf 85' lang='lat' dir='ltr'>oeci-</span> 
     </span>
     <span class='ocr_line' id='line_1_14' title="bbox 234 1934 2543 2020; baseline 0.002 -24"><span class='ocrx_word' id='word_1_108' title='bbox 234 1934 405 2012; x_wconf 85' lang='lat' dir='ltr'>dere,</span> <span class='ocrx_word' id='word_1_109' title='bbox 460 1942 675 1998; x_wconf 89' lang='lat' dir='ltr'>utrum</span> <span class='ocrx_word' id='word_1_110' title='bbox 724 1935 1009 2017; x_wconf 81' lang='lat' dir='ltr'>Moysen,</span> <span class='ocrx_word' id='word_1_111' title='bbox 1059 1937 1205 2017; x_wconf 88' lang='lat' dir='ltr'>quia</span> <span class='ocrx_word' id='word_1_112' title='bbox 1254 1936 1494 2000; x_wconf 83' lang='lat' dir='ltr'>dictum</span> <span class='ocrx_word' id='word_1_113' title='bbox 1549 1943 1678 2000; x_wconf 88' lang='lat' dir='ltr'>est:</span> <span class='ocrx_word' id='word_1_114' title='bbox 1731 1937 2067 2001; x_wconf 80' lang='lat' dir='ltr'>occurrit</span> <span class='ocrx_word' id='word_1_115' title='bbox 2115 1938 2180 2000; x_wconf 90' lang='lat' dir='ltr'>ei</span> <span class='ocrx_word' id='word_1_116' title='bbox 2229 1939 2543 2020; x_wconf 85' lang='lat' dir='ltr'>angelus</span> 
     </span>
     <span class='ocr_line' id='line_1_15' title="bbox 234 2041 2541 2125; baseline 0.003 -23"><span class='ocrx_word' id='word_1_117' title='bbox 234 2047 313 2102; x_wconf 83' lang='lat' dir='ltr'>et</span> <span class='ocrx_word' id='word_1_118' title='bbox 363 2041 782 2122; x_wconf 87' lang='lat' dir='ltr'>quaerebat</span> <span class='ocrx_word' id='word_1_119' title='bbox 830 2061 989 2105; x_wconf 89' lang='lat' dir='ltr'>eum</span> <span class='ocrx_word' id='word_1_120' title='bbox 1042 2043 1406 2106; x_wconf 85' lang='lat' dir='ltr'>occidere.</span> <span class='ocrx_word' id='word_1_121' title='bbox 1469 2063 1612 2106; x_wconf 86' lang='lat' dir='ltr'>nam</span> <span class='ocrx_word' id='word_1_122' title='bbox 1664 2043 1765 2107; x_wconf 88' lang='lat' dir='ltr'>cui</span> <span class='ocrx_word' id='word_1_123' title='bbox 1813 2043 2142 2125; x_wconf 89' lang='lat' dir='ltr'>putabitur</span> <span class='ocrx_word' id='word_1_124' title='bbox 2191 2045 2541 2109; x_wconf 85' lang='lat' dir='ltr'>occurrisse</span> 
     </span>
    </p>

    <p class='ocr_par' dir='ltr' id='par_1_8' title="bbox 147 2149 2544 2660">
     <span class='ocr_line' id='line_1_16' title="bbox 147 2149 2541 2232; baseline 0.002 -21"><span class='ocrx_word' id='word_1_125' title='bbox 147 2168 195 2205; x_wconf 74' lang='grc' dir='ltr'>ιε»</span> <span class='ocrx_word' id='word_1_126' title='bbox 235 2150 359 2213; x_wconf 88' lang='lat' dir='ltr'>uisi</span> <span class='ocrx_word' id='word_1_127' title='bbox 424 2149 525 2212; x_wconf 91' lang='lat' dir='ltr'>illi</span> <span class='ocrx_word' id='word_1_128' title='bbox 596 2149 704 2229; x_wconf 89' lang='lat' dir='ltr'>qui</span> <span class='ocrx_word' id='word_1_129' title='bbox 772 2150 1065 2214; x_wconf 85' lang='lat' dir='ltr'>uniuerso</span> <span class='ocrx_word' id='word_1_130' title='bbox 1132 2170 1389 2214; x_wconf 83' lang='lat' dir='ltr'>suorum</span> <span class='ocrx_word' id='word_1_131' title='bbox 1460 2150 1792 2214; x_wconf 88' lang='lat' dir='ltr'>comitatui</span> <span class='ocrx_word' id='word_1_132' title='bbox 1857 2150 2133 2231; x_wconf 78' lang='lat' dir='ltr'>praefuit</span> <span class='ocrx_word' id='word_1_133' title='bbox 2197 2154 2260 2214; x_wconf 88' lang='lat' dir='ltr'>et</span> <span class='ocrx_word' id='word_1_134' title='bbox 2326 2171 2361 2214; x_wconf 85' lang='lat' dir='ltr'>a</span> <span class='ocrx_word' id='word_1_135' title='bbox 2418 2170 2541 2232; x_wconf 89' lang='lat' dir='ltr'>quo</span> 
     </span>
     <span class='ocr_line' id='line_1_17' title="bbox 233 2255 2544 2339; baseline 0.001 -21"><span class='ocrx_word' id='word_1_136' title='bbox 233 2257 431 2319; x_wconf 87' lang='lat' dir='ltr'>ceteri</span> <span class='ocrx_word' id='word_1_137' title='bbox 482 2255 922 2320; x_wconf 76' lang='lat' dir='ltr'>ducebantur?</span> <span class='ocrx_word' id='word_1_138' title='bbox 972 2276 1046 2320; x_wconf 89' lang='lat' dir='ltr'>an</span> <span class='ocrx_word' id='word_1_139' title='bbox 1104 2277 1367 2339; x_wconf 88' lang='lat' dir='ltr'>puerum</span> <span class='ocrx_word' id='word_1_140' title='bbox 1419 2259 1760 2339; x_wconf 87' lang='lat' dir='ltr'>quaerebat</span> <span class='ocrx_word' id='word_1_141' title='bbox 1817 2257 2123 2334; x_wconf 87' lang='lat' dir='ltr'>occidere,</span> <span class='ocrx_word' id='word_1_142' title='bbox 2183 2257 2285 2320; x_wconf 91' lang='lat' dir='ltr'>cui</span> <span class='ocrx_word' id='word_1_143' title='bbox 2343 2261 2544 2320; x_wconf 87' lang='lat' dir='ltr'>mater</span> 
     </span>
     <span class='ocr_line' id='line_1_18' title="bbox 231 2362 2541 2446; baseline 0.001 -20"><span class='ocrx_word' id='word_1_144' title='bbox 231 2362 749 2427; x_wconf 77' lang='lat' dir='ltr'>circumcidendo</span> <span class='ocrx_word' id='word_1_145' title='bbox 780 2364 1096 2438; x_wconf 86' lang='lat' dir='ltr'>subuenit,</span> <span class='ocrx_word' id='word_1_146' title='bbox 1130 2368 1200 2429; x_wconf 93' lang='lat' dir='ltr'>ut</span> <span class='ocrx_word' id='word_1_147' title='bbox 1228 2365 1307 2428; x_wconf 86' lang='lat' dir='ltr'>ob</span> <span class='ocrx_word' id='word_1_148' title='bbox 1339 2365 1458 2428; x_wconf 88' lang='lat' dir='ltr'>hoc</span> <span class='ocrx_word' id='word_1_149' title='bbox 1486 2364 1897 2446; x_wconf 83' lang='lat' dir='ltr'>intellegatur</span> <span class='ocrx_word' id='word_1_150' title='bbox 1933 2363 2218 2428; x_wconf 88' lang='lat' dir='ltr'>occidere</span> <span class='ocrx_word' id='word_1_151' title='bbox 2258 2365 2541 2429; x_wconf 84' lang='lat' dir='ltr'>uoluisse</span> 
     </span>
     <span class='ocr_line' id='line_1_19' title="bbox 233 2470 2541 2555; baseline 0.001 -23"><span class='ocrx_word' id='word_1_152' title='bbox 233 2470 566 2547; x_wconf 86' lang='lat' dir='ltr'>infantem,</span> <span class='ocrx_word' id='word_1_153' title='bbox 627 2472 775 2552; x_wconf 82' lang='lat' dir='ltr'>quia</span> <span class='ocrx_word' id='word_1_154' title='bbox 830 2492 948 2535; x_wconf 93' lang='lat' dir='ltr'>non</span> <span class='ocrx_word' id='word_1_155' title='bbox 1010 2476 1144 2536; x_wconf 87' lang='lat' dir='ltr'>erat</span> <span class='ocrx_word' id='word_1_156' title='bbox 1199 2472 1636 2549; x_wconf 80' lang='lat' dir='ltr'>circumcisuS,</span> <span class='ocrx_word' id='word_1_157' title='bbox 1696 2476 1884 2555; x_wconf 87' lang='lat' dir='ltr'>atque</span> <span class='ocrx_word' id='word_1_158' title='bbox 1944 2472 2033 2535; x_wconf 86' lang='lat' dir='ltr'>ita</span> <span class='ocrx_word' id='word_1_159' title='bbox 2081 2471 2320 2537; x_wconf 87' lang='lat' dir='ltr'>sancire</span> <span class='ocrx_word' id='word_1_160' title='bbox 2369 2492 2541 2554; x_wconf 88' lang='lat' dir='ltr'>prae-</span> 
     </span>
     <span class='ocr_line' id='line_1_20' title="bbox 233 2579 2537 2660; baseline 0.001 -20"><span class='ocrx_word' id='word_1_161' title='bbox 233 2586 496 2660; x_wconf 83' lang='lat' dir='ltr'>ceptum</span> <span class='ocrx_word' id='word_1_162' title='bbox 547 2579 1046 2643; x_wconf 87' lang='lat' dir='ltr'>circumcisionis</span> <span class='ocrx_word' id='word_1_163' title='bbox 1097 2580 1436 2643; x_wconf 86' lang='lat' dir='ltr'>seueritate</span> <span class='ocrx_word' id='word_1_164' title='bbox 1494 2580 1861 2643; x_wconf 71' lang='lat' dir='ltr'>uindictae?</span> <span class='ocrx_word' id='word_1_165' title='bbox 1940 2580 2106 2660; x_wconf 88' lang='lat' dir='ltr'>quod</span> <span class='ocrx_word' id='word_1_166' title='bbox 2165 2580 2218 2642; x_wconf 84' lang='lat' dir='ltr'>si</span> <span class='ocrx_word' id='word_1_167' title='bbox 2275 2580 2364 2642; x_wconf 85' lang='lat' dir='ltr'>ita</span> <span class='ocrx_word' id='word_1_168' title='bbox 2421 2584 2537 2655; x_wconf 87' lang='lat' dir='ltr'>est,</span> 
     </span>
    </p>

    <p class='ocr_par' dir='ltr' id='par_1_9' title="bbox 146 2684 2538 3193">
     <span class='ocr_line' id='line_1_21' title="bbox 146 2684 2537 2769; baseline 0.002 -25"><span class='ocrx_word' id='word_1_169' title='bbox 146 2706 197 2744; x_wconf 69' lang='lat'>22.»</span> <span class='ocrx_word' id='word_1_170' title='bbox 234 2684 553 2749; x_wconf 87' lang='lat' dir='ltr'>incertum</span> <span class='ocrx_word' id='word_1_171' title='bbox 620 2688 719 2748; x_wconf 90' lang='lat' dir='ltr'>est</span> <span class='ocrx_word' id='word_1_172' title='bbox 773 2685 949 2767; x_wconf 89' lang='lat' dir='ltr'>prius</span> <span class='ocrx_word' id='word_1_173' title='bbox 1009 2684 1084 2749; x_wconf 91' lang='lat' dir='ltr'>de</span> <span class='ocrx_word' id='word_1_174' title='bbox 1144 2707 1265 2768; x_wconf 90' lang='lat' dir='ltr'>quo</span> <span class='ocrx_word' id='word_1_175' title='bbox 1327 2687 1554 2750; x_wconf 81' lang='lat' dir='ltr'>dixerit</span> <span class='ocrx_word' id='word_1_176' title='bbox 1618 2688 2070 2769; x_wconf 83' lang='lat' dir='ltr'>„quaerebat</span> <span class='ocrx_word' id='word_1_177' title='bbox 2126 2707 2289 2749; x_wconf 88' lang='lat' dir='ltr'>eum</span> <span class='ocrx_word' id='word_1_178' title='bbox 2349 2687 2537 2750; x_wconf 85' lang='lat' dir='ltr'>occi-</span> 
     </span>
     <span class='ocr_line' id='line_1_22' title="bbox 234 2791 2536 2876; baseline 0.001 -23"><span class='ocrx_word' id='word_1_179' title='bbox 234 2791 475 2866; x_wconf 85' lang='lat' dir='ltr'>dere“,</span> <span class='ocrx_word' id='word_1_180' title='bbox 525 2791 678 2873; x_wconf 88' lang='lat' dir='ltr'>quia</span> <span class='ocrx_word' id='word_1_181' title='bbox 713 2792 1036 2874; x_wconf 88' lang='lat' dir='ltr'>ignoratur</span> <span class='ocrx_word' id='word_1_182' title='bbox 1074 2813 1283 2875; x_wconf 82' lang='lat' dir='ltr'>quem,</span> <span class='ocrx_word' id='word_1_183' title='bbox 1324 2794 1446 2858; x_wconf 91' lang='lat' dir='ltr'>nisi</span> <span class='ocrx_word' id='word_1_184' title='bbox 1488 2813 1558 2857; x_wconf 83' lang='lat' dir='ltr'>ex</span> <span class='ocrx_word' id='word_1_185' title='bbox 1600 2794 2130 2876; x_wconf 88' lang='lat' dir='ltr'>consequentibus</span> <span class='ocrx_word' id='word_1_186' title='bbox 2169 2793 2536 2874; x_wconf 78' lang='lat' dir='ltr'>reperiatur,</span> 
     </span>
     <span class='ocr_line' id='line_1_23' title="bbox 232 2897 2538 2981; baseline 0.001 -22"><span class='ocrx_word' id='word_1_187' title='bbox 232 2897 394 2960; x_wconf 84' lang='lat' dir='ltr'>mira</span> <span class='ocrx_word' id='word_1_188' title='bbox 442 2916 595 2961; x_wconf 89' lang='lat' dir='ltr'>sane</span> <span class='ocrx_word' id='word_1_189' title='bbox 644 2898 964 2962; x_wconf 87' lang='lat' dir='ltr'>locutione</span> <span class='ocrx_word' id='word_1_190' title='bbox 1013 2902 1078 2962; x_wconf 92' lang='lat' dir='ltr'>et</span> <span class='ocrx_word' id='word_1_191' title='bbox 1122 2899 1445 2973; x_wconf 83' lang='lat' dir='ltr'>inusitata,</span> <span class='ocrx_word' id='word_1_192' title='bbox 1495 2903 1570 2963; x_wconf 90' lang='lat' dir='ltr'>ut</span> <span class='ocrx_word' id='word_1_193' title='bbox 1613 2899 1790 2981; x_wconf 88' lang='lat' dir='ltr'>prius</span> <span class='ocrx_word' id='word_1_194' title='bbox 1840 2900 2108 2963; x_wconf 86' lang='lat' dir='ltr'>diceret:</span> <span class='ocrx_word' id='word_1_195' title='bbox 2167 2900 2538 2973; x_wconf 83' lang='lat' dir='ltr'>„occurrit</span> 
     </span>
     <span class='ocr_line' id='line_1_24' title="bbox 235 3003 2537 3087; baseline 0.001 -22"><span class='ocrx_word' id='word_1_196' title='bbox 235 3004 302 3066; x_wconf 89' lang='lat' dir='ltr'>ei</span> <span class='ocrx_word' id='word_1_197' title='bbox 358 3008 433 3067; x_wconf 89' lang='lat' dir='ltr'>et</span> <span class='ocrx_word' id='word_1_198' title='bbox 490 3003 909 3085; x_wconf 84' lang='lat' dir='ltr'>quaerebat</span> <span class='ocrx_word' id='word_1_199' title='bbox 965 3023 1128 3067; x_wconf 89' lang='lat' dir='ltr'>eum</span> <span class='ocrx_word' id='word_1_200' title='bbox 1187 3005 1604 3079; x_wconf 78' lang='lat' dir='ltr'>occide1·e“,</span> <span class='ocrx_word' id='word_1_201' title='bbox 1666 3004 1741 3068; x_wconf 90' lang='lat' dir='ltr'>de</span> <span class='ocrx_word' id='word_1_202' title='bbox 1800 3024 1923 3087; x_wconf 88' lang='lat' dir='ltr'>quo</span> <span class='ocrx_word' id='word_1_203' title='bbox 1973 3004 2127 3068; x_wconf 89' lang='lat' dir='ltr'>nihil</span> <span class='ocrx_word' id='word_1_204' title='bbox 2179 3008 2361 3068; x_wconf 86' lang='lat' dir='ltr'>antea</span> <span class='ocrx_word' id='word_1_205' title='bbox 2411 3005 2537 3067; x_wconf 80' lang='lat' dir='ltr'>dix-</span> 
     </span>
     <span class='ocr_line' id='line_1_25' title="bbox 237 3110 2535 3193; baseline 0 -20"><span class='ocrx_word' id='word_1_206' title='bbox 237 3114 390 3177; x_wconf 85' lang='lat' dir='ltr'>erat.</span> <span class='ocrx_word' id='word_1_207' title='bbox 468 3110 583 3173; x_wconf 88' lang='lat' dir='ltr'>sed</span> <span class='ocrx_word' id='word_1_208' title='bbox 639 3110 785 3174; x_wconf 86' lang='lat' dir='ltr'>talis</span> <span class='ocrx_word' id='word_1_209' title='bbox 836 3114 935 3174; x_wconf 89' lang='lat' dir='ltr'>est</span> <span class='ocrx_word' id='word_1_210' title='bbox 990 3111 1051 3175; x_wconf 91' lang='lat' dir='ltr'>in</span> <span class='ocrx_word' id='word_1_211' title='bbox 1109 3112 1388 3193; x_wconf 84' lang='lat' dir='ltr'>psalmo:</span> <span class='ocrx_word' id='word_1_212' title='bbox 1445 3111 1936 3175; x_wconf 86' lang='lat' dir='ltr'>fundamenta</span> <span class='ocrx_word' id='word_1_213' title='bbox 1993 3112 2157 3174; x_wconf 90' lang='lat' dir='ltr'>eius</span> <span class='ocrx_word' id='word_1_214' title='bbox 2215 3111 2284 3173; x_wconf 91' lang='lat' dir='ltr'>in</span> <span class='ocrx_word' id='word_1_215' title='bbox 2342 3130 2535 3175; x_wconf 87' lang='lat' dir='ltr'>mon-</span> 
     </span>
    </p>

    <p class='ocr_par' dir='ltr' id='par_1_10' title="bbox 149 3217 2532 3835">
     <span class='ocr_line' id='line_1_26' title="bbox 149 3217 2532 3301; baseline 0 -22"><span class='ocrx_word' id='word_1_216' title='bbox 149 3241 200 3279; x_wconf 64' lang='grc' dir='ltr'>ετ»</span> <span class='ocrx_word' id='word_1_217' title='bbox 238 3217 441 3281; x_wconf 85' lang='lat' dir='ltr'>tibus</span> <span class='ocrx_word' id='word_1_218' title='bbox 492 3217 816 3292; x_wconf 81' lang='lat' dir='ltr'>sanctis;</span> <span class='ocrx_word' id='word_1_219' title='bbox 877 3217 1146 3301; x_wconf 88' lang='lat' dir='ltr'>diligit</span> <span class='ocrx_word' id='word_1_220' title='bbox 1196 3218 1543 3283; x_wconf 89' lang='lat' dir='ltr'>dominus</span> <span class='ocrx_word' id='word_1_221' title='bbox 1593 3221 1858 3300; x_wconf 87' lang='lat' dir='ltr'>portas</span> <span class='ocrx_word' id='word_1_222' title='bbox 1911 3218 2106 3283; x_wconf 87' lang='lat' dir='ltr'>Sion.</span> <span class='ocrx_word' id='word_1_223' title='bbox 2177 3217 2319 3280; x_wconf 88' lang='lat' dir='ltr'>inde</span> <span class='ocrx_word' id='word_1_224' title='bbox 2370 3217 2532 3281; x_wconf 76' lang='lat' dir='ltr'>enini</span> 
     </span>
     <span class='ocr_line' id='line_1_27' title="bbox 235 3323 2532 3406; baseline 0.001 -20"><span class='ocrx_word' id='word_1_225' title='bbox 235 3324 519 3404; x_wconf 88' lang='lat' dir='ltr'>psalmus</span> <span class='ocrx_word' id='word_1_226' title='bbox 566 3323 793 3405; x_wconf 89' lang='lat' dir='ltr'>incipit</span> <span class='ocrx_word' id='word_1_227' title='bbox 839 3344 953 3388; x_wconf 88' lang='lat' dir='ltr'>nec</span> <span class='ocrx_word' id='word_1_228' title='bbox 1000 3325 1240 3406; x_wconf 87' lang='lat' dir='ltr'>aliquid</span> <span class='ocrx_word' id='word_1_229' title='bbox 1288 3326 1363 3388; x_wconf 89' lang='lat' dir='ltr'>de</span> <span class='ocrx_word' id='word_1_230' title='bbox 1411 3326 1521 3389; x_wconf 90' lang='lat' dir='ltr'>illo</span> <span class='ocrx_word' id='word_1_231' title='bbox 1581 3326 1684 3388; x_wconf 87' lang='lat' dir='ltr'>uel</span> <span class='ocrx_word' id='word_1_232' title='bbox 1745 3326 1820 3388; x_wconf 88' lang='lat' dir='ltr'>de</span> <span class='ocrx_word' id='word_1_233' title='bbox 1877 3326 1986 3388; x_wconf 89' lang='lat' dir='ltr'>illa</span> <span class='ocrx_word' id='word_1_234' title='bbox 2045 3326 2300 3400; x_wconf 81' lang='lat' dir='ltr'>dixerat,</span> <span class='ocrx_word' id='word_1_235' title='bbox 2351 3323 2532 3389; x_wconf 86' lang='lat' dir='ltr'>cuius</span> 
     </span>
     <span class='ocr_line' id='line_1_28' title="bbox 236 3429 2530 3514; baseline 0 -22"><span class='ocrx_word' id='word_1_236' title='bbox 236 3429 647 3494; x_wconf 87' lang='lat' dir='ltr'>fundamenta</span> <span class='ocrx_word' id='word_1_237' title='bbox 712 3431 997 3514; x_wconf 87' lang='lat' dir='ltr'>intellegi</span> <span class='ocrx_word' id='word_1_238' title='bbox 1063 3431 1272 3495; x_wconf 87' lang='lat' dir='ltr'>uoluit</span> <span class='ocrx_word' id='word_1_239' title='bbox 1337 3432 1588 3497; x_wconf 89' lang='lat' dir='ltr'>dicens:</span> <span class='ocrx_word' id='word_1_240' title='bbox 1669 3432 2153 3495; x_wconf 87' lang='lat' dir='ltr'>fundamenta</span> <span class='ocrx_word' id='word_1_241' title='bbox 2229 3430 2392 3494; x_wconf 86' lang='lat' dir='ltr'>eius</span> <span class='ocrx_word' id='word_1_242' title='bbox 2460 3430 2530 3493; x_wconf 91' lang='lat' dir='ltr'>in</span> 
     </span>
     <span class='ocr_line' id='line_1_29' title="bbox 239 3537 2529 3622; baseline 0.001 -24"><span class='ocrx_word' id='word_1_243' title='bbox 239 3539 619 3602; x_wconf 86' lang='lat' dir='ltr'>montibus</span> <span class='ocrx_word' id='word_1_244' title='bbox 679 3540 989 3604; x_wconf 71' lang='lat' dir='ltr'>sanctis</span> <span class='ocrx_word' id='word_1_245' title='bbox 1068 3540 1178 3603; x_wconf 86' lang='lat' dir='ltr'>sed</span> <span class='ocrx_word' id='word_1_246' title='bbox 1246 3540 1393 3620; x_wconf 82' lang='lat' dir='ltr'>quia</span> <span class='ocrx_word' id='word_1_247' title='bbox 1460 3540 1782 3621; x_wconf 87' lang='lat' dir='ltr'>sequitur:</span> <span class='ocrx_word' id='word_1_248' title='bbox 1853 3539 2118 3622; x_wconf 89' lang='lat' dir='ltr'>diligit</span> <span class='ocrx_word' id='word_1_249' title='bbox 2183 3537 2529 3602; x_wconf 89' lang='lat' dir='ltr'>dominus</span> 
     </span>
     <span class='ocr_line' id='line_1_30' title="bbox 236 3642 2529 3727; baseline 0.002 -24"><span class='ocrx_word' id='word_1_250' title='bbox 236 3648 487 3723; x_wconf 85' lang='lat' dir='ltr'>portas</span> <span class='ocrx_word' id='word_1_251' title='bbox 548 3642 755 3721; x_wconf 86' lang='lat' dir='ltr'>Sion,</span> <span class='ocrx_word' id='word_1_252' title='bbox 817 3663 965 3727; x_wconf 90' lang='lat' dir='ltr'>ergo</span> <span class='ocrx_word' id='word_1_253' title='bbox 1022 3644 1428 3708; x_wconf 87' lang='lat' dir='ltr'>fundamenta</span> <span class='ocrx_word' id='word_1_254' title='bbox 1485 3646 1588 3707; x_wconf 90' lang='lat' dir='ltr'>uel</span> <span class='ocrx_word' id='word_1_255' title='bbox 1642 3644 1879 3708; x_wconf 90' lang='lat' dir='ltr'>domini</span> <span class='ocrx_word' id='word_1_256' title='bbox 1933 3643 2038 3707; x_wconf 89' lang='lat' dir='ltr'>uel</span> <span class='ocrx_word' id='word_1_257' title='bbox 2089 3644 2270 3717; x_wconf 88' lang='lat' dir='ltr'>Sion,</span> <span class='ocrx_word' id='word_1_258' title='bbox 2333 3647 2397 3707; x_wconf 86' lang='lat' dir='ltr'>et</span> <span class='ocrx_word' id='word_1_259' title='bbox 2453 3644 2529 3707; x_wconf 89' lang='lat' dir='ltr'>ad</span> 
     </span>
     <span class='ocr_line' id='line_1_31' title="bbox 153 3748 2528 3835; baseline 0.001 -25"><span class='ocrx_word' id='word_1_260' title='bbox 153 3771 203 3810; x_wconf 71' lang='grc' dir='ltr'><strong>ω</strong></span> <span class='ocrx_word' id='word_1_261' title='bbox 242 3748 579 3813; x_wconf 84' lang='lat' dir='ltr'>faciliorem</span> <span class='ocrx_word' id='word_1_262' title='bbox 639 3769 893 3813; x_wconf 89' lang='lat' dir='ltr'>sensum</span> <span class='ocrx_word' id='word_1_263' title='bbox 952 3752 1157 3835; x_wconf 89' lang='lat' dir='ltr'>magis</span> <span class='ocrx_word' id='word_1_264' title='bbox 1209 3751 1379 3825; x_wconf 85' lang='lat' dir='ltr'>Sion,</span> <span class='ocrx_word' id='word_1_265' title='bbox 1437 3756 1511 3813; x_wconf 91' lang='lat' dir='ltr'>ut</span> <span class='ocrx_word' id='word_1_266' title='bbox 1568 3750 1978 3814; x_wconf 85' lang='lat' dir='ltr'>fundamenta</span> <span class='ocrx_word' id='word_1_267' title='bbox 2035 3750 2317 3814; x_wconf 79' lang='lat' dir='ltr'>ciuitatis</span> <span class='ocrx_word' id='word_1_268' title='bbox 2369 3750 2528 3814; x_wconf 84' lang='lat' dir='ltr'>acci-</span> 
     </span>
    </p>
   </div>
   <div class='ocr_carea' id='block_1_3' title="bbox 408 3974 2286 4037">
    <p class='ocr_par' dir='ltr' id='par_1_11' title="bbox 408 3974 2286 4037">
     <span class='ocr_line' id='line_1_32' title="bbox 408 3974 2286 4037; baseline -0.001 -9"><span class='ocrx_word' id='word_1_269' title='bbox 408 3977 439 4028; x_wconf 83' lang='lat'>6</span> <span class='ocrx_word' id='word_1_270' title='bbox 476 3974 570 4030; x_wconf 82' lang='lat' dir='ltr'>Ex.</span> <span class='ocrx_word' id='word_1_271' title='bbox 610 3976 662 4035; x_wconf 81' lang='lat'>4.</span> <span class='ocrx_word' id='word_1_272' title='bbox 701 3976 913 4028; x_wconf 79' lang='lat'>24-26</span> <span class='ocrx_word' id='word_1_273' title='bbox 1022 3976 1091 4028; x_wconf 82' lang='lat'>24</span> <span class='ocrx_word' id='word_1_274' title='bbox 1128 3974 1215 4030; x_wconf 87' lang='lat' dir='ltr'>Ps.</span> <span class='ocrx_word' id='word_1_275' title='bbox 1256 3976 1344 4035; x_wconf 80' lang='lat'>86,</span> <span class='ocrx_word' id='word_1_276' title='bbox 1388 3976 1430 4027; x_wconf 94' lang='grc'>1.</span> <span class='ocrx_word' id='word_1_277' title='bbox 1471 3976 1529 4037; x_wconf 79' lang='grc'>2;</span> <span class='ocrx_word' id='word_1_278' title='bbox 1574 3975 1634 4029; x_wconf 82' lang='lat' dir='ltr'>cs.</span> <span class='ocrx_word' id='word_1_279' title='bbox 1678 3976 1800 4028; x_wconf 87' lang='lat' dir='ltr'>Loc.</span> <span class='ocrx_word' id='word_1_280' title='bbox 1842 3975 1906 4028; x_wconf 85' lang='lat' dir='ltr'>dc</span> <span class='ocrx_word' id='word_1_281' title='bbox 1949 3975 2038 4028; x_wconf 84' lang='lat' dir='ltr'>Ex.</span> <span class='ocrx_word' id='word_1_282' title='bbox 2079 3974 2286 4027; x_wconf 80' lang='lat' dir='ltr'>Lxlm</span> 
     </span>
    </p>
   </div>
   <div class='ocr_carea' id='block_1_4' title="bbox 241 4098 2530 4434">
    <p class='ocr_par' dir='ltr' id='par_1_12' title="bbox 241 4098 2530 4434">
     <span class='ocr_line' id='line_1_33' title="bbox 312 4098 2529 4169; baseline 0.001 -20"><span class='ocrx_word' id='word_1_283' title='bbox 312 4098 337 4149; x_wconf 92' lang='lat'>1</span> <span class='ocrx_word' id='word_1_284' title='bbox 372 4098 630 4151; x_wconf 84' lang='lat' dir='ltr'>mosenP</span> <span class='ocrx_word' id='word_1_285' title='bbox 661 4115 847 4167; x_wconf 72' lang='lat' dir='ltr'>moyse</span> <span class='ocrx_word' id='word_1_286' title='bbox 868 4098 986 4152; x_wconf 84' lang='lat' dir='ltr'>de</span> <span class='ocrx_word' id='word_1_287' title='bbox 1093 4099 1148 4151; x_wconf 92' lang='lat' dir='ltr'>in</span> <span class='ocrx_word' id='word_1_288' title='bbox 1187 4117 1287 4153; x_wconf 86' lang='lat' dir='ltr'>om.</span> <span class='ocrx_word' id='word_1_289' title='bbox 1309 4098 1384 4152; x_wconf 76' lang='grc' dir='ltr'>Ρι</span> <span class='ocrx_word' id='word_1_290' title='bbox 1457 4101 1489 4153; x_wconf 84' lang='lat'>2</span> <span class='ocrx_word' id='word_1_291' title='bbox 1522 4100 1624 4151; x_wconf 82' lang='lat' dir='ltr'>eris</span> <span class='ocrx_word' id='word_1_292' title='bbox 1666 4100 1717 4151; x_wconf 91' lang='lat' dir='ltr'>in</span> <span class='ocrx_word' id='word_1_293' title='bbox 1759 4099 1842 4152; x_wconf 89' lang='lat' dir='ltr'>his</span> <span class='ocrx_word' id='word_1_294' title='bbox 1884 4116 1988 4169; x_wconf 75' lang='lat' dir='ltr'>que</span> <span class='ocrx_word' id='word_1_295' title='bbox 2011 4100 2040 4151; x_wconf 87' lang='lat' dir='ltr'><strong><em>b</em></strong></span> <span class='ocrx_word' id='word_1_296' title='bbox 2115 4102 2148 4151; x_wconf 83' lang='lat'>4</span> <span class='ocrx_word' id='word_1_297' title='bbox 2182 4099 2334 4151; x_wconf 82' lang='lat' dir='ltr'>uelut</span> <span class='ocrx_word' id='word_1_298' title='bbox 2359 4098 2529 4152; x_wconf 81' lang='lat' dir='ltr'>PVT</span> 
     </span>
     <span class='ocr_line' id='line_1_34' title="bbox 241 4184 2530 4258; baseline 0.001 -22"><span class='ocrx_word' id='word_1_299' title='bbox 241 4184 275 4236; x_wconf 83' lang='lat'>8</span> <span class='ocrx_word' id='word_1_300' title='bbox 312 4202 541 4240; x_wconf 84' lang='lat' dir='ltr'>asummo</span> <span class='ocrx_word' id='word_1_301' title='bbox 578 4185 654 4239; x_wconf 78' lang='grc' dir='ltr'>Ρι</span> <span class='ocrx_word' id='word_1_302' title='bbox 691 4190 966 4257; x_wconf 85' lang='lat' dir='ltr'>assumpta</span> <span class='ocrx_word' id='word_1_303' title='bbox 1008 4188 1039 4241; x_wconf 82' lang='lat' dir='ltr'><strong><em>b</em></strong></span> <span class='ocrx_word' id='word_1_304' title='bbox 1221 4188 1453 4258; x_wconf 84' lang='lat' dir='ltr'>sephora</span> <span class='ocrx_word' id='word_1_305' title='bbox 1491 4187 1624 4241; x_wconf 83' lang='lat' dir='ltr'>STb</span> <span class='ocrx_word' id='word_1_306' title='bbox 1775 4189 1835 4241; x_wconf 88' lang='lat'>11</span> <span class='ocrx_word' id='word_1_307' title='bbox 1881 4188 2024 4240; x_wconf 75' lang='lat' dir='ltr'>desit</span> <span class='ocrx_word' id='word_1_308' title='bbox 2061 4187 2136 4239; x_wconf 68' lang='grc' dir='ltr'>1)ι</span> <span class='ocrx_word' id='word_1_309' title='bbox 2287 4189 2348 4240; x_wconf 70' lang='grc'>15</span> <span class='ocrx_word' id='word_1_310' title='bbox 2390 4203 2446 4239; x_wconf 64' lang='grc' dir='ltr'>ιιι</span> <span class='ocrx_word' id='word_1_311' title='bbox 2473 4187 2530 4239; x_wconf 89' lang='grc' dir='ltr'><strong><em>Ρ</em></strong></span> 
     </span>
     <span class='ocr_line' id='line_1_35' title="bbox 249 4274 2526 4345; baseline 0.003 -21"><span class='ocrx_word' id='word_1_312' title='bbox 249 4274 311 4325; x_wconf 84' lang='grc'>19</span> <span class='ocrx_word' id='word_1_313' title='bbox 344 4279 393 4338; x_wconf 67' lang='lat' dir='ltr'>ot</span> <span class='ocrx_word' id='word_1_314' title='bbox 431 4275 572 4344; x_wconf 90' lang='lat' dir='ltr'>quod</span> <span class='ocrx_word' id='word_1_315' title='bbox 616 4274 662 4328; x_wconf 82' lang='lat' dir='ltr'><strong><em>G</em></strong></span> <span class='ocrx_word' id='word_1_316' title='bbox 814 4278 877 4329; x_wconf 78' lang='lat'>21</span> <span class='ocrx_word' id='word_1_317' title='bbox 922 4276 1273 4345; x_wconf 86' lang='lat' dir='ltr'>ignorabatur</span> <span class='ocrx_word' id='word_1_318' title='bbox 1309 4276 1508 4331; x_wconf 73' lang='lat' dir='ltr'><em>P¹SV1</em></span> <span class='ocrx_word' id='word_1_319' title='bbox 1665 4278 1735 4330; x_wconf 78' lang='lat'>23</span> <span class='ocrx_word' id='word_1_320' title='bbox 1775 4284 1900 4329; x_wconf 87' lang='lat' dir='ltr'>ante</span> <span class='ocrx_word' id='word_1_321' title='bbox 1939 4277 2082 4329; x_wconf 70' lang='grc' dir='ltr'>ΡΠ)</span> <span class='ocrx_word' id='word_1_322' title='bbox 2241 4278 2307 4328; x_wconf 70' lang='grc'>27</span> <span class='ocrx_word' id='word_1_323' title='bbox 2347 4275 2526 4330; x_wconf 88' lang='lat' dir='ltr'>uoluit</span> 
     </span>
     <span class='ocr_line' id='line_1_36' title="bbox 242 4361 2324 4434; baseline 0.002 -21"><span class='ocrx_word' id='word_1_324' title='bbox 242 4361 465 4433; x_wconf 86' lang='lat' dir='ltr'>intelligi</span> <span class='ocrx_word' id='word_1_325' title='bbox 504 4364 535 4416; x_wconf 82' lang='lat' dir='ltr'><strong><em>b</em></strong></span> <span class='ocrx_word' id='word_1_326' title='bbox 644 4366 713 4417; x_wconf 76' lang='lat'>29</span> <span class='ocrx_word' id='word_1_327' title='bbox 753 4382 880 4434; x_wconf 87' lang='lat' dir='ltr'>ergo</span> <span class='ocrx_word' id='word_1_328' title='bbox 919 4381 1022 4418; x_wconf 86' lang='lat' dir='ltr'>om.</span> <span class='ocrx_word' id='word_1_329' title='bbox 1063 4366 1092 4417; x_wconf 87' lang='lat' dir='ltr'><strong><em>b</em></strong></span> <span class='ocrx_word' id='word_1_330' title='bbox 1242 4370 1293 4419; x_wconf 83' lang='lat' dir='ltr'>et</span> <span class='ocrx_word' id='word_1_331' title='bbox 1334 4382 1437 4419; x_wconf 88' lang='lat' dir='ltr'>om.</span> <span class='ocrx_word' id='word_1_332' title='bbox 1474 4365 1662 4434; x_wconf 72' lang='lat' dir='ltr'><strong><em>NEuy</em></strong></span> <span class='ocrx_word' id='word_1_333' title='bbox 1769 4366 1838 4418; x_wconf 81' lang='lat'>30</span> <span class='ocrx_word' id='word_1_334' title='bbox 1878 4366 2219 4434; x_wconf 84' lang='lat' dir='ltr'>accipiuntur</span> <span class='ocrx_word' id='word_1_335' title='bbox 2260 4364 2324 4417; x_wconf 74' lang='lat'>0¹</span> 
     </span>
    </p>
   </div>
   <div class='ocr_carea' id='block_1_5' title="bbox 346 4471 2350 4538">
    <p class='ocr_par' dir='ltr' id='par_1_13' title="bbox 346 4471 2350 4538">
     <span class='ocr_line' id='line_1_37' title="bbox 346 4471 2350 4538; baseline 0.005 -13"><span class='ocrx_word' id='word_1_336' title='bbox 346 4488 528 4528; x_wconf 77' lang='lat' dir='ltr'>xxvm</span> <span class='ocrx_word' id='word_1_337' title='bbox 558 4491 672 4538; x_wconf 75' lang='lat' dir='ltr'>Aug.</span> <span class='ocrx_word' id='word_1_338' title='bbox 695 4495 802 4528; x_wconf 72' lang='lat' dir='ltr'>sect.</span> <span class='ocrx_word' id='word_1_339' title='bbox 828 4490 894 4529; x_wconf 90' lang='lat'>111</span> <span class='ocrx_word' id='word_1_340' title='bbox 914 4500 1016 4538; x_wconf 65' lang='lat' dir='ltr'>pars</span> <span class='ocrx_word' id='word_1_341' title='bbox 1036 4491 1060 4529; x_wconf 79' lang='lat'>3</span> <span class='ocrx_word' id='word_1_342' title='bbox 2322 4471 2350 4521; x_wconf 82' lang='lat'><strong>7</strong></span> 
     </span>
    </p>
   </div>
  </div>
 </body>
</html>
