3076 4976
418 500 546 562 228
1132 495 1183 547 S.
1243 493 1509 546 Aureli
1569 492 2002 561 Augustini

417 691 626 774 quinis
657 691 889 754 cubitis
921 689 1299 769 conplebant
1326 693 1637 753 tecturam
1668 690 1935 751 laterum
1968 688 2244 763 illorum,
2288 706 2447 767 quae
2487 705 2707 769 graece

412 799 633 876 πλάγια
698 797 867 861 dicta
933 800 1099 869 sunt,
1165 796 1308 859 inde
1376 796 1651 877 quinque
1720 800 1781 858 et
1846 795 1990 858 hinc
2060 794 2356 875 quinque.
2426 811 2586 874 quae
2655 793 2706 855 si

416 904 788 969 defuissent.
866 903 1019 966 dena
1098 903 1312 965 cubita
1383 905 1749 985 tegerentur
1821 902 1880 965 in
1959 900 2195 965 eisdem
2274 900 2579 963 lateribus
2649 902 2712 961 et

417 1010 608 1092 quina
685 1009 848 1073 nuda
928 1013 1157 1073 essent.
1236 1010 1468 1089 itaque,
1540 1016 1845 1089 quantum
1912 1009 2067 1072 mibi
2135 1008 2409 1072 uidetur.
2478 1006 2709 1069 melius

413 1116 809 1200 intellegitur
844 1117 988 1180 hinc
1031 1136 1171 1180 esse
1222 1116 1496 1179 dictum:
1549 1116 1889 1180 cubitum
1937 1135 2016 1178 ex
2064 1116 2198 1178 hoc
2250 1117 2321 1177 et
2370 1113 2705 1177 cubitum
2772 1135 2797 1172 ο

416 1244 494 1287 ex
579 1224 715 1287 hoc
802 1243 881 1285 ex
967 1242 1048 1287 eo
1136 1222 1332 1303 quod
1408 1228 1717 1303 superat
1791 1223 1989 1286 uelis
2066 1223 2149 1285 de
2230 1220 2708 1303 longitudine

415 1331 759 1394 uelorum
817 1330 1322 1404 tabernaculi,
1385 1349 1501 1393 non
1562 1330 1709 1410 quia
1766 1332 1959 1406 erant,
2020 1349 2160 1392 cum
2230 1328 2374 1391 hinc
2443 1332 2507 1390 et
2566 1326 2708 1389 inde

413 1439 601 1520 quina
651 1440 884 1514 essent,
934 1436 1040 1501 sed
1093 1436 1238 1517 quia
1287 1456 1355 1500 ex
1402 1436 1515 1499 illa.
1561 1436 1956 1518 longitudine
1994 1435 2444 1510 redundabant,
2485 1435 2546 1497 in
2590 1454 2711 1515 qua

411 1545 581 1608 binis
631 1543 862 1607 cubitis
913 1547 1088 1607 erant
1135 1544 1372 1606 aulaeis
1421 1543 1747 1625 capillacia
1797 1543 2100 1625 longiora,
2151 1561 2222 1604 ex
2272 1541 2503 1624 quibus
2560 1540 2710 1603 duo·

414 1653 534 1716 bus
628 1651 857 1715 cubitis
944 1650 1447 1731 uniuscuiusque
1530 1650 1662 1713 ueli
1748 1650 2035 1713 cubitum
2117 1649 2469 1731 profecerat
2549 1647 2711 1727 parti
2752 1671 2801 1709 ιο

414 1759 736 1823 orientali:
795 1757 1077 1820 restabat
1135 1757 1353 1836 utique
1414 1756 1681 1819 alterum
1741 1757 2025 1819 cubitum
2085 1755 2246 1837 parti
2316 1754 2708 1825 occidentali,

412 1868 486 1928 ut
541 1864 881 1929 cubitum
940 1884 1018 1927 ex
1078 1865 1210 1927 hoc
1272 1867 1343 1926 et
1400 1863 1747 1926 cubitum
1807 1882 1886 1925 ex
1945 1864 2078 1926 hoc
2140 1864 2311 1925 esset
2367 1863 2709 1943 contegens

412 1992 603 2053 super
640 1971 860 2050 πλάγια
898 1970 1307 2034 tabernaculi.
1356 1968 1523 2032 unde
1576 1969 1816 2032 dictum
1858 1972 1984 2032 est:
2035 1969 2210 2032 hinc
2260 1972 2484 2048 atque
2532 1967 2709 2031 hinc

409 2081 493 2141 ut
567 2076 886 2159 operiat,
964 2077 1109 2157 quia
1185 2094 1304 2138 non
1384 2076 1707 2157 operiebat
1780 2079 2009 2146 totum,
2092 2074 2144 2136 si
2226 2073 2444 2136 eadem
2522 2074 2709 2155 quina

410 2186 625 2249 cubita
670 2184 1042 2247 defuissent.
2758 2206 2811 2244 15

509 2295 608 2356 18.
662 2291 846 2355 Nunc
897 2292 1020 2354 iam
1077 2291 1368 2371 quoniam
1422 2291 1576 2354 satis
1629 2291 2025 2371 disputatum
2076 2294 2192 2363 est,
2245 2290 2559 2369 quomodo
2606 2289 2715 2353 illa

417 2400 624 2463 omnia
698 2397 1129 2481 intellegenda
1203 2398 1355 2472 sint,
1434 2417 1592 2477 quae
1658 2398 1718 2460 in
1786 2396 2176 2461 tabernaculi
2252 2397 2704 2460 constitutione

409 2506 789 2570 uidebantur
836 2506 1122 2576 obscura,
1173 2504 1466 2576 breuiter,
1519 2505 1573 2567 si
1620 2524 1982 2586 possuian
2028 2504 2339 2566 enitamur
2377 2503 2701 2567 ostendere

411 2612 560 2694 quid
618 2611 703 2674 sit
759 2610 975 2673 eadem
1039 2610 1464 2689 disputatione
1524 2611 1900 2674 confectum.
1980 2611 2054 2673 ab
2115 2609 2439 2674 occidente
2505 2611 2703 2693 igitur

407 2719 762 2782 intrabatur
808 2720 872 2780 et
916 2717 1118 2798 prima
1167 2719 1298 2779 erat
1343 2717 1736 2800 ingrediendi
1786 2720 1966 2798 porta
2014 2717 2177 2793 atrii,
2228 2736 2386 2798 quae
2442 2717 2703 2798 patebat
2741 2743 2794 2784 20

408 2824 637 2906 uiginti
696 2823 928 2886 cubitis
986 2826 1049 2886 et
1105 2823 1377 2886 babebat
1434 2828 1736 2904 quattuor
1792 2824 2138 2896 columnae,
2189 2823 2419 2904 quibus
2478 2823 2701 2904 depen-

408 2931 596 2994 debat
644 2931 857 2993 uelum
906 2929 1139 3012 uiginti
1188 2929 1419 2993 cubitis
1471 2933 1812 2998 extentum,
1864 2933 2143 2994 erectum
2193 2935 2405 2993 autem
2464 2929 2697 2993 cubitis

407 3038 703 3119 quinque,
782 3041 1081 3117 quattuor
1154 3037 1283 3100 illis
1361 3056 1546 3118 saepe
1615 3037 2123 3100 commemoratis
2191 3036 2508 3100 coloribus
2584 3056 2699 3099 acu

406 3145 576 3224 picto
628 3163 815 3224 opere
865 3143 1129 3207 uariatO.
1207 3144 1322 3207 hac
1381 3147 1561 3225 poita
1618 3143 1977 3226 ingrediens
2038 3144 2466 3226 excipiebatur
2520 3145 2698 3210 atrio,

407 3250 588 3314 cuius
671 3251 868 3314 latera
954 3251 1166 3314 dextra
1248 3251 1557 3332 laeuaque
1644 3251 1976 3331 quindenis
2062 3251 2295 3315 cubitis
2372 3253 2433 3314 et
2507 3252 2698 3315 ternis
2738 3283 2790 3320 25

408 3358 718 3421 columnis
793 3358 1275 3440 poriigebantur
1347 3359 1686 3434 introrsus,
1764 3361 1835 3422 ut
1908 3358 1967 3421 in
2045 3359 2326 3422 medium
2398 3364 2698 3441 ponerent

408 3464 642 3527 ostium
709 3465 1103 3528 tabernaculi
1169 3464 1482 3529 interioris
1540 3466 1602 3527 in
1663 3485 1735 3529 ea
1799 3469 1973 3547 parte
2041 3486 2164 3547 quo
2230 3467 2697 3546 perueniebant,

406 3571 576 3633 sicut
620 3572 682 3633 in
731 3571 939 3636 medio
988 3573 1306 3654 ponebant
1348 3577 1593 3654 portam
1644 3573 1784 3636 atrii
1843 3573 1918 3636 ab
1976 3593 2049 3636 ea
2102 3577 2276 3655 parte
2334 3573 2499 3637 unde
2545 3572 2696 3635 inci-

403 3678 678 3758 piebant.
755 3679 874 3741 hoc
940 3679 1156 3760 itaque
1215 3680 1444 3743 atrium
1506 3680 1702 3744 latius
1761 3683 1893 3743 erat
1950 3700 2137 3762 quam
2201 3680 2478 3764 longius,
2552 3700 2695 3742 nam

403 3784 734 3866 longitudo
785 3785 920 3847 eius
970 3791 1102 3849 erat
1150 3805 1182 3849 a
1230 3791 1410 3868 porta
1466 3788 1671 3868 ipsius
1731 3807 1930 3868 usque
1988 3787 2063 3850 ad
2121 3787 2355 3850 ostium
2413 3787 2695 3851 taberna·
2735 3824 2787 3861 30

474 3977 505 4028 5
547 3975 727 4028 cubito
773 3977 818 4029 C
959 3977 1145 4030 cubitu
1187 3980 1231 4030 (J
1374 3981 1401 4030 7
1445 3980 1534 4047 qui
1576 3978 1620 4032 S
1762 3980 1795 4032 8
1836 3980 1994 4048 quine
2040 3979 2086 4031 C
2234 3979 2615 4032 redundabunt
2653 3979 2699 4032 S

406 4065 466 4118 11
510 4065 772 4118 orientale
818 4065 863 4118 C
992 4068 1057 4119 1⁶2
1097 4071 1158 4119 ut
1196 4084 1297 4121 om.
1342 4067 1389 4120 O
1530 4068 1716 4121 cubitu
1762 4069 1808 4121 0
1950 4073 2006 4122 et
2042 4069 2281 4122 cubitum
2322 4086 2382 4122 ex
2421 4069 2521 4122 hoc
2564 4070 2689 4122 (3.1.

399 4160 688 4221 super-scr.)
729 4155 782 4206 P
815 4172 916 4208 om.
957 4155 1134 4208 Sl'bd
1242 4156 1424 4210 cubito
1470 4156 1518 4210 C'
1590 4159 1654 4211 13
1694 4156 1905 4227 πλάγια]
1943 4158 2117 4211 latera
2152 4175 2218 4213 m.
2250 4161 2288 4210 2
2316 4175 2383 4211 ea:
2419 4157 2610 4227 plagi-a
2649 4159 2699 4210 V

407 4245 467 4295 17
509 4247 637 4295 sunt
681 4243 734 4295 V
802 4246 869 4298 20
909 4245 1235 4313 intrabatur]
1276 4245 1596 4300 trahebatur
1632 4247 1814 4300 P¹SV
1880 4247 1949 4300 22
1988 4249 2246 4316 erectum]
2289 4253 2343 4300 et
2381 4252 2619 4300 erectum
2650 4245 2695 4299 S

402 4337 456 4383 et
495 4334 696 4384 rectum
719 4332 793 4385 P*
866 4334 933 4386 23
961 4335 1178 4402 acupito
1201 4333 1266 4386 0¹
1305 4336 1551 4404 acopicto
1576 4335 1717 4390 P¹S²
1754 4337 1962 4405 acpicto
1983 4335 2047 4390 S·
2122 4338 2191 4390 25
2221 4336 2439 4390 dextera
2463 4335 2693 4390 PSVbd

401 4421 468 4473 ‘26
506 4419 683 4472 medio
723 4421 1005 4474 PSVde
1111 4424 1179 4476 29
1217 4425 1364 4493 nam]
1404 4443 1508 4478 non
1550 4425 1665 4480 SP¹
