3076 4976
413 478 543 541 334
855 510 860 513 ,
1120 473 1171 527 S.
1228 473 1502 527 Aureli
1561 473 1995 542 Augustini

410 670 542 734 ullo
612 688 837 753 genere
914 668 1204 733 sacrificii
1279 669 1535 752 purgari
1611 671 1897 751 oportere
1962 670 2288 750 tamquam
2351 669 2702 736 insanabile

407 777 698 842 iudicans
744 776 857 840 illa
902 775 1231 840 dumtaxat
1276 774 1619 852 curatione,
1660 793 1820 858 quae
1857 794 1969 857 per
2005 775 2311 839 sacrificia
2347 777 2701 860 gerebatur,

411 884 624 966 qualia
667 882 953 948 facienda
997 882 1061 946 in
1108 883 1227 947 hac
1275 883 1589 966 scriptura
1631 881 2125 964 praecipiuntur.
2175 900 2336 964 quae
2384 883 2438 947 si
2485 903 2596 967 per
2633 904 2701 949 se

408 990 550 1072 ipsa
595 988 1031 1068 adtendantur,
1079 989 1240 1054 nulli
1286 991 1546 1073 peccato
1594 992 1862 1071 possunt
1907 988 2171 1064 mederi3
2221 988 2276 1053 si
2324 993 2538 1055 autem
2599 1010 2700 1056 res

407 1097 584 1180 ipsae
614 1114 879 1177 quarum
918 1095 1074 1159 haec
1114 1098 1508 1160 sacramenta
1546 1098 1698 1158 suut
1733 1093 2148 1177 inquirantur,
2188 1095 2251 1159 in
2303 1096 2393 1161 eis
2432 1097 2701 1162 inueniri

407 1203 643 1287 poterit
677 1201 969 1286 purgatio
1000 1206 1427 1283 peccatorum.
1461 1201 1628 1283 quod
1660 1220 1808 1285 ergo
1841 1201 2148 1285 scriptum
2179 1206 2305 1267 est:
2347 1209 2702 1284 peccator

409 1328 572 1374 cum
641 1309 937 1373 uenerit
980 1309 1054 1372 in
1119 1308 1573 1389 profundum
1640 1309 2005 1373 malorum
2072 1311 2510 1389 contemnit,
2576 1312 2699 1377 iste

405 1416 808 1500 significatus
874 1419 992 1491 est,
1061 1434 1251 1498 quem
1317 1415 1632 1498 scriptura
1695 1415 1814 1482 hoc
1878 1415 2018 1481 loco
2085 1415 2240 1481 dicit
2312 1417 2418 1493 „in
2485 1438 2697 1483 manu

409 1523 848 1606 supe1·biae“
904 1522 1286 1604 delinquere.
1335 1522 1455 1587 hoc
1502 1522 1701 1607 igitur
1748 1523 1882 1588 sine
1930 1542 2133 1606 poena
2180 1523 2316 1588 eius
2376 1525 2485 1606 qui
2532 1545 2699 1589 com-

405 1630 608 1694 mittit
635 1648 756 1694 non
789 1632 1003 1714 potest
1031 1629 1296 1704 aboleri;
1338 1634 1529 1710 atque
1562 1629 1704 1695 ideo
1746 1650 1865 1695 non
1906 1633 2120 1712 potest
2158 1649 2298 1696 esse
2336 1631 2697 1714 inpunitum

410 1742 474 1801 et
529 1757 671 1801 cum
746 1735 1120 1818 paenitendo
1197 1739 1470 1801 sanatur.
1544 1736 1685 1818 ipsa
1748 1736 1914 1800 enim
1978 1736 2254 1802 adflictio
2319 1738 2699 1820 paenitentis

409 1861 610 1926 poena
682 1844 926 1926 peccati
1001 1845 1101 1906 est
1164 1843 1457 1924 quamuis
1522 1842 1917 1909 medicinalis
1982 1846 2049 1909 et
2111 1843 2406 1912 salubris.
2473 1844 2696 1908 merito

406 1950 640 2033 quippe
677 1969 980 2035 magnum
1019 1949 1337 2014 iudicatur
1374 1953 1729 2033 peccatum,
1770 1970 1915 2015 cum
1956 1950 2252 2034 superbia
2287 1954 2697 2035 praeceptum

408 2056 781 2131 contemnit3
833 2056 947 2121 sed
994 2076 1026 2120 e
1074 2056 1407 2133 contrarie,
1455 2060 1531 2121 ut
1578 2055 1785 2120 sanari
1829 2056 2057 2138 possit,
2117 2074 2241 2121 cor
2287 2058 2697 2122 contritum

407 2167 482 2228 et
525 2162 1012 2227 humiliatum
1061 2162 1243 2226 deus
1291 2181 1431 2227 non
1483 2162 1795 2245 spernit.
1846 2181 2071 2226 uerum
2117 2165 2327 2227 tamen
2378 2164 2526 2245 quia
2563 2164 2697 2228 sine

404 2288 608 2353 poena
651 2290 768 2335 non
820 2268 912 2347 fit,
960 2269 1101 2333 ideo
1149 2269 1295 2333 hinc
1343 2270 1500 2334 talia
1564 2269 1734 2333 dicta
1781 2271 1949 2333 sunt.
2019 2269 2253 2346 deum,
2302 2269 2528 2352 inquit,
2578 2270 2698 2335 hic

408 2377 838 2453 exacerbat,
907 2375 1055 2457 quia
1102 2375 1283 2440 deus
1352 2376 1703 2456 superbis
1766 2375 2091 2442 resistit.
2144 2379 2216 2439 et
2262 2376 2699 2440 extermina·

405 2482 615 2548 bitur
661 2483 905 2548 anima
951 2481 1089 2547 illa
1136 2481 1221 2547 de
1267 2482 1547 2565 populo
1597 2502 1730 2548 suo
1779 2520 1866 2530 —
1915 2482 2210 2565 quoniam
2259 2482 2406 2548 talis
2447 2484 2698 2548 omuino

407 2589 468 2652 in
507 2608 767 2654 numero
807 2608 1025 2654 eorum
1064 2589 1173 2670 qui
1206 2588 1284 2653 ad
1322 2588 1512 2653 deum
1550 2588 1869 2670 pertinent
1907 2608 2027 2654 non
2069 2594 2167 2654 est
2212 2625 2300 2638 —-
2349 2590 2700 2672 quoniam

408 2695 721 2759 uerbum
771 2695 1052 2759 domini
1100 2695 1511 2760 contemsit
1558 2699 1631 2760 et
1674 2696 2025 2760 mandata
2073 2695 2235 2761 eius
2295 2696 2694 2777 dispersit3

412 2802 875 2866 contritione
925 2804 1364 2866 conteretur
1410 2801 1652 2866 anima
1698 2802 1856 2867 illa.
1906 2821 2096 2884 quare
2154 2807 2368 2866 autem
2427 2804 2700 2868 coutri-

408 2909 620 2973 tione
668 2912 1125 2987 conteretur,
1176 2914 1636 2992 consequenter
1680 2910 1972 2994 adiungit
2008 2910 2255 2976 dicens:
2305 2916 2701 2994 peccatum

409 3015 573 3079 eius
621 3015 692 3079 in
739 3014 893 3080 illa.
945 3034 1017 3080 ac
1066 3035 1177 3096 per
1211 3015 1352 3094 hoc,
1396 3016 1449 3080 si
1488 3016 1604 3080 tali
1642 3019 1899 3098 peccato
1940 3016 2218 3081 debitam
2258 3018 2699 3082 contritionem

407 3121 542 3204 ipse
609 3122 732 3186 sibi
797 3122 1095 3187 adhibeat
1158 3122 1558 3205 paenitendo,
1628 3142 1753 3189 cor
1819 3123 2251 3198 contritum,
2320 3127 2393 3188 ut
2456 3123 2699 3188 dictum

410 3232 526 3306 est,
587 3228 770 3292 deus
828 3248 967 3293 non
1027 3229 1338 3311 spernit.
1406 3230 1701 3311 quamuis
1748 3229 1811 3294 in
1864 3248 2088 3314 graeco
2145 3249 2268 3293 non
2326 3230 2568 3294 dictum
2617 3230 2702 3295 sit

407 3334 742 3400 hocloco:
794 3335 1255 3401 contritione
1318 3339 1777 3413 conteretur,
1821 3337 1960 3401 sed:
2028 3337 2439 3402 extritione
2509 3341 2701 3400 exte-

407 3444 615 3505 retur
662 3441 906 3505 anima
951 3442 1119 3506 illa:
1169 3442 1337 3522 quod
1383 3442 1474 3506 ita
1521 3442 1723 3523 accipi
1769 3446 2006 3525 potest,
2067 3444 2249 3525 quasi
2297 3443 2465 3509 omni
2510 3442 2699 3508 modo

587 3651 619 3704 6
657 3650 817 3703 Prou.
863 3651 943 3713 18,
983 3651 1015 3704 3
1130 3652 1196 3705 14
1232 3651 1321 3705 Ps.
1363 3650 1446 3712 50,
1492 3652 1557 3704 19
1671 3652 1736 3705 17
1775 3651 1883 3705 Iac.
1922 3653 1975 3717 4,
2014 3655 2046 3707 6

479 3776 512 3826 2
550 3774 880 3841 gerebantur
925 3774 977 3827 V
1109 3775 1141 3827 3
1179 3790 1235 3826 se
1274 3790 1375 3827 om.
1415 3773 1626 3827 P¹S¹V
1750 3776 1784 3828 4
1823 3775 1973 3829 nullo
2013 3779 2170 3846 pacto
2219 3774 2292 3827 V2
2452 3779 2701 3847 possunt]

410 3880 542 3933 opus
581 3867 708 3916 sunt
752 3862 798 3916 0
903 3867 935 3918 5
974 3863 1122 3932 ipsas
1167 3863 1213 3915 C
1354 3878 1581 3931 quorum
1618 3863 1899 3918 CPSNV¹
2046 3865 2290 3918 inuenire
2324 3867 2372 3919 0
2475 3868 2508 3919 9
2548 3866 2699 3920 dere-

406 3952 653 4022 linquere
690 3951 898 4005 P¹S¹V
1078 3952 1143 4005 10
1202 3949 1667 4021 aboleri—potest
1704 3969 1805 4009 om.
1848 3954 1914 4008 N
2090 3955 2149 4007 11
2214 3954 2356 4007 enim
2393 3971 2510 4023 cap.
2551 3956 2611 4008 in
2656 3954 2704 4006 V

412 4043 477 4095 14
525 4058 553 4095 e
591 4058 694 4095 om.
730 4041 859 4110 Euy
1073 4043 1135 4093 ut
1173 4056 1274 4093 om.
1321 4042 1368 4094 G
1547 4042 1611 4096 15
1660 4047 2013 4096 ueruntamen
2061 4043 2111 4096 Τ
2292 4044 2357 4097 16
2403 4044 2539 4098 talia
2577 4044 2701 4097 hinc

406 4129 879 4198 PSNVdeEuq
1042 4129 1305 4192 distincta
1351 4130 1401 4183 Τ
1560 4131 1658 4185 diss
1696 4130 1762 4184 N
1916 4132 2097 4201 inquit
2133 4147 2233 4189 om,
2283 4134 2333 4186 T
2487 4135 2611 4197 hinc
2657 4132 2708 4186 T

408 4220 477 4272 20
516 4217 780 4288 disperdit
813 4217 861 4271 0
894 4217 1220 4286 disperdidit
1247 4217 1492 4287 deEuy
1600 4220 1670 4273 23
1708 4220 1804 4273 illa
1840 4222 2039 4288 scripsi
2074 4237 2193 4274 cum
2232 4221 2306 4275 bd
2338 4221 2704 4276 accomodans

408 4324 526 4375 sup.
558 4307 676 4360 loco
695 4324 756 4375 p.
791 4310 929 4372 333,
965 4310 1061 4360 19.-
1085 4307 1180 4361 illo
1212 4307 1345 4362 libri
1444 4309 1512 4363 25
1553 4315 1772 4378 spernet
1801 4308 1875 4362 bd
1982 4310 2052 4363 26
2092 4308 2317 4379 ἐπιτρίψει
2344 4308 2702 4380 ἐπιτριβήσεται

413 4395 565 4448 codd.
613 4394 708 4448 Gr.
819 4397 888 4449 27
928 4397 1109 4467 accepi
1154 4395 1200 4450 G

2736 1640 2789 1694 10

2736 2184 2791 2241 ιτ»,

2734 2722 2788 2762 20

2736 3251 2788 3293 25
