3076 4976
528 452 609 514 58
1229 449 1280 502 S.
1342 447 1622 501 Aureli
1677 447 2116 517 Augustini

526 643 704 706 loco
753 642 827 706 in
877 662 1027 724 quo
1076 643 1405 707 locutus
1456 646 1583 705 est
1628 662 1797 706 cum
1844 662 1951 717 eo,
1992 643 2331 706 titulum
2370 640 2831 723 lapideum:

528 753 603 812 et
649 749 960 812 libauit
1007 768 1248 831 super
1294 768 1466 813 eum
1513 750 1866 813 libamen
1908 754 1984 814 et
2020 749 2333 813 infudit
2371 766 2612 828 super
2650 766 2833 811 eum

529 856 812 919 oleum.
863 859 939 919 et
977 856 1314 919 uocauit
1351 857 1595 921 Iacob
1636 875 1912 921 nomen
1952 856 2115 920 loci
2163 856 2238 919 in
2288 873 2437 936 quo
2485 855 2833 917 locutus

530 964 653 1024 est
703 981 872 1025 cum
923 981 1009 1026 eo
1057 962 1245 1026 illic
1294 962 1490 1027 deus
1548 963 1942 1038 „Bethel“.
1993 963 2226 1027 iterum
2273 963 2512 1025 factum
2564 963 2665 1024 est
2703 960 2836 1023 hoc

527 1069 688 1143 loco,
769 1068 937 1150 quod
1002 1069 1241 1133 factum
1308 1070 1561 1133 fuerat?
1612 1089 1686 1133 an
1749 1069 1981 1132 iterum
2050 1073 2610 1132 commemoratum
2680 1071 2836 1129 est?
2901 1081 2924 1116 ⁵

530 1175 637 1238 sed
707 1174 1035 1257 quodlibet
1099 1175 1323 1239 horum
1392 1175 1494 1253 sit,
1565 1195 1755 1257 super
1819 1175 2094 1256 lapidem
2143 1175 2372 1239 libauit
2424 1173 2637 1248 Iacob,
2706 1192 2836 1237 non

527 1281 721 1363 lapidi
768 1281 1014 1345 libauit.
1066 1301 1183 1345 nou
1236 1301 1382 1365 ergo
1426 1282 1593 1345 sicut
1629 1282 1933 1346 idolatrae
1974 1282 2180 1346 solent
2219 1301 2357 1346 aras
2397 1285 2541 1346 ante
2579 1281 2835 1364 lapides

530 1388 916 1451 constituere
965 1391 1029 1451 et
1074 1391 1399 1469 tamquam
1450 1388 1571 1452 diis
1620 1388 1816 1453 libare
1865 1388 2204 1471 lapidibus,

621 1494 873 1559 CXVII.
951 1493 1135 1574 Quod
1209 1494 1545 1559 duodecim
1619 1495 1736 1557 filii
1809 1494 2072 1571 Israhel,
2149 1495 2256 1576 qui
2323 1495 2458 1559 nati
2522 1500 2671 1558 sunt
2746 1495 2833 1563 ei.

530 1604 953 1683 conputantur
1008 1606 1074 1665 et
1129 1601 1393 1666 dicitur:
1461 1600 1540 1663 hi
1589 1604 1780 1664 sunt
1835 1600 2012 1664 filii
2070 1602 2414 1677 Israhel,
2477 1602 2614 1684 qui
2652 1603 2830 1665 nati
2882 1622 2924 1656 ιο

532 1712 720 1771 sunt
794 1707 976 1771 eiin
1053 1707 1662 1789 Mesopotamia,
1740 1726 1884 1771 cum
1951 1707 2280 1771 Beniamin
2348 1707 2535 1791 longe
2602 1711 2832 1789 postea

531 1817 714 1878 natus
782 1815 886 1889 sit,
964 1834 1109 1878 cum
1174 1814 1298 1878 iam
1364 1814 1768 1878 transiissent
1831 1815 2058 1878 Bethel
2124 1817 2189 1878 et
2253 1813 2832 1896 adpropinquarent

530 1919 881 1997 Bethleem,
930 1921 1167 1986 frustra
1215 1921 1473 2003 quidam
1521 1924 1818 1985 conantes
1865 1921 2056 1984 istam
2097 1922 2343 1984 soluere
2385 1920 2830 2001 quaestionem

531 2026 818 2090 dixerunt
863 2047 983 2091 non
1049 2028 1391 2111 legendum
1463 2027 1672 2104 „nati
1740 2030 1983 2102 sunt,“
2060 2027 2230 2092 sicut
2293 2026 2474 2090 latini
2539 2026 2829 2108 plerique

532 2133 782 2197 codices
830 2133 1083 2211 habent,
1134 2134 1244 2198 sed
1300 2134 1544 2209 „facti
1585 2138 1807 2198 sunt“
1863 2172 1951 2181 —
1999 2153 2220 2217 graece
2281 2134 2446 2198 enim
2515 2133 2828 2214 scriptum
2872 2150 2915 2187 ¹⁵

532 2242 631 2302 est
678 2238 941 2317 ἐγένοντο
978 2241 1179 2304 —ita
1225 2241 1511 2305 uolentes
1560 2241 1847 2324 intellegi
1897 2241 2088 2304 etiam
2137 2240 2487 2315 Beniamin,
2530 2239 2826 2321 quamuis

532 2345 618 2407 ibi
686 2350 871 2410 natus
920 2365 1041 2410 non
1108 2345 1319 2422 suerit,
1368 2346 1456 2410 ibi
1513 2347 1756 2410 factum
1822 2351 2051 2422 tamen,
2122 2346 2271 2427 quia
2315 2347 2442 2408 iam
2509 2345 2714 2410 fuerat
2758 2344 2822 2408 in

532 2455 709 2516 utero
762 2452 1131 2529 seminatuS,
1193 2457 1267 2516 ut
1313 2472 1659 2536 praegnans
1727 2452 1872 2516 inde
1938 2451 2177 2517 Rachel
2244 2452 2442 2517 exisse
2513 2451 2820 2516 credatur.

532 2558 649 2622 hoc
698 2563 907 2622 autem
956 2558 1165 2635 modo,
1214 2558 1403 2622 etiam
1456 2559 1510 2623 si
1586 2559 1789 2632 „nati
1857 2562 2080 2622 sunt⁴⁶
2160 2560 2497 2641 legeretur,
2564 2565 2824 2641 possent

533 2665 769 2728 dicere:
818 2665 944 2728 iam
995 2664 1055 2726 in
1104 2670 1281 2728 utero
1332 2675 1519 2729 natus
1560 2669 1712 2740 erat,
1756 2665 1904 2746 quia
1945 2670 2287 2747 conceptus
2327 2669 2489 2739 erat;
2543 2665 2708 2728 sicut
2747 2658 2822 2729 de
2861 2685 2908 2723 πο

534 2777 750 2836 sancta
822 2771 1021 2834 Maria
1097 2770 1339 2835 dictum
1405 2775 1505 2835 est
1571 2772 1650 2835 ad
1714 2771 1975 2853 Ioseph:
2044 2771 2251 2852 quod
2320 2772 2526 2835 enim
2590 2771 2668 2834 in
2735 2790 2820 2834 ea

533 2881 799 2943 natum
852 2880 994 2954 est,
1044 2877 1133 2941 de
1182 2876 1489 2960 spiritu
1537 2882 1822 2943 sancto
1873 2883 2014 2945 est.

625 2984 748 3048 Sed
796 2983 969 3047 aliud
1036 2986 1136 3048 est
1205 2984 1375 3065 quod
1442 2984 1687 3066 inpedit
1755 2984 1915 3049 hanc
1984 2984 2366 3051 solutionem
2434 2982 2819 3065 quaestionis

532 3091 745 3155 huiuS.
816 3090 979 3172 quia,
1048 3091 1101 3154 si
1156 3091 1283 3155 iam
1350 3090 1437 3154 ibi
1503 3091 1832 3154 Beniamin
1902 3093 2244 3173 conceptus
2315 3095 2468 3164 erat,
2538 3090 2646 3172 qui
2709 3089 2819 3153 filii

534 3198 718 3262 Iacob
799 3196 1064 3280 grandes
1144 3197 1286 3261 inde
1354 3198 1655 3272 exierunt,
1725 3198 1828 3260 uix
1894 3216 2199 3262 annorum
2282 3196 2617 3261 duodecim
2686 3215 2818 3259 esse
2855 3220 2904 3260 ετ»

534 3307 893 3387 potuerunt.
946 3302 1174 3386 uiginti
1222 3322 1492 3384 namque
1543 3321 1737 3366 annos
1779 3303 1912 3367 illic
1951 3302 2248 3383 expleuit,
2290 3321 2557 3384 quorum
2605 3301 2816 3382 primis

717 3512 781 3565 10
819 3513 951 3567 Gen.
1003 3513 1089 3574 35,
1130 3512 1198 3565 26
1310 3514 1373 3564 21
1415 3512 1616 3565 Matth.
1660 3513 1706 3572 1,
1745 3513 1816 3566 20

606 3656 635 3707 7
685 3652 973 3707 idolatriae
1010 3654 1066 3706 P
1244 3657 1276 3706 8
1326 3654 1658 3707 constituere
1707 3660 1757 3706 et
1793 3652 1962 3706 libare
2005 3659 2133 3707 mut.
2173 3660 2316 3707 sunt
2355 3653 2418 3707 in
2455 3653 2739 3706 constituit
2773 3659 2817 3706 et

531 3742 729 3796 libauit
767 3742 819 3794 1
975 3741 1055 3795 dis
1093 3743 1281 3812 NEuq
1319 3742 1425 3808 (ed.
1456 3742 1665 3796 Knoell
1683 3760 1740 3811 p.
1779 3746 1899 3795 337
1901 3759 1918 3809 )
2020 3745 2053 3795 9
2090 3741 2190 3795 filii
2230 3745 2593 3812 conputantur
2626 3741 2816 3794 israhel

535 3833 625 3900 qui
674 3832 790 3885 nati
839 3834 967 3884 sunt
1014 3833 1064 3884 ei
1114 3832 1185 3896 (ei
1223 3849 1327 3884 om.
1378 3831 1446 3896 Υ)
1485 3831 1644 3884 PSV
1648 3831 1774 3884 de
1816 3832 1916 3884 filii
1964 3835 2329 3900 conputantur
2372 3831 2572 3884 israhel
2615 3831 2819 3884 omissis

538 3920 663 3989 „qui
710 3921 827 3972 nati
874 3923 1004 3973 sunt
1052 3921 1132 3972 ei“
1182 3921 1405 3988 NEu95
1463 3926 1695 3973 ceterum
1749 3920 1838 3973 hic
1890 3921 2041 3974 locus
2091 3920 2392 3973 abhorrens
2447 3920 2518 3973 ab
2566 3920 2642 3973 eis
2687 3936 2819 3986 quae

526 4014 722 4077 postea
751 4015 1101 4076 acpommtur
1128 4015 1419 4076 corruptus
1447 4015 1524 4062 est
1635 4009 1682 4062 ei
1712 4015 1849 4076 (exp.
1877 4015 1927 4063 et
1956 4010 1999 4062 ἅτ
2025 4009 2326 4077 suprascr.)
2361 4008 2408 4061 C
2515 4008 2580 4062 10
2607 4007 2686 4061 hii
2712 4006 2775 4059 N
2779 4008 2822 4060 T

537 4100 594 4150 11
630 4099 680 4151 ei
710 4114 808 4154 om.
836 4099 963 4166 Euy
1068 4101 1259 4167 postea
1288 4097 1447 4166 longe
1476 4098 1605 4165 Euy
1680 4099 1744 4151 12
1775 4098 1868 4166 sit}
1904 4102 1987 4151 est
2017 4098 2202 4151 TV¹T
2308 4096 2599 4150 transisset
2617 4095 2823 4150 PSVT

531 4187 841 4239 transiisset
886 4186 961 4240 bd
1103 4186 1628 4256 appropinquaretnr
1665 4186 1710 4241 S
1762 4187 2224 4256 appropinquaret
2270 4186 2345 4239 bd
2472 4185 2537 4238 13
2580 4184 2818 4239 bethlem

532 4275 710 4344 Pliny
819 4275 1035 4345 quidem
1073 4275 1135 4328 N
1241 4279 1503 4330 conantur
1540 4275 1607 4328 N
1706 4278 1768 4329 16
1810 4281 2080 4345 egenonto
2128 4273 2333 4329 CPSN
2341 4274 2447 4327 VT
2554 4274 2628 4327 20
2666 4277 2819 4327 natus

534 4365 670 4430 erat]
712 4368 842 4417 natu
879 4364 915 4416 b
1060 4366 1129 4417 22
1171 4369 1253 4418 cst
1289 4382 1331 4418 s.
1373 4365 1406 4418 l.
1447 4383 1517 4418 m.
1560 4369 1618 4424 2>
1662 4365 1714 4417 P
1857 4367 1924 4418 23
1974 4365 2111 4417 hanc
2156 4365 2218 4417 in
2267 4380 2367 4432 my.
2417 4380 2487 4416 m.
2527 4365 2567 4416 2
2606 4363 2737 4417 add.
2775 4365 2825 4417 P
