3076 4976
573 476 1051 542 Quaestionum
1091 474 1203 529 lib.
1245 475 1291 526 V
1334 474 1623 541 (Quaest.
1664 475 1738 528 de
1778 476 2342 541 Deuteronomio).
2469 478 2598 541 383

310 671 850 755 quadraginta
883 670 1152 735 diebus
1194 673 1265 734 et
1295 669 1842 753 quadraginta
1880 669 2301 745 noctibus;
2342 688 2598 752 panem

310 799 455 844 non
503 776 1035 842 manducauit
1084 780 1161 841 et
1208 795 1488 859 aquam
1536 796 1676 841 non
1726 775 1962 853 bibit,
2013 779 2086 840 et
2134 776 2482 858 scripsit
2530 776 2598 839 in

310 884 623 950 tabulis
698 884 947 947 uerba
1022 884 1538 960 testamenti,
1617 883 1886 947 decem
1962 883 2226 947 uerba.
2313 883 2366 945 si
2433 883 2599 947 enim

310 992 600 1073 superius
659 990 828 1072 quod
885 989 1125 1053 dictum
1183 994 1313 1053 est:
1373 990 1643 1054 scribe
1700 988 1857 1053 tibi
1914 989 2160 1053 uerba
2206 989 2439 1059 haec:
2500 993 2601 1053 et-

243 1121 272 1161 s
312 1099 515 1162 enim
592 1097 666 1161 in
742 1096 1022 1161 uerbis
1106 1095 1233 1160 his
1319 1096 1557 1178 posui
1631 1095 1789 1158 tibi
1866 1097 2448 1160 testamentum
2526 1100 2604 1160 et

308 1204 644 1279 Israhel,
694 1203 771 1267 ad
812 1203 1138 1285 superiora
1174 1203 1467 1285 pertinet,
1509 1202 1757 1285 quando
1798 1202 1954 1266 deus
1992 1202 2123 1265 ista
2156 1202 2599 1285 praecipiebat,

309 1315 381 1375 ut
445 1330 564 1375 non
630 1310 691 1373 in
762 1309 1009 1373 duabus
1073 1308 1342 1392 lapideis
1408 1309 1645 1373 tabulis
1703 1308 2142 1385 scriberentur,
2202 1308 2311 1372 sed
2367 1308 2433 1372 in
2489 1309 2599 1374 illo

308 1417 466 1482 libro
541 1416 734 1501 legiS,
810 1415 920 1479 ubi
985 1416 1191 1480 multa
1256 1416 1619 1498 conscripta
1682 1417 1859 1491 sunt,
1936 1418 2102 1479 certe
2165 1415 2356 1490 illud,
2434 1415 2603 1497 quod

310 1525 631 1607 sequitur:
700 1527 776 1587 et
844 1527 1016 1586 erat
1081 1522 1195 1586 ibi
1249 1522 1572 1607 Moyses
1637 1522 1715 1586 in
1785 1526 2232 1603 conspectu
2298 1522 2599 1587 domini

218 1656 270 1693 ιο
313 1630 855 1714 quadraginta
887 1629 1156 1693 diebus
1189 1632 1261 1693 et
1290 1628 1841 1712 quadraginta
1880 1628 2298 1705 noctibus;
2339 1648 2598 1712 panem

309 1757 453 1801 non
521 1736 1051 1800 manducauit
1119 1739 1195 1799 et
1260 1755 1544 1818 aquam
1601 1754 1745 1800 non
1806 1736 2057 1813 bibit,
2117 1739 2197 1799 et
2252 1736 2599 1818 scripsit

306 1844 381 1908 in
457 1843 780 1908 tabulis
857 1842 1104 1907 uerba
1176 1841 1693 1919 testamenti,
1764 1843 2029 1906 decem
2099 1841 2376 1920 uerba,
2445 1843 2599 1908 satis

307 1951 671 2015 manifestat
718 1948 985 2013 eundem
1025 1948 1289 2031 Moysen
1337 1947 1400 2011 in
1449 1948 1689 2011 tabulis
1727 1948 1884 2012 haec
1923 1947 2139 2012 decem
2177 1949 2370 2013 uerba
2409 1949 2601 2031 scrip-

309 2058 489 2133 sisse,
530 2076 649 2122 non
701 2057 912 2121 deum.
972 2056 1094 2120 nisi
1140 2056 1304 2120 forte
1351 2054 1665 2120 uiolenter
1713 2055 1964 2137 quidem
2017 2056 2129 2120 sed
2176 2061 2347 2121 certa
2393 2076 2603 2121 neces·

217 2187 268 2227 15
311 2163 498 2227 sitate
549 2163 985 2246 conpellimur,
1027 2162 1138 2226 ubi
1178 2161 1421 2225 dictum
1464 2165 1596 2226 est:
1647 2165 1722 2225 et
1771 2162 2118 2243 scripsit
2163 2162 2237 2227 in
2286 2163 2599 2227 tabulis

306 2270 554 2334 uerba
599 2270 1104 2343 testamenti,
1147 2270 1421 2332 decem
1463 2269 1729 2344 uerba,
1771 2288 1891 2333 non
1932 2269 2195 2351 Moysen
2237 2269 2598 2345 subaudire,

306 2376 419 2440 sed
492 2375 812 2440 dominum
881 2411 967 2421 -—
1035 2394 1223 2457 supra
1289 2374 1453 2438 enim
1519 2373 1804 2457 positum
1883 2377 2012 2438 est:
2092 2377 2168 2437 et
2242 2378 2414 2439 erat
2485 2375 2595 2439 ibi

303 2482 626 2567 Moyses
676 2482 751 2546 in
803 2484 1253 2566 conspectu
1302 2480 1603 2545 domini
1640 2519 1728 2527 —
1773 2484 1849 2546 ut
1896 2500 1930 2546 a
1979 2480 2254 2559 dominc,
2303 2482 2366 2546 in
2415 2483 2598 2547 cuius

305 2595 648 2673 conspectu
725 2593 859 2654 erat
924 2589 1182 2672 Moyses
1259 2587 1678 2673 quadraginta
1751 2588 1977 2653 diebus
2054 2593 2117 2653 et
2191 2589 2602 2672 quadraginta

207 2723 261 2761 20
307 2697 602 2761 noctibus
649 2715 873 2779 panem
924 2714 1045 2760 non
1093 2695 1479 2760 manducans
1528 2699 1594 2760 et
1642 2714 1867 2778 aquam
1916 2714 2037 2760 non
2085 2695 2327 2772 bibens,
2369 2696 2602 2779 scripta

301 2804 755 2887 intellegantur
821 2803 975 2867 haec
1040 2802 1257 2868 decem
1325 2803 1521 2868 uerba
1578 2803 1641 2866 in
1697 2802 1956 2876 tabuliS,
2024 2803 2193 2866 sicut
2255 2807 2398 2867 ante
2462 2822 2602 2886 pro-

301 2910 580 2974 miserat.

395 3017 581 3096 Qnod
630 3016 685 3081 si
731 3017 823 3081 ita
871 3020 989 3092 est,
1039 3036 1159 3080 non
1210 3016 1467 3098 quidem
1514 3016 1628 3080 illa
1675 3015 2028 3080 differentia
2084 3017 2350 3080 duomm
2409 3020 2601 3080 testa-

302 3126 682 3202 mentorum,
743 3141 903 3204 quae
963 3123 1143 3187 nobis
1211 3123 1354 3186 uisa
1419 3126 1540 3200 est,
1604 3123 1666 3186 in
1733 3122 1834 3187 his
1898 3123 2111 3188 uerbis
2178 3122 2600 3187 commendari

209 3256 265 3296 25
302 3233 533 3313 potest,
594 3229 840 3312 quando
902 3231 965 3293 et
1026 3229 1268 3310 priores
1335 3232 1399 3292 et
1465 3229 1774 3293 secundas
1842 3229 2089 3294 tabulas
2159 3230 2414 3313 scripsit
2478 3249 2598 3294 non

304 3338 493 3402 homo
543 3336 656 3402 sed
705 3335 882 3412 deus,
930 3356 1150 3401 uerum
1209 3340 1421 3400 tamen
1478 3336 1592 3400 illa
1648 3338 1814 3400 certe
1873 3336 2175 3400 distantia
2230 3357 2349 3401 non
2409 3338 2600 3401 habet

305 3443 789 3521 dubitationem,
867 3443 1037 3525 quod
1112 3443 1348 3526 priores
1425 3443 1677 3506 tabulas
1746 3446 1810 3506 et
1875 3442 2032 3507 deus
2095 3443 2248 3507 fecit
2313 3447 2378 3516 et
2440 3443 2600 3514 deus

304 3549 583 3630 scripsit.
660 3569 782 3614 non
833 3550 996 3614 enim
1045 3553 1197 3613 tunc
1248 3549 1489 3613 dictum
1537 3552 1638 3613 est
1683 3549 1760 3612 ad
1806 3548 2101 3632 Moysen:
2151 3549 2405 3614 excide
2453 3550 2597 3614 tibi

304 3656 489 3721 duas
528 3656 860 3732 tabulas,
902 3655 1014 3720 sed
1054 3656 1143 3720 ita
1181 3655 1396 3738 potius
1428 3654 1692 3739 legitur:
1736 3658 1808 3720 et
1847 3674 2258 3720 conuersus
2297 3657 2595 3739 Moyses

210 3801 267 3841 30
308 3761 706 3826 descendit
772 3762 855 3827 de
922 3766 1201 3840 monte,
1271 3767 1343 3827 et
1410 3762 1596 3826 duae
1662 3763 1967 3827 tabulae
2034 3763 2458 3828 testimonii
2523 3763 2593 3827 in

303 3869 651 3934 manibus
721 3871 911 3934 eius:
981 3870 1290 3935 tabulae
1346 3869 1692 3953 lapidea-e
1751 3870 2084 3952 scriptae
2142 3889 2220 3933 ex
2280 3873 2593 3954 utraque

303 3980 516 4060 parte
578 3986 965 4051 <earum>‚
1042 3977 1212 4041 hinc
1281 3980 1506 4059 atque
1573 3975 1745 4041 hinc
1812 3979 2020 4066 erant
2087 3977 2445 4059 scriptae;
2523 3982 2594 4042 et

479 4134 549 4187 29
586 4133 681 4188 Ex.
722 4136 805 4197 32,
851 4135 933 4188 15.
976 4135 1041 4188 16

372 4240 407 4292 4
445 4238 587 4309 quod
626 4240 868 4310 superius
899 4240 944 4296 S
1060 4241 1258 4296 scribet
1294 4240 1359 4294 N
1451 4244 1483 4294 5
1522 4243 1908 4293 testamentum
1949 4239 2052 4292 tibi
2077 4237 2198 4293 Sbcl
2292 4243 2347 4293 et
2386 4255 2486 4295 om.
2517 4239 2591 4292 Ρι

298 4329 333 4382 6
373 4327 609 4397 quando]
641 4347 778 4399 quae
807 4328 1098 4384 PSVNbd
1194 4331 1273 4384 ita
1300 4329 1439 4384 Nbd
1521 4331 1585 4383 11
1625 4327 1976 4382 manducabit
2004 4328 2068 4381 N
2147 4330 2210 4381 14
2249 4333 2392 4381 certe
2421 4329 2595 4382 Pfft'

298 4418 367 4469 25
389 4434 556 4469 non—
573 4417 703 4471 deus
724 4435 826 4474 om.
848 4419 898 4472 V
967 4421 1036 4472 32
1058 4435 1237 4473 earum
1260 4417 1460 4473 addidi
1468 4437 1486 4484 ;
1504 4419 1574 4486 cf.
1588 4419 1876 4486 p.197‚13
1977 4421 2130 4470 erant
2152 4417 2384 4487 scriptae
2405 4434 2527 4487 exp.
2545 4418 2598 4470 V
