3076 4976
893 449 1425 504 Adnotationum
1463 450 1525 503 in
1567 450 1685 503 Iob
1724 450 1900 504 liber
1937 450 1978 504 1.
2444 455 2573 520 609

270 645 347 709 de
394 645 614 727 pluuia
662 645 990 727 colligitur
1036 649 1099 709 et
1144 648 1385 710 torrens
1434 649 1719 720 uocatur,
1772 666 1917 710 cum
1966 647 2077 711 ait:
2130 647 2312 729 quis
2359 667 2571 730 prae-

269 753 602 835 parauit
648 752 973 816 ualidae
1022 752 1357 835 pluuiae
1406 754 1762 816 flumen?
1812 753 1979 835 quod
2026 753 2268 836 inpleat
2330 757 2393 818 et
2449 774 2573 837 qua

270 863 499 932 currat,
550 858 720 923 sicut
767 862 915 923 suut
961 878 1157 923 uasa
1212 860 1378 923 irae
1434 858 1803 941 perfecta
1860 859 1951 922 ad
1999 859 2568 941 perditionem.

270 984 427 1046 quae
475 966 585 1030 illo
634 966 844 1044 mod0‚
894 985 1016 1047 quo
1067 966 1211 1043 dixi,
1262 966 1610 1048 scripturas
1660 966 2009 1048 accipiunt;
2059 986 2170 1049 per
2214 967 2362 1031 illos
2403 967 2569 1031 enim

205 1099 230 1135 ⁵
268 1071 461 1136 babet
521 1072 882 1137 liberiorem
949 1091 1205 1137 cursum
1271 1074 1626 1156 perniciosa
1688 1075 1799 1137 illa
1863 1074 2319 1155 interp1·etati0‚
2378 1093 2565 1156 quam

270 1180 406 1262 agri
460 1180 770 1244 fructiferi
826 1200 947 1244 non
1006 1181 1339 1263 recipiunt,
1399 1183 1464 1244 et
1518 1185 1695 1245 tanto
1754 1181 1987 1245 maiore
2042 1182 2264 1263 inpetu
2319 1181 2571 1264 inpellit

269 1289 332 1351 et
379 1286 572 1350 deicit
619 1290 682 1350 et
726 1287 924 1350 trahit
971 1287 1139 1370 quod
1184 1287 1479 1352 instabile
1527 1288 1860 1361 inuenerit,
1911 1291 2142 1368 quanto
2191 1287 2448 1351 uidetur
2494 1289 2568 1352 de

268 1395 644 1459 auctoritate
711 1394 925 1458 diuina
993 1399 1291 1476 suscepta
1353 1433 1439 1441 —
1505 1395 1715 1460 uentis
1783 1415 1931 1460 uero
2007 1397 2308 1472 tentatur,
2379 1415 2566 1478 quem

265 1500 485 1563 inflant
520 1500 737 1563 inanes
778 1500 1106 1564 suasiones
1145 1500 1472 1565 hominum
1513 1500 1950 1582 superborum,
1980 1500 2044 1563 id
2084 1504 2282 1564 estex
2318 1501 2569 1583 propria

175 1631 227 1669 ιο
267 1607 643 1671 auctoritate
688 1606 884 1671 uerba
933 1627 1096 1671 uana
1140 1608 1534 1674 iactantium.
1587 1607 1693 1688 qui
1742 1627 1892 1690 ergo
1948 1608 2185 1671 iudicio
2245 1607 2344 1671 dei
2390 1627 2564 1690 prae-

263 1717 521 1795 paratur
596 1713 671 1777 ad
746 1713 1159 1797 perditionem
1239 1733 1359 1778 non
1436 1714 1927 1796 obtemperando
2005 1714 2218 1778 uerbis
2296 1716 2428 1779 eius
2476 1751 2564 1761 —

267 1819 434 1901 quod
482 1822 580 1884 est
627 1838 817 1902 super
854 1838 1103 1884 arenam
1144 1820 1472 1884 aedificare
1515 1858 1594 1866 —
1636 1839 1758 1884 non
1798 1820 2043 1884 resistit
2078 1821 2287 1885 uentis
2325 1822 2562 1885 talibus

265 1929 330 1989 et
378 1926 656 1990 cadendo
705 1926 778 1989 fit
827 1927 933 1990 uia
980 1927 1248 1991 uocibus
1288 1927 1711 2009 tempestatis.
1761 1926 2089 1991 ualidae
2138 1930 2349 1991 autem
2398 1928 2563 2010 plu-

262 2031 445 2096 uiae
513 2032 755 2097 dictum
824 2034 1091 2097 arbitror
1165 2033 1478 2110 „difficilis
1546 2034 1624 2097 ad
1691 2033 2133 2116 capiendum“‚
2197 2033 2260 2097 id
2330 2037 2427 2097 est
2484 2033 2562 2098 ad

174 2166 223 2205 ιε
260 2139 778 2222 intellegendum.
820 2144 905 2203 ut
942 2140 1176 2222 pluat
1223 2160 1466 2221 super
1511 2143 1807 2205 terram
1857 2140 1993 2203 ubi
2041 2160 2188 2204 non
2239 2144 2365 2204 est
2412 2140 2556 2207 uir.

261 2246 766 2310 subaudiendum
836 2249 934 2310 est
984 2247 1204 2329 „quis
1271 2247 1884 2328 praeparauit“?
1933 2267 2044 2330 per
2088 2247 2295 2311 uirum
2346 2250 2558 2312 autem

258 2353 464 2436 legem
525 2353 781 2417 uidetur
837 2353 1211 2437 significare,
1271 2373 1431 2435 quae
1489 2354 1636 2418 data
1692 2357 1793 2417 est
1846 2353 2121 2418 Iudaeis.
2171 2373 2319 2437 ergo
2370 2375 2562 2437 super

259 2462 480 2544 gentes
526 2460 961 2545 intellegimus
1010 2459 1277 2524 imbrem
1328 2459 1663 2544 euangelii.
1714 2459 1788 2524 in
1840 2459 2164 2525 deserto
2223 2460 2357 2524 ubi
2406 2480 2555 2524 non

260 2571 385 2630 est
430 2567 695 2633 homo:
746 2567 808 2631 in
858 2566 1015 2649 ipsis
1066 2568 1383 2651 gentibue,
1433 2567 1542 2631 ubi
1590 2586 1712 2631 non
1763 2569 1896 2630 erat
1943 2565 2157 2648 aliqua
2206 2568 2553 2632 auctoritas

164 2702 219 2739 20
259 2674 701 2756 cognoscentis
751 2673 960 2738 deum.
1019 2676 1107 2736 ut
1171 2674 1428 2738 satiet
1491 2673 1804 2737 inuium
1873 2676 1950 2736 et
1995 2673 2552 2738 inhabitabile

259 2783 336 2843 et
383 2784 470 2843 ut
525 2780 926 2863 germinet
984 2779 1276 2843 herbae
1332 2779 1592 2843 uiror:
1651 2778 1893 2842 multi
1949 2778 2124 2842 filii
2173 2779 2550 2844 desertae

256 2886 514 2970 magis
564 2906 786 2969 quam
838 2885 1013 2950 eius
1056 2905 1254 2966 quae
1293 2885 1541 2949 habet
1578 2886 1856 2949 uirum.
1899 2886 1963 2948 in
2004 2885 2297 2949 omnibus
2338 2889 2551 2951 autem

253 2994 354 3058 his
387 2996 687 3076 quattuor
714 2993 1006 3056 uersibus
1040 2992 1545 3056 subaudiendum
1575 2996 1701 3057 est:
1737 2993 1918 3074 quis
1967 2994 2549 3074 praeparauit?

254 3100 436 3182 quis
486 3102 605 3164 est
651 3100 985 3182 pluuiae
1023 3102 1300 3182 pater?
1333 3099 1500 3163 sicut
1530 3117 1822 3181 sponsuS‚
1856 3098 1963 3181 qui
1993 3098 2159 3162 filios
2195 3117 2343 3164 suos
2374 3100 2552 3165 misit

156 3234 209 3271 25
249 3206 718 3289 praedicatione
753 3206 930 3290 regni
971 3206 1289 3270 caelorum
1327 3205 1597 3289 inrigare
1628 3207 1879 3269 terram.
1913 3208 1990 3270 et
2029 3205 2209 3287 quis
2251 3210 2375 3269 est
2416 3207 2550 3289 qui

248 3335 290 3397 p
309 3315 572 3396 eperit
602 3314 774 3397 gleb
794 3333 874 3377 as
905 3313 1096 3377 roris
1115 3316 1144 3376 P
1171 3313 1328 3376 bene
1352 3313 1772 3395 suscipientes
1794 3312 1971 3376 illam
1992 3313 2546 3395 praedicationem.

250 3422 343 3486 sic
393 3421 558 3486 enim
606 3422 696 3484 ait
750 3420 1066 3504 „glebas
1115 3422 1363 3485 roris“
1412 3419 1725 3502 quomodo
1768 3419 2066 3483 dicuntur
2103 3439 2258 3483 uasa
2294 3420 2428 3483 uini
2468 3420 2545 3483 ad

247 3530 368 3593 hoc
416 3529 602 3606 facta,
652 3531 727 3592 ut
773 3528 992 3592 uinum
1042 3526 1414 3609 suscipiant.
1465 3527 1553 3590 de
1603 3527 1839 3590 cuius
1887 3529 2118 3591 utero
2167 3525 2568 3609 procedit·

246 3635 612 3719 glacies?
688 3638 901 3699 utrum
978 3634 1214 3719 glacies
1289 3633 1351 3697 in
1426 3633 1591 3698 bono
1669 3633 2036 3715 accipienda
2111 3635 2210 3697 est
2290 3636 2548 3715 propter

425 3881 458 3933 2
495 3881 594 3935 Iob
634 3881 719 3943 38,
757 3880 825 3934 25
937 3880 968 3933 3
1010 3877 1075 3932 cf.
1113 3879 1267 3932 Rom.
1306 3879 1356 3943 9,
1397 3879 1466 3931 22
1578 3878 1643 3931 15
1681 3877 1779 3931 Iob
1819 3877 1905 3939 38,
1946 3878 2014 3930 26
2117 3878 2182 3931 18
2221 3875 2318 3929 Iob
2358 3876 2444 3940 38,
2471 3878 2540 3930 26

243 3972 314 4025 20
353 3970 449 4024 Iob
489 3970 581 4032 38,
614 3970 682 4023 27
863 3970 926 4023 21
978 3968 1066 4022 Es.
1115 3969 1203 4030 54,
1255 3968 1280 4021 1
1466 3967 1537 4019 24
1581 3966 1678 4020 Iob
1728 3967 1813 4031 38,
1855 3967 1923 4021 28
2103 3966 2173 4019 25
2211 3966 2308 4019 Iob
2348 3966 2434 4029 38,
2473 3965 2542 4018 28

244 4060 316 4114 28
354 4060 450 4113 Iob
491 4059 576 4121 38,
616 4059 685 4112 29

314 4185 349 4237 2
387 4184 601 4252 pluuiae
640 4181 852 4236 ualidae
898 4182 947 4235 T
1123 4181 1414 4250 impleatur
1456 4179 1532 4233 Cb
1718 4179 1860 4248 quod
1899 4179 1931 4233 b
2078 4180 2110 4231 9
2147 4177 2378 4247 perflant
2415 4176 2546 4229 Pbd

244 4275 310 4328 17
351 4272 568 4326 uidetur
602 4274 778 4341 legem
815 4271 889 4324 bd
980 4271 1049 4324 20
1086 4270 1271 4338 satiet]
1310 4269 1476 4322 faciat
1514 4268 1546 4320 b
1639 4269 1707 4322 25
1748 4270 1824 4338 et]
1866 4268 1954 4322 uel
1992 4268 2136 4321 Hier
2244 4266 2311 4322 26
2351 4265 2542 4335 genuit

238 4360 388 4415 Hier
493 4361 559 4413 27
600 4360 790 4429 globas
835 4359 881 4412 C
914 4359 1087 4412 stillas
1127 4356 1268 4411 Hier

351 4485 543 4525 xxvm
576 4484 695 4533 Aug.
726 4487 832 4524 sect.
865 4484 934 4523 111
967 4495 1069 4534 paru
1099 4485 1123 4522 ³
2323 4461 2390 4514 39
