3076 4976
360 456 516 519 VIII
1285 454 1717 508 Praefatio.

359 651 639 713 tudinem
697 650 833 713 eius
885 649 1318 729 inproperium
1373 653 1498 725 est;
1543 648 2140 713 'exterminabuntur
2202 652 2273 714 iu
2337 658 2662 733 conspectu

353 755 602 837 gener-is
655 757 776 819 sui.
864 756 1019 838 quid
1077 755 1201 819 sibi
1260 754 1363 819 hic
1425 756 1690 838 pluralis
1759 757 2415 839 „exter-minabuntufl
2480 760 2659 835 uelit,

357 862 481 926 nisi
515 882 586 925 ex
612 862 763 928 Lon.
799 862 875 927 de
904 862 1193 927 Leuitico
1222 862 1587 926 XXXXVII
1630 867 1726 945 „et
1761 864 1904 943 ipsa
1938 863 2170 925 uiderit
2205 866 2659 945 turpitudinem

358 970 529 1032 (ηομ
574 969 862 1047 addatur,
903 989 1026 1033 non
1065 968 1275 1033 uideo.
1324 969 1386 1032 in
1428 970 1797 1050 quaestione
1840 969 1915 1034 de
1953 971 2442 1036 Deuteronomio
2480 973 2659 1036 LIIII

358 1076 509 1140 libri
557 1077 858 1141 offerunt:
894 1097 1096 1157 prope
1143 1080 1233 1139 est
1276 1076 1572 1152 uerbum‚·
1619 1077 1682 1140 in
1729 1077 1888 1141 libro
1940 1081 2151 1141 autem
2193 1079 2267 1142 de
2305 1080 2550 1143 Natura
2596 1084 2660 1143 et

359 1183 565 1266 gratia
618 1186 667 1247 t.
717 1185 802 1247 45
859 1203 921 1264 p.
972 1184 1099 1247 289
1158 1183 1373 1264 Migne
1430 1184 1802 1265 praebetur:
1853 1204 2055 1264 prope
2112 1189 2167 1247 te
2223 1190 2309 1248 cst
2364 1186 2658 1252 uerbum:

356 1289 514 1353 item
571 1289 635 1353 in
695 1290 932 1371 scripto
993 1289 1068 1353 de
1116 1290 1279 1354 Pers.
1340 1291 1589 1354 iustitia
1644 1295 1691 1356 t.
1743 1292 1826 1354 45
1885 1311 1948 1373 p.
1999 1292 2126 1355 303
2190 1292 2408 1369 „iuxta
2465 1297 2518 1355 te
2574 1297 2659 1355 est

356 1395 676 1458 uerbum“.
726 1395 793 1459 id
840 1397 1188 1479 respiciens
1236 1397 1376 1461 loco
1427 1397 1535 1479 qui
1585 1417 1774 1478 supra
1820 1403 2209 1463 memoratus
2258 1403 2360 1463 est
2402 1420 2462 1481 p.
2504 1402 2657 1467 413.

360 1504 443 1565 23
495 1502 573 1565 ad
618 1522 813 1585 prope
864 1506 1002 1581 „te“
1057 1503 1290 1567 addidi.
1368 1523 1492 1584 qua
1546 1504 1787 1567 ratione
1845 1508 2148 1585 quantum
2205 1524 2315 1587 per
2368 1510 2655 1570 naturam

356 1611 547 1690 atque
613 1609 892 1675 indolem
960 1610 1251 1674 codicum
1317 1610 1510 1673 uerba
1579 1612 1855 1675 auctoris
1917 1611 2304 1675 tradentium
2365 1613 2658 1696 progredi

353 1715 549 1780 liceat
596 1735 667 1779 ex
717 1734 931 1779 eorum
982 1715 1406 1797 descriptione
1447 1720 1885 1800 cognoscetur.
1936 1718 2105 1798 quod
2143 1718 2364 1783 dicunt
2400 1718 2655 1800 quidam

357 1823 489 1887 fore
536 1825 613 1885 ut
648 1821 843 1886 iidem
881 1821 1005 1886 loci
1041 1822 1104 1884 in
1144 1822 1489 1905 Augustini
1530 1823 1786 1905 scriptis
1826 1824 1968 1887 aliis
2009 1825 2084 1888 ab
2125 1824 2267 1888 aliis
2308 1825 2654 1890 editoribus

356 1927 678 1992 adornatis
743 1927 1122 2009 discrepent,
1185 1928 1288 1993 his
1350 1947 1464 2013 ego
1527 1948 1649 1993 non
1717 1931 2058 2005 assentior;
2125 1931 2214 1995 ita
2274 1932 2438 1994 enim
2497 1931 2655 1994 mihi

355 2035 647 2116 persuasi
695 2054 840 2099 cum
887 2033 1285 2099 Benedictini
1342 2035 1403 2099 in
1461 2036 1753 2100 omnibus
1811 2038 1941 2101 fere
1987 2037 2335 2120 Augustini
2381 2038 2655 2103 uolumi-

354 2140 543 2204 nibus
606 2140 864 2205 edendis
928 2140 1201 2223 optimos
1266 2144 1330 2205 et
1390 2142 1874 2205 uetustissimos
1937 2142 2187 2206 codices
2255 2143 2655 2207 adhibuerint

354 2250 486 2313 fore
551 2250 625 2311 ut
690 2248 881 2311 etiam
957 2248 1081 2311 alia
1154 2248 1391 2328 scripta
1462 2266 1576 2329 per
1629 2247 2034 2312 Academiam
2101 2249 2654 2314 Vindobonensem

355 2355 575 2417 curata
619 2373 841 2435 parum
889 2373 926 2417 a
970 2354 1404 2419 Maurinorum
1454 2354 1727 2418 editione
1776 2354 2123 2419 discedant.

448 2459 786 2539 Quaeritur
826 2459 1250 2543 'Augustinus
1318 2480 1463 2525 cum
1531 2460 1877 2544 scripturas
1945 2465 2194 2527 sanctas
2259 2463 2526 2546 legendo
2591 2466 2653 2526 et

355 2584 500 2630 cum
577 2566 719 2631 aliis
798 2566 1126 2631 codicibus
1204 2567 1551 2631 secundum
1622 2567 2038 2652 Septuaginta
2100 2568 2653 2651 interpretationes

355 2672 729 2738 conferendo
787 2677 1182 2756 percurreret
1238 2676 1428 2756 atque
1488 2675 1895 2755 quaestiones
1952 2675 2097 2739 inde
2156 2679 2325 2740 ortas
2375 2679 2440 2740 et
2481 2677 2651 2741 locu-

355 2779 560 2844 tiones
601 2779 1055 2861 scripturarum
1096 2799 1255 2862 quae
1294 2780 1593 2845 uidentur
1631 2782 1981 2845 seeundum
2028 2783 2444 2864 proprietates
2494 2802 2654 2864 quae

356 2884 663 2949 idiomata
709 2904 930 2968 graece
979 2889 1291 2950 uocantur
1333 2887 1591 2971 linguae
1640 2887 1966 2952 hebraicae
2023 2889 2129 2952 uel
2185 2909 2445 2972 graecae
2502 2888 2651 2954 stilo

354 2991 647 3074 alligaret
693 2991 865 3072 quali
906 2990 1121 3055 codice
1158 3011 1317 3056 usus
1360 2992 1465 3057 sit.
1511 2992 1578 3056 id
1617 3012 1731 3058 nos
1772 2994 2136 3058 coniectura
2173 2997 2428 3077 assequi
2464 3015 2654 3077 posse

355 3102 534 3181 pute,
588 3097 642 3161 si
688 3097 1060 3161 memoriam
1109 3098 1355 3181 aliquot
1397 3100 1684 3164 locorum
1734 3101 2258 3182 spectauerimuS.

443 3204 583 3269 Iud.
634 3204 693 3278 2,
754 3204 793 3266 3
852 3199 1025 3287 (pag.
1074 3205 1227 3282 457,
1285 3203 1356 3292 8)
1412 3206 1567 3269 haec
1625 3207 1861 3270 tradita
1916 3211 2097 3271 sunt:
2160 3228 2324 3288 „uon
2378 3210 2652 3272 adiciam

354 3311 808 3391 transmiyrare
834 3309 1143 3389 populum
1178 3332 1356 3391 quem
1393 3311 1531 3375 dixi
1569 3313 1757 3376 eicere
1794 3333 1920 3376 nou
1959 3315 2245 3396 auferam
2283 3335 2381 3378 eos
2419 3337 2458 3378 a
2481 3315 2656 3398 facie

352 3416 628 3481 uestra“.
676 3418 797 3480 hoc
837 3417 976 3480 loco
1018 3416 1213 3481 codex
1244 3417 1593 3483 Vaticanus
1631 3420 1921 3501 praebet:
1962 3416 2031 3483 οὔ
2075 3420 2154 3504 μή
2198 3418 2390 3505 ὲξάρω
2433 3418 2654 3492 αὐτοὺς

353 3522 421 3586 ἐκ
443 3525 770 3605 προσώπου
794 3517 978 3606 ὑμῶν,
1004 3523 1194 3587 codex
1216 3525 1706 3589 Alexandrinus:
1741 3521 1810 3588 οὔ
1841 3528 2178 3609 προσθήσω
2198 3538 2302 3590 τοῦ
2331 3531 2656 3612 μετοικίσαι

350 3633 449 3693 τόν
506 3630 655 3692 λαὸν
714 3627 777 3690 ὃν
838 3627 973 3692 εἶπα
1027 3626 1130 3693 τοῦ
1195 3627 1626 3714 ἐξολεθρεῡσαι
1684 3630 1899 3705 αὐτοὺς
1961 3629 2030 3694 ἐκ
2087 3636 2415 3715 προσώπου
2465 3626 2648 3715 ὑμῶν.

352 3738 478 3801 iam
539 3739 796 3818 apparet
851 3736 951 3798 hic
1011 3736 1169 3800 duas
1229 3736 1511 3802 eiusdem
1570 3738 1696 3802 loci
1754 3738 2082 3802 uersiones
2143 3740 2531 3816 coniunctas,
2589 3738 2653 3801 id

357 3847 455 3907 est
517 3843 732 3907 locum
800 3842 1297 3906 contaminatum
1365 3862 1525 3908 esse.
1613 3844 1766 3908 Leu.
1838 3848 1897 3923 5,
1970 3845 2052 3907 19
2115 3843 2286 3929 (pag.
2350 3848 2502 3922 240,
2572 3846 2655 3909 10

356 3954 418 4014 et
467 3951 618 4026 251,
667 3945 780 4034 20)
827 3948 1128 4013 habetur:
1190 3949 1501 4034 „deliquit
1548 3952 1712 4014 enim
1758 3952 1976 4014 delicto
2022 3951 2311 4015 delicium
2357 3955 2500 4014 aute
2545 3953 2656 4014 do-

350 4057 673 4131 miuum“;
739 4055 930 4118 etiam
996 4055 1101 4120 hic
1168 4056 1416 4121 codices
1468 4059 1677 4142 graeci
1725 4058 2016 4123 tradunt:
2067 4055 2496 4142 ἐπλημμέλησε
2542 4061 2656 4142 γὰρ

349 4162 734 4246 πλημμελείᾳ
780 4158 969 4222 ἔναντι
1013 4164 1219 4243 κυρίου
1270 4166 1332 4226 et
1380 4160 1814 4249 ἐπλημμέλησε
1856 4167 1970 4248 γὰρ
2009 4163 2431 4248 πλημ.μέλησιν
2469 4161 2655 4226 ἔναντι

350 4271 579 4350 κυρίου.
627 4267 797 4332 idem
843 4268 1023 4332 locus
1071 4287 1217 4352 pag.
1260 4270 1409 4346 239,
1451 4271 1489 4334 8
1540 4271 1778 4334 omissa
1823 4290 1981 4336 uoce
2035 4271 2330 4353 „deliet0“
2382 4269 2656 4334 traditus

352 4376 482 4448 est3
568 4375 758 4454 atque
849 4372 1158 4454 „deliquit
1240 4373 1468 4439 delicto
1557 4375 1899 4440 delictum“
1983 4375 2107 4440 dici
2199 4395 2388 4458 posse
2470 4395 2653 4460 nego.
