3076 4976
216 1661 269 1698 10

218 2193 268 2231 15

215 2723 268 2764 20

952 487 1482 542 Adnotationum
1524 490 1587 542 in
1629 487 1743 542 Iob
1782 489 1894 543 lib.
1935 490 1977 543 1.
2465 493 2587 556 521

303 703 339 747 a
399 681 637 747 uobis
707 682 1097 747 auxilium
1174 687 1389 764 peto:
1449 702 1642 747 uerus
1699 683 1864 747 enim
1921 682 2109 747 homo
2169 703 2205 747 a
2262 683 2376 747 deo
2435 684 2599 765 petit

304 790 639 860 auxilium:
699 789 806 853 ille
875 789 1040 853 enim
1108 808 1298 854 uerus
1348 794 1446 854 est
1493 791 1603 872 qui
1652 789 2003 854 confitetur.
2053 789 2228 854 ‘unde
2276 795 2402 854 est:
2460 790 2595 872 qui

303 897 511 960 facit
557 896 1022 972 ueritatem,
1071 897 1301 961 uenit
1340 897 1429 960 ad
1466 897 1751 961 lucem.
1791 915 2046 978 neque
2087 897 2291 961 enim
2334 898 2595 961 elocu-

304 1003 608 1068 tionem
658 1004 1058 1068 sermonis
1107 1005 1373 1068 uestri
1422 1004 1890 1068 sustinebo:
1941 1003 2042 1067 dei
2091 1003 2256 1067 enim
2306 1022 2373 1066 se
2419 1004 2595 1068 locu-

305 1110 542 1174 tionem
585 1107 741 1172 dixit
778 1108 1115 1184 sustinere‚
1156 1129 1281 1191 qua
1317 1108 1688 1173 instruatur.
1730 1128 2001 1174 uerum
2052 1113 2314 1175 tamen
2357 1130 2598 1192 super

305 1216 715 1298 pupillum
762 1215 1187 1280 inruistis:
1248 1215 1416 1298 quod
1474 1216 1552 1279 ad
1600 1235 1716 1279 uos
1766 1215 2027 1292 adtinet,
2076 1217 2381 1281 insultare
2438 1217 2596 1280 mihi

304 1321 627 1397 uoluistiS‚
671 1322 963 1403 quamuis
995 1341 1115 1386 non
1156 1322 1594 1387 intellexeritis
1636 1321 1787 1403 quid
1828 1321 2162 1406 significet.
2205 1323 2356 1405 quia
2393 1341 2596 1405 neque

304 1429 439 1504 lob,
477 1448 663 1511 quem
698 1428 1020 1506 uidebant,
1053 1429 1356 1493 insultare
1388 1429 1753 1505 debuerant,
1779 1429 1951 1494 ideo:
1994 1448 2268 1494 uerum
2308 1434 2461 1494 tam
2485 1449 2593 1495 en.

306 1555 511 1600 nunc
578 1540 843 1601 autem
902 1536 1410 1618 aspicientes
1479 1539 1770 1601 uacate
1827 1536 2051 1600 mihi:
2110 1556 2230 1601 non
2287 1537 2594 1601 habentes

311 1643 479 1725 quod
527 1662 627 1706 me
676 1642 977 1707 doceatis,
1037 1646 1117 1707 et
1163 1663 1478 1708 rursum
1537 1643 1926 1707 iustitiae
1985 1643 2388 1709 adestote:
2448 1644 2598 1726 quia

304 1749 507 1831 primo
557 1749 934 1813 uidebantur
981 1750 1102 1813 sibi
1159 1750 1408 1814 iustitia
1465 1750 1608 1833 cogi
1664 1749 1742 1813 ad
1797 1750 2205 1832 loquendum.
2263 1771 2413 1814 non
2473 1753 2598 1815 est

309 1855 647 1919 enimin
699 1874 831 1920 ore
888 1875 1053 1919 meo
1112 1856 1550 1937 iniquitas3
1602 1860 1679 1920 et
1725 1857 2005 1922 fauces
2062 1876 2276 1921 meae
2344 1875 2595 1921 nonne

310 1962 801 2045 sapientiam
849 1962 1502 2027 meditabantur?
1545 1964 1701 2028 dicit
1740 1983 1806 2028 se
1845 1983 1965 2028 non
2008 1964 2194 2028 deum
2236 1982 2595 2041 accusasse,

309 2068 420 2132 sed
485 2069 805 2133 hominem
881 2069 1204 2133 induxisse
1281 2074 1685 2134 accusantem
1752 2070 2121 2153 iniquitates
2190 2089 2361 2146 suas,
2430 2071 2600 2134 sicut

309 2176 601 2256 superius
660 2195 865 2240 sermo
923 2175 1060 2239 eius
1108 2176 1473 2242 intellectus
1522 2180 1639 2241 est.
1689 2177 1848 2241 hanc
1906 2177 2061 2241 dicit
2116 2176 2595 2241 meditationem

309 2282 673 2362 sapientiae.

398 2387 538 2450 VII.
576 2387 981 2468 Numquid
1025 2408 1169 2452 non
1205 2388 1566 2452 tentatio
1600 2392 1725 2452 est
1762 2389 1938 2452 uita
1977 2389 2315 2452 humana
2355 2406 2597 2470 super

306 2499 646 2559 terram?
712 2494 815 2559 1110
881 2495 1005 2559 iam
1074 2496 1354 2579 apertius
1425 2496 1703 2561 ostendit
1766 2516 1836 2561 ex
1885 2497 2067 2561 cuius
2134 2495 2594 2580 significatione

308 2601 601 2684 superius
648 2602 1033 2683 loqueretur.
1082 2603 1497 2668 tentationem
1548 2622 1698 2668 uero
1748 2602 1904 2667 dicit
1950 2606 2274 2685 tamquam
2317 2602 2594 2667 stadium

308 2707 689 2781 certaminis,
722 2708 832 2771 ubi
863 2708 1065 2772 uincit
1101 2709 1288 2774 homo
1330 2710 1434 2773 uel
1474 2710 1772 2775 uincitur.
1814 2712 1892 2774 et
1929 2710 2153 2775 sicut
2192 2708 2594 2774 cotidiani

308 2815 789 2878 mercenarii
841 2815 1013 2879 uita
1062 2815 1281 2880 eius?
1327 2818 1742 2900 temporalem
1782 2817 2137 2881 mercedem
2188 2815 2596 2898 expectanti8‚

308 2922 383 2983 ut
427 2920 553 2983 iam
601 2940 814 2986 eorum
866 2922 971 3005 qui
1012 2922 1296 2987 iustitiae
1338 2942 1489 2987 suae
1526 2923 1806 2987 fructum
1845 2923 1905 2986 in
1946 2924 2230 2988 futurum
2272 2925 2603 3006 expectant

310 3046 432 3091 non
472 3027 560 3091 sit
597 3028 730 3091 uita
761 3047 951 3109 super
980 3032 1232 3094 terram.
1276 3034 1414 3093 aut
1449 3033 1857 3111 tamquam
1899 3049 2189 3094 seruus
2229 3034 2599 3094 metuens

312 3133 718 3198 dominum
758 3154 983 3200 suum
1025 3139 1102 3199 et
1131 3140 1633 3201 consecutus
1665 3137 2061 3200 umbram?
2094 3136 2262 3219 quod
2286 3136 2605 3220 significat

313 3240 709 3306 absconditio
757 3242 930 3306 Adae
980 3263 1015 3306 a
1061 3243 1220 3307 facie
1268 3242 1504 3307 domini
1556 3248 1619 3307 et
1666 3244 1858 3307 tectio
1907 3243 2202 3307 foliorum
2254 3242 2329 3306 de
2370 3242 2600 3324 quibus

314 3347 539 3411 umbra
611 3348 703 3426 fit,
781 3369 970 3432 quam
1053 3350 1272 3415 relicto
1346 3350 1462 3414 deo
1541 3354 1923 3415 consecutus
2001 3354 2099 3414 est
2171 3351 2380 3413 homo,
2468 3351 2605 3412 aut

492 3564 524 3617 2
560 3564 676 3618 1011.
716 3566 766 3625 3,
805 3566 868 3620 21
984 3568 1016 3620 3
1054 3565 1151 3620 Iob
1190 3566 1240 3627 6,
1279 3567 1348 3619 26
1458 3568 1489 3619 5
1528 3566 1625 3619 Iob
1666 3566 1716 3629 6,
1757 3568 1824 3620 27
1934 3567 1967 3620 9
2005 3565 2100 3619 Iob
2140 3567 2189 3629 6,
2229 3566 2296 3618 28
2400 3565 2466 3618 10
2505 3563 2600 3616 Iob

312 3655 361 3715 6,
403 3654 472 3707 29
628 3655 691 3709 11
730 3655 828 3708 Iob
868 3657 918 3716 6,
959 3655 1028 3709 30
1184 3656 1249 3708 17
1288 3654 1385 3708 Iob
1426 3657 1474 3718 7,
1518 3656 1542 3708 1
1704 3656 1775 3710 20
1811 3655 1925 3708 Iob.
1967 3656 2015 3720 7,
2059 3656 2083 3708 1
2233 3655 2302 3707 23
2342 3653 2439 3707 Iob
2481 3654 2529 3715 7,
2569 3654 2602 3706 2

312 3743 380 3796 26
419 3742 516 3795 Iob
559 3744 606 3806 7,
647 3743 679 3796 2

384 3866 417 3919 3
454 3865 783 3919 locutionem
829 3866 879 3919 Τ
1027 3869 1062 3919 4
1099 3867 1425 3920 locutionem
1466 3884 1523 3920 se
1564 3867 1595 3919 b
1751 3867 1783 3919 5
1823 3867 1949 3935 quia
1991 3865 2038 3919 0
2188 3865 2220 3918 6
2259 3862 2522 3932 pabillum
2564 3862 2609 3915 S

312 3954 528 4007 inmitis
567 3954 614 4008 S
752 3954 990 4025 pertinet
1032 3954 1153 4009 de
1294 3957 1325 4008 8
1367 3973 1552 4008 uerum
1590 3961 1772 4008 tamen
1816 3954 1894 4009 G.-
1931 3956 2194 4007 uenerunt
2231 3957 2411 4005 tamen
2457 3950 2613 4004 TPG

312 4043 541 4096 ueniunt
576 4046 758 4096 tamen
797 4044 829 4096 b
910 4044 943 4097 9
983 4044 1331 4113 inspicientes
1381 4044 1468 4097 Ta
1574 4048 1771 4113 uagate
1810 4042 1857 4096 S
1937 4042 2003 4095 10
2042 4041 2224 4095 adeste
2266 4040 2310 4094 S
2392 4041 2457 4094 13
2495 4056 2605 4093 me·

314 4130 560 4184 ditantur
597 4130 784 4186 SHiee·
883 4133 947 4185 15
987 4148 1160 4185 sermo
1198 4147 1299 4185 om.
1346 4133 1394 4187 0
1483 4134 1548 4185 19
1589 4132 1826 4185 studium
1873 4131 1920 4185 C
2004 4131 2069 4183 21
2112 4129 2461 4183 mercennarii
2506 4129 2614 4184 GC

316 4219 429 4272 eius
466 4220 586 4273 uita
627 4219 679 4274 G
822 4221 891 4273 22
928 4221 1232 4273 iniustitiae
1276 4221 1324 4275 0
1497 4221 1680 4274 futuro
1721 4221 1753 4273 b
1899 4221 1965 4273 23
2005 4235 2190 4272 seruus
2237 4222 2510 4286 tamquam
2556 4217 2607 4271 G

315 4308 382 4361 25
431 4307 733 4362 asconditio
788 4311 857 4374 (et
902 4310 964 4361 in
1008 4310 1177 4363 subsc.
1225 4315 1274 4363 et
1320 4311 1381 4363 in
1425 4310 1593 4363 uerbo
1641 4307 1968 4362 abscondere
2012 4323 2217 4376 semper
2252 4307 2286 4359 b
2326 4306 2519 4374 omitt.)
2553 4305 2612 4367 ‚C

316 4395 465 4451 Adae
504 4413 606 4451 om.
651 4396 702 4451 G
848 4397 1077 4451 filiorum
1124 4398 1171 4451 C
