3076 4976
437 409 580 525 ,518
1158 457 1210 511 S.
1268 455 1541 511 Aureli
1598 456 2042 527 Augustini

452 657 529 719 et
576 652 748 716 filii
799 652 921 718 tui
969 653 1208 716 erunt
1251 655 1660 733 tamquam
1700 650 1955 715 omnis
2004 650 2250 714 herba
2304 649 2380 713 iu
2440 667 2747 733 campo:

452 760 586 824 sine
649 758 961 823 ariditate.
1021 758 1100 820 et
1154 755 1437 819 uenies
1494 755 1571 820 in
1634 756 2098 837 sepulcrum
2145 758 2552 837 tamquam
2598 757 2750 820 fru-

450 868 806 930 mentum
864 866 1299 928 maturum:
1349 862 1511 934 <in>
1561 862 1943 946 passionem.
2003 881 2186 927 ecee
2235 862 2427 928 haec
2475 862 2594 927 ita
2641 882 2750 927 ex·

452 971 992 1054 quisiuimus:
1059 968 1163 1034 hio
1235 969 1581 1034 auotoritas
1642 967 1835 1032 huius
1900 968 2269 1051 prophetiae
2326 969 2751 1034 confirmatur.

453 1082 541 1142 tu
605 1096 794 1141 uero
868 1076 1082 1141 scito
1150 1078 1402 1140 temet
1465 1075 1728 1158 ipsum
1788 1075 1979 1157 quid
2038 1075 2341 1159 egeris;
2401 1095 2523 1141 non
2583 1076 2752 1140 enim
2812 1097 2836 1136 ⁵

450 1184 687 1249 iniuste
733 1184 888 1248 haec
935 1183 1055 1247 tibi
1104 1182 1397 1265 permisit
1444 1183 1601 1246 deus
1651 1182 1956 1246 accidere.

544 1289 652 1356 VI.
728 1289 937 1354 Verba
1011 1289 1143 1354 Iob.
1214 1289 1374 1366 sed,
1442 1293 1527 1353 ut
1594 1289 1946 1364 uidetur,
2015 1289 2258 1352 uerba
2325 1307 2492 1352 mea
2560 1287 2754 1352 sunt

454 1397 686 1472 mala3
747 1415 870 1461 non
921 1396 1087 1460 enim
1134 1395 1329 1460 uerba
1385 1395 1496 1459 Iob
1558 1395 1632 1458 de
1689 1395 2065 1477 inpatientia
2123 1400 2273 1459 sunt
2327 1393 2750 1477 flagellorum.

456 1522 600 1567 oum
651 1501 1014 1586 significent
1052 1502 1356 1579 dolorem,
1396 1521 1520 1566 non
1558 1502 1945 1584 peculiarem
1984 1502 2118 1578 Iob,
2151 1502 2264 1566 sed
2301 1520 2487 1584 quem
2530 1500 2755 1565 habuit

455 1608 531 1673 de
580 1609 750 1673 omni
804 1628 1033 1693 genere
1082 1610 1381 1674 humano,
1440 1608 1805 1692 sagittae
1863 1609 2067 1674 enim
2118 1607 2421 1673 domini
2467 1607 2543 1671 in
2593 1626 2751 1672 cor·
2790 1633 2838 1673 ιο

453 1734 642 1798 pore
690 1736 865 1782 meo
916 1719 1132 1781 sunt:
1181 1715 1376 1780 uerba
1424 1716 1544 1792 dei,
1595 1715 1828 1798 quibus
1878 1715 2085 1779 anima
2139 1715 2555 1799 transfigitur,
2605 1733 2751 1779 oum

456 1821 708 1905 cogitur
740 1822 817 1885 ad
858 1823 1345 1887 confessionem.
1386 1841 1717 1903 quarum
1757 1822 1982 1886 furor
2017 1820 2233 1885 bibit
2272 1821 2753 1905 sanguinem

456 1946 741 2004 meum3
793 1929 1029 1993 tollunt
1076 1928 1240 1993 enim
1285 1932 1641 2012 peecatum.
1683 1948 1855 1992 cum
1904 1928 2106 1992 enim
2157 1927 2459 2009 incipio
2498 1927 2748 2010 loqui,

458 2033 896 2099 stimulant
940 2056 998 2098 m
1021 2054 1081 2099 e:
1125 2035 1292 2118 quod
1324 2034 1490 2098 enim
1524 2035 1769 2117 loquor,
1800 2035 1948 2099 illae
1981 2037 2238 2118 cogunt.
2272 2034 2461 2116 quid
2503 2034 2751 2098 enim?

458 2142 841 2222 numquid
872 2143 1187 2206 frustra
1218 2161 1517 2226 onager
1556 2141 1966 2218 clamabit,
1997 2141 2158 2206 nisi
2199 2160 2460 2206 escam
2490 2140 2747 2223 requi·
2788 2166 2835 2207 ιε

456 2247 675 2311 rens?
738 2253 813 2312 ut
868 2249 1011 2313 inde
1061 2249 1293 2312 famem
1340 2249 1638 2331 patiatur,
1688 2249 1832 2331 quia
1888 2248 2046 2312 liber
2112 2268 2251 2312 esse
2317 2248 2546 2312 uoluit.
2617 2249 2754 2311 aut

458 2353 600 2417 bos
674 2356 962 2438 mugit,
1042 2374 1213 2419 cum
1290 2355 1589 2420 habeat
1650 2355 1727 2418 in
1794 2355 2169 2438 praesepi
2236 2354 2507 2420 cibos?
2577 2353 2752 2419 asino

459 2459 694 2526 cibaria
728 2462 940 2527 labore
979 2461 1165 2528 bouis
1206 2466 1656 2546 praeparantur
1695 2461 1864 2527 siout
1902 2462 2199 2547 gentibus
2236 2462 2450 2527 labore
2488 2462 2754 2545 prophe-

457 2570 666 2631 tarum
716 2571 780 2631 et
828 2569 1285 2651 apostolorum,
1336 2568 1445 2649 qui
1495 2569 1715 2650 utique
1763 2568 1979 2632 Iudaei
2027 2569 2299 2632 fuerunt.
2342 2568 2557 2651 itaque
2597 2568 2751 2632 haec

458 2674 654 2736 uerba
704 2673 915 2738 cibum
957 2674 1373 2739 desiderantis
1415 2678 1584 2751 sunt,
1623 2675 1685 2738 id
1727 2678 1826 2738 est
1863 2674 2186 2750 auxilium,
2227 2693 2347 2739 non
2387 2674 2751 2757 inpatientis
2787 2703 2836 2742 20

460 2779 540 2843 ad
604 2780 909 2846 dolorem.
986 2779 1373 2863 numquid
1448 2785 1733 2862 potest
1807 2782 1980 2846 sine
2047 2781 2216 2845 sale
2283 2781 2409 2845 edi
2474 2781 2754 2863 panis?

461 2887 641 2967 quasi
680 2887 737 2952 ei
787 2888 1125 2952 diceretur:
1169 2906 1281 2951 eur
1319 2887 1411 2951 sio
1450 2906 1522 2950 ea
1561 2908 1670 2971 per
1706 2888 1941 2972 figuras
1983 2887 2183 2952 dicis?
2222 2888 2566 2971 respondit.
2608 2887 2754 2969 quia

463 2992 519 3057 si
567 3012 638 3056 ex
687 3012 953 3075 persona
1002 3012 1117 3057 sua
1165 3012 1235 3056 ea
1282 2992 1537 3069 diceret,
1587 2994 1833 3058 insulsa
1879 2997 2110 3059 essent.
2160 2998 2297 3059 aut
2346 2998 2471 3059 est
2519 3013 2758 3077 sapor

461 3098 539 3163 in
607 3099 1123 3164 sermonibus
1190 3097 1471 3165 uanis?
1535 3119 1732 3164 uanos
1800 3119 2118 3165 sermones
2184 3100 2511 3165 hominurn
2580 3100 2754 3178 dicit,

465 3204 612 3287 quia
686 3205 865 3287 panis
933 3205 1125 3268 uerba
1200 3204 1301 3269 dei
1376 3209 1546 3283 sunt,
1615 3206 1726 3271 sed
1790 3207 1971 3289 panis
2049 3207 2364 3272 caelestis.
2431 3207 2548 3271 sic
2617 3225 2754 3271 nec
2791 3235 2839 3276 ευ

464 3312 726 3375 anima
791 3330 959 3375 mea
1014 3315 1296 3393 potest
1362 3331 1717 3377 cessare:
1787 3313 2102 3396 quomodo
2171 3333 2290 3378 non
2347 3317 2566 3398 potest
2623 3314 2755 3378 sine

643 3528 670 3580 1
711 3526 808 3580 Iob
848 3529 896 3590 5,
936 3527 1003 3581 25
1131 3529 1164 3581 2
1203 3527 1299 3581 Iob
1338 3530 1388 3591 5,
1428 3529 1496 3581 26
1619 3530 1651 3581 3
1692 3529 1787 3582 Iob
1827 3530 1878 3593 5,
1916 3529 1984 3583 27
2110 3531 2139 3582 7
2181 3530 2278 3584 Iob
2318 3530 2368 3593 6,
2409 3531 2443 3584 3
2557 3530 2624 3584 10
2661 3529 2756 3583 101)

464 3618 511 3679 6,
550 3618 584 3669 4
698 3617 763 3669 12
803 3616 899 3669 Iob
940 3618 988 3679 6,
1028 3618 1062 3670 4
1175 3617 1240 3671 13
1279 3616 1376 3671 Iob
1417 3618 1465 3680 6,
1505 3620 1540 3671 4
1635 3621 1701 3672 14
1739 3618 1836 3672 Iob
1877 3620 1930 3677 6.
1969 3620 2003 3672 5
2101 3621 2163 3673 16
2202 3620 2297 3673 Iob
2339 3622 2388 3683 6,
2428 3622 2460 3674 5
2553 3620 2622 3673 21
2661 3618 2757 3672 Iob

464 3707 514 3766 6,
553 3707 585 3759 6
696 3707 763 3758 23
803 3705 897 3758 Iob
939 3708 991 3761 6.
1030 3706 1062 3759 6
1171 3708 1238 3759 25
1280 3706 1347 3760 cs.
1386 3707 1585 3761 Matth.
1624 3709 1674 3770 4,
1713 3709 1772 3765 4:
1812 3707 1927 3762 Ioh.
1968 3708 2018 3771 Ε,
2057 3709 2127 3762 50
2272 3708 2368 3762 101)
2409 3710 2461 3771 6,
2503 3709 2534 3760 7

540 3829 564 3881 1
607 3828 905 3898 tamquam]
948 3830 1100 3898 quasi
1139 3831 1170 3883 b
1351 3830 1519 3885 herba
1568 3832 1741 3886 omnis
1780 3831 1923 3885 Hier
2104 3834 2137 3887 3
2175 3833 2230 3885 in
2266 3832 2487 3901 scripsi.-
2527 3836 2655 3901 post
2693 3830 2763 3885 bd

463 3934 565 3971 om.
611 3916 824 3971 GTCP
894 3919 926 3971 6
964 3918 1063 3971 hoe
1104 3918 1135 3971 b
1248 3918 1380 3971 deus
1419 3920 1664 3988 permisit
1706 3919 1828 3974 de
1935 3920 2188 3974 accedere
2214 3921 2245 3974 b
2322 3924 2349 3975 7
2391 3938 2510 3975 mea
2540 3937 2643 3975 om.
2681 3920 2764 3974 Ta

463 4007 497 4058 9
536 4006 805 4074 significet
833 4007 887 4059 P
961 4007 1026 4061 10
1065 4006 1287 4078 domini]
1331 4007 1416 4060 dei
1442 4008 1586 4062 Hier
1662 4009 1728 4062 13
1766 4008 1964 4064 tollent
1998 4009 2045 4063 C
2120 4011 2184 4063 14
2221 4008 2304 4064 illi
2332 4010 2363 4062 b
2442 4011 2507 4063 15
2539 4010 2758 4080 onager]

464 4100 631 4163 nager
668 4094 715 4149 S
856 4096 1112 4149 clamauit
1150 4095 1196 4149 S
1338 4113 1600 4166 quaerens
1643 4099 1720 4162 (ai
1759 4100 2055 4167 requirens]
2096 4099 2240 4153 Hier
2413 4100 2478 4152 17
2519 4098 2761 4169 praesepi

461 4182 630 4252 cibos]
669 4184 1077 4253 praesepetibus
1115 4184 1160 4239 S
1283 4201 1542 4254 praesepe
1586 4185 1743 4240 GCP
1851 4186 1918 4240 18
1957 4185 2129 4257 bouis]
2171 4186 2402 4239 hominis
2447 4186 2494 4240 C
2606 4190 2670 4242 19
2710 4190 2762 4241 et

466 4287 567 4325 om.
613 4273 663 4326 G
810 4274 871 4325 21
917 4289 1081 4342 panes
1121 4272 1167 4327 S
1308 4274 1377 4326 22
1416 4273 1487 4342 ei]
1530 4277 1586 4326 et
1630 4273 1676 4327 0
1816 4275 2106 4344 respondet
2152 4275 2277 4331 de
2418 4275 2487 4331 23
2526 4276 2688 4330 sabor
2721 4276 2763 4331 S

464 4361 534 4414 25
572 4359 967 4430 uerba-panis
1006 4377 1109 4417 om.
1156 4361 1203 4414 C
1307 4378 1404 4415 nec
1443 4378 1544 4415 om.
1594 4364 1637 4415 G
