3076 4976
256 1642 305 1679 10

254 2176 304 2213 15

682 458 1156 524 Quaestionum
1194 458 1307 515 lib.
1348 458 1421 511 VI
1465 460 1755 524 (Quaest.
1797 459 1870 513 de
1909 460 2062 514 Iesu
2100 460 2326 528 Naue).
2508 465 2640 529 423

348 655 654 720 illorum
729 657 1037 739 plurimi
1113 661 1617 741 pugnatorum
1686 658 1812 739 qui
1882 657 2217 723 exierant
2292 658 2374 721 de
2442 662 2640 723 terra

346 763 690 847 Aegypti,
750 764 877 846 qui
935 763 1514 828 inoboedientes
1572 764 1876 828 fuerant
1933 765 2308 829 mandatis
2369 764 2508 841 dei,
2567 766 2638 829 iu

347 870 621 951 quibus
688 872 760 933 et
828 870 1238 934 definierat
1314 869 1656 934 dominus
1734 870 1863 945 eis,
1941 890 2024 934 ne
2099 870 2451 935 uiderent
2516 870 2639 935 illi

346 982 618 1040 terram
668 995 880 1059 quarn
927 975 1317 1041 iurauerat
1367 976 1712 1041 dominus
1761 977 2109 1059 patribus
2159 996 2410 1041 eorum
2460 977 2633 1041 dare

344 1083 529 1159 illis,
581 1087 853 1147 terram
902 1084 1270 1147 fluentem
1313 1084 1430 1147 lac
1479 1086 1551 1147 et
1598 1084 1758 1148 mel.
1814 1103 1941 1166 pro
1991 1084 2106 1147 his
2166 1088 2415 1148 autem
2474 1084 2635 1148 sub-

345 1190 610 1253 stituit
656 1189 872 1253 filios
923 1207 1198 1262 eorum,
1250 1208 1434 1270 quos
1485 1187 1972 1252 circumcidit
2017 1189 2257 1265 Iesus,
2309 1208 2390 1253 eo
2449 1189 2636 1270 quod

343 1295 676 1360 fuissent
723 1296 794 1359 in
842 1296 1115 1359 itinere
1155 1293 1692 1359 incircumcisi.
1735 1294 2144 1358 manifestum
2185 1297 2284 1358 est
2323 1314 2472 1378 ergo
2513 1313 2634 1359 non

345 1421 561 1466 omnes
610 1402 830 1476 fuisse,
883 1401 992 1466 sed
1041 1401 1371 1483 quosdam.
1422 1400 1679 1482 quidam
1730 1401 1896 1465 enim
1945 1401 2021 1465 de
2065 1400 2357 1485 Aegypto
2419 1420 2639 1466 exeun-

342 1511 503 1574 tium
544 1510 656 1573 filii
695 1510 757 1573 in
795 1509 904 1573 illo
947 1508 1180 1591 populo
1221 1507 1648 1571 incircumcisi
1688 1511 1885 1584 erant,
1928 1527 2087 1589 quos
2123 1508 2337 1591 potuit
2375 1507 2638 1571 circum-

345 1617 549 1681 cidere
597 1617 807 1690 Iesus3
857 1616 1109 1680 illorum
1160 1614 1410 1679 scilicet
1453 1614 1643 1692 filios,
1695 1614 1801 1695 qui
1852 1618 2209 1697 genuerunt
2264 1616 2324 1679 in
2387 1614 2635 1679 deserto

344 1727 408 1788 et
455 1725 970 1805 contempserunt
1027 1740 1132 1786 eos
1191 1720 1660 1795 circumcidere,
1711 1722 1880 1804 quod
1935 1722 2408 1786 inoboedientes
2464 1727 2641 1785 erant

342 1830 469 1914 legi
504 1830 624 1895 dei.
657 1830 826 1893 nulla
864 1829 1080 1911 itaque
1120 1847 1314 1892 causa
1353 1832 1448 1891 est
1489 1846 1603 1892 cur
1639 1829 1704 1892 hi
1745 1829 1853 1910 qui
1891 1832 2119 1910 putant
2155 1828 2637 1910 rebaptizandos

345 1956 453 2002 eos
484 1936 589 2019 qui
629 1936 862 2000 habent
900 1934 1227 1999 christiani
1264 1934 1569 2016 baptismi
1609 1939 2074 1999 sacramentum
2113 1937 2231 2000 hoc
2270 1935 2635 2000 testimonio

343 2044 504 2126 legis
553 2042 840 2107 adiuuari
889 2061 955 2106 se
1003 2045 1248 2124 putent,
1300 2042 1448 2124 quia
1494 2041 1710 2105 nullus
1759 2042 1857 2106 bis
1904 2061 2165 2106 numero
2222 2062 2387 2106 unus
2444 2042 2634 2107 homo

345 2153 443 2214 est
507 2149 940 2225 circumcisus,
1009 2150 1121 2213 sed
1185 2149 1459 2231 populus
1528 2148 1634 2231 qui
1692 2148 1816 2211 iam
1874 2148 2080 2212 fuerat
2133 2148 2196 2212 in
2256 2148 2635 2231 quibusdam

344 2257 778 2334 circumcisus,
829 2257 889 2319 in
939 2256 1316 2338 quibusdam
1367 2275 1516 2321 uero
1567 2254 1771 2319 adhuc
1827 2254 2309 2320 incircumcisus
2369 2259 2519 2319 erat.
2572 2261 2636 2319 et

292 2363 399 2427 ·si
447 2363 655 2444 aliquo
721 2363 906 2426 modo
972 2362 1037 2426 id
1093 2362 1226 2426 fieri
1292 2365 1532 2444 posset,
1592 2367 1665 2425 ut
1713 2362 1810 2426 bis
1877 2362 2245 2426 circumcidi
2312 2363 2628 2427 hominem

241 2711 301 2750 20

343 2470 499 2534 deus
546 2470 811 2548 iuberet,
860 2470 1166 2553 numquid
1214 2472 1487 2552 possunt
1534 2469 1738 2534 dicere
1787 2469 1926 2534 ideo
1967 2469 2165 2535 fuisse
2204 2472 2634 2553 praeceptum,

343 2578 490 2659 quia
551 2577 646 2642 illi
713 2578 788 2641 ab
856 2578 1188 2660 Aegyptiis
1260 2578 1505 2641 fuerant
1572 2576 1929 2641 circumcisi
1994 2582 2104 2640 aut
2169 2577 2243 2641 ab
2313 2577 2633 2659 aliquibus

340 2683 675 2749 haereticis
744 2684 817 2747 ab
887 2684 1357 2748 Israhelitarum
1429 2684 1734 2748 societate
1803 2684 2201 2768 segregatis?
2269 2703 2412 2747 cum
2481 2702 2631 2747 uero

341 2790 531 2854 etiam
599 2791 754 2854 satis
822 2789 1118 2872 adpareat
1183 2809 1372 2871 quare
1440 2790 1525 2854 sit
1591 2809 1626 2852 a
1693 2790 1807 2854 deo
1877 2789 2140 2866 dictum,
2218 2791 2464 2854 nullum
2530 2789 2634 2853 hic

340 2901 614 2979 possunt
658 2897 947 2961 homines
997 2897 1220 2960 erroris
1272 2896 1371 2960 sui
1419 2896 1838 2978 patrocinium
1885 2897 2175 2979 reperire.

432 3003 572 3068 VII.
622 3003 885 3083 Quando
934 3003 1114 3079 Iesus
1153 3003 1318 3067 uidit
1354 3003 1564 3067 uirum
1612 3007 1873 3067 contra
1922 3023 1996 3068 se
2047 3008 2370 3068 stantem
2421 3003 2633 3086 euagi-

341 3114 488 3175 nato
556 3111 764 3195 gladio
816 3114 879 3174 et
945 3131 1015 3175 eo
1082 3110 1497 3192 respondente
1567 3110 1741 3186 dic-it,
1809 3110 1978 3192 quod
2045 3113 2217 3175 esset
2278 3110 2631 3193 princeps

238 3244 305 3284 ετ»
342 3217 666 3281 militiae
733 3217 1052 3282 uirtutis
1121 3216 1419 3292 domini,
1489 3219 1552 3280 et
1617 3220 1971 3298 prostratus
2039 3217 2380 3281 interram
2447 3216 2629 3280 dixit:

222 3781 294 3821 30

343 3324 520 3406 quid
568 3324 952 3407 praecipis
1012 3327 1139 3387 tuo
1190 3323 1516 3387 famulo?
1577 3324 1791 3404 quaeri
1847 3326 2081 3405 potest,
2141 3327 2357 3387 utrum
2405 3324 2630 3406 angelo

341 3450 408 3494 se
457 3431 869 3512 prostrauerit
918 3450 1186 3512 eumque
1236 3430 1461 3494 dixerit
1499 3429 1822 3493 dominum
1874 3450 1948 3494 an
1998 3431 2212 3513 potius
2251 3429 2629 3512 intellegens

340 3557 375 3601 a
426 3556 547 3621 quo
595 3538 832 3601 missus
881 3538 1071 3602 fuerit
1117 3538 1328 3619 ipsum
1379 3537 1704 3601 dominum
1754 3537 1977 3600 dixerit
2025 3537 2205 3619 eique
2255 3556 2322 3601 se
2361 3539 2631 3617 prostra-

337 3646 520 3710 uerit.
569 3647 703 3708 erat
751 3648 985 3718 autem,
1046 3644 1215 3707 sicut
1260 3643 1515 3727 legitur,
1573 3643 1756 3707 Iesus
1803 3644 1865 3706 in
1912 3643 2180 3718 Iericho,
2239 3661 2361 3706 non
2409 3642 2630 3724 utique

336 3753 401 3817 in
458 3751 597 3833 ipsa
655 3751 937 3827 ciuitate,
1007 3751 1189 3815 cuius
1258 3750 1421 3813 muri
1486 3750 1763 3814 nondum
1832 3750 2207 3825 ceciderant,
2266 3748 2432 3832 quod
2487 3768 2631 3812 mox

519 3978 587 4030 23
628 3977 692 4031 cf.
732 3977 838 4030 Ios.
879 3980 926 4037 5.
970 3977 1052 4030 13.
1096 3977 1161 4029 14
1271 3976 1340 4029 26
1377 3976 1484 4030 Ios,
1525 3978 1575 4036 5,
1620 3976 1683 4028 15

415 4119 438 4172 1
482 4121 727 4173 exierunt
756 4117 989 4173 SNde
1097 4118 1129 4170 5
1169 4118 1274 4186 lac]
1306 4117 1390 4170 fac
1418 4115 1484 4169 N
1589 4119 1617 4170 7
1659 4116 1853 4169 suisset
1881 4114 1953 4168 P¹
2068 4115 2133 4167 12
2174 4114 2212 4166 ii
2242 4113 2316 4167 bd
2426 4115 2490 4166 14
2529 4131 2628 4183 pu·

332 4213 459 4261 tant
499 4207 564 4259 N
702 4208 909 4260 nullum
950 4205 1069 4261 128¹
1142 4208 1245 4260 ’16
1287 4205 1499 4259 adhunc
1538 4206 1613 4259 Ρι
1724 4206 1790 4258 21
1833 4203 1966 4256 satis
2008 4204 2169 4255 etiam
2201 4202 2274 4255 bd
2417 4202 2541 4256 hinc
2571 4202 2637 4255 N

331 4299 407 4351 22
448 4297 679 4350 hominis
717 4296 783 4350 N
886 4298 953 4350 23
995 4295 1245 4365 Quando]
1290 4294 1557 4364 quomodo
1597 4293 1643 4348 S
1747 4295 1814 4346 ‘24
1855 4291 2046 4345 didicit
2083 4291 2201 4345 NT
2314 4292 2381 4346 26
2421 4295 2516 4344 tua
2554 4292 2627 4344 1’1

330 4387 404 4440 2?
448 4386 775 4455 prostauerit
814 4386 875 4438 N
1016 4373 1111 4438 dffi
1144 4384 1207 4438 8ι
1318 4385 1387 4438 ⁶28
1427 4383 1604 4436 fuerat
1652 4383 1777 4435 Tha
1900 4398 1912 4407 ·
