3076 4976
413 490 543 552 604
1122 484 1175 537 S.
1233 483 1509 536 Aureli
1565 481 2002 550 Augustini

412 680 811 761 recipiam
877 699 1177 762 pennas
1244 698 1457 742 meas
1517 678 1591 741 iu
1651 677 2087 755 directum,
2151 677 2424 740 uirtutes
2484 675 2703 758 utique

414 787 732 868 spiritales
791 785 1097 861 fidelium,
1158 786 1389 868 quibus
1449 804 1484 847 a
1541 784 1969 848 saecularibus
2029 783 2504 865 suspenduntur
2557 782 2705 846 inle-

412 893 638 957 cebris.
699 896 1081 956 excutere
1129 891 1399 974 inpios
1462 910 1544 954 ex
1603 894 1732 954 ea?
1791 890 1870 953 ad
1926 885 2041 954 ho'c
2103 889 2269 954 enim
2314 890 2486 971 prior
2530 893 2704 953 tanto

411 1004 554 1064 ante
611 998 952 1063 resurrexit
999 1018 1349 1082 agnoscens
1399 997 1682 1063 ordinem
1730 1017 1939 1074 suum,
1989 1001 2061 1062 ut
2106 996 2295 1060 fidem
2340 997 2708 1061 resurrecti-

411 1106 547 1170 onis
596 1106 949 1169 insinuaret
995 1111 1182 1186 atque
1222 1124 1332 1186 per
1367 1105 1540 1185 ipsas
1579 1123 1813 1185 pennas
1848 1103 2154 1167 ecclesiae
2194 1101 2428 1184 ubique
2466 1101 2710 1183 praedi-
2776 1121 2802 1158 5

411 1215 592 1276 catus
639 1211 991 1276 ministerio
1034 1211 1633 1275 circumuolautium
1672 1210 2040 1274 nuntiorum
2075 1209 2244 1274 iuste
2284 1208 2711 1291 adprehendat

412 1338 516 1382 eas
576 1319 639 1381 in
700 1338 859 1402 opus
916 1318 1235 1381 iudicandi
1294 1317 1629 1381 duodecim
1686 1302 1891 1380 tribus
1949 1317 2209 1390 Israhel,
2270 1335 2415 1379 cum
2461 1317 2712 1380 uenerit

411 1427 700 1488 excutere
758 1423 963 1504 inpios
1022 1443 1093 1487 ex
1149 1423 1438 1500 ecclesia,
1498 1423 1607 1505 qui
1654 1442 1820 1487 nunc
1869 1427 2011 1487 ante
2058 1422 2367 1486 iudicium
2415 1422 2710 1505 permixti

409 1531 776 1595 tolerantur.
864 1533 941 1594 et
1022 1534 1106 1593 tu
1193 1549 1514 1594 sumens
1608 1533 1875 1594 terrae
1962 1527 2220 1593 lutum
2308 1528 2708 1613 figurasti

413 1637 753 1701 animal?
830 1637 966 1701 siue
1038 1637 1250 1718 ipsum
1315 1637 1517 1701 Adam
1588 1640 2038 1702 commemoret
2102 1637 2239 1701 siue
2306 1637 2474 1719 quod
2540 1656 2707 1700 nunc
2755 1656 2805 1693 10

411 1748 586 1808 sexta
650 1747 854 1808 aetate
921 1745 1178 1821 saeculi,
1247 1746 1414 1808 sicut
1477 1748 1629 1809 tunc
1698 1747 1872 1808 sexto
1931 1744 2051 1819 die,
2110 1744 2186 1808 de
2241 1743 2705 1825 peccat01·ibu8‚

410 1854 736 1933 tamquam
783 1850 859 1914 de
904 1850 1042 1915 luto
1091 1854 1312 1928 terrae,
1360 1851 1548 1916 homo
1587 1852 1796 1916 factus
1839 1855 1937 1915 est
1975 1850 2325 1915 secundum
2364 1851 2703 1933 imaginem

414 1957 552 2021 eius
611 1957 720 2039 qui
777 1958 1015 2021 creauit
1071 1977 1236 2024 eum.
1295 1977 1416 2022 non
1475 1957 1696 2040 utique
1753 1957 1872 2021 hoc
1929 1958 2084 2021 fecit
2140 1956 2425 2032 ecclesia,
2487 1956 2709 2021 sedin

412 2063 532 2128 hoc
570 2064 784 2145 potius
822 2065 990 2128 facta
1028 2068 1129 2128 est
1163 2084 1273 2147 per
1310 2065 1578 2128 uerbum
1618 2067 1927 2146 oportuno
1966 2067 2251 2146 tempore
2289 2063 2706 2138 incarnatum,

411 2189 522 2252 per
579 2171 748 2252 quod
805 2172 971 2235 facta
1027 2175 1177 2235 sunt
1232 2170 1464 2235 omnia.
1523 2174 1603 2234 et
1658 2172 2053 2235 famosum
2111 2189 2283 2234 eum
2337 2169 2705 2252 posuisti
2748 2184 2798 2223 1⁵

410 2296 650 2359 super
713 2281 1054 2342 terram?
1131 2278 1337 2360 magis
1400 2277 1525 2341 iste
1592 2278 1777 2342 homo
1850 2279 2134 2341 famosus
2199 2278 2449 2358 positus
2518 2295 2710 2358 super

407 2386 660 2458 terram,
727 2384 833 2464 qui
902 2390 1077 2448 sexta
1140 2388 1344 2448 aetate
1413 2383 1653 2448 saeculi
1716 2384 1923 2448 factus
1991 2388 2108 2464 est,
2178 2402 2365 2466 quam
2431 2383 2540 2447 ille
2600 2382 2707 2466 qui

409 2493 584 2554 sexta
640 2490 759 2567 die,
819 2495 1153 2573 antequam
1205 2495 1417 2556 essent
1463 2491 1657 2556 ceteri
1704 2491 2010 2569 homineS‚
2059 2510 2171 2574 per
2218 2510 2376 2573 quos
2425 2490 2705 2553 diffama-

408 2600 601 2675 retur,
652 2598 776 2661 nisi
826 2599 1004 2675 forte,
1056 2598 1205 2681 quia
1260 2617 1426 2661 nunc
1484 2598 1575 2661 ita
1628 2597 1926 2661 innotuit.
1987 2601 2060 2661 et
2116 2596 2565 2661 abstulisti
2613 2596 2701 2659 ab

406 2703 668 2784 inpiis
718 2706 1026 2768 lucem?
1076 2705 1245 2768 sicut
1291 2705 1398 2768 ille
1448 2703 1554 2785 qui
1607 2704 1804 2779 uenit,
1855 2708 1943 2767 ut
1990 2703 2318 2785 quinon
2379 2702 2697 2777 uident,
2740 2722 2793 2760 το

410 2809 787 2885 uideant,
846 2814 921 2873 et
981 2811 1117 2891 qui
1173 2810 1491 2886 uident,
1543 2810 1766 2874 caeci
1815 2810 2046 2876 fiant.
2096 2814 2235 2874 aut
2279 2809 2698 2874 brachium

407 2916 935 2997 superborum
997 2916 1606 2984 comminuisti?
1662 2916 2009 3000 potentiam
2070 2935 2307 2989 eorum,
2368 2917 2541 2980 sicut
2593 2914 2699 2978 ille

407 3022 516 3104 qui
581 3021 915 3084 infirma
980 3022 1253 3086 mundi
1319 3023 1611 3106 elegit.
1680 3027 1767 3086 ut
1832 3022 2370 3089 confunderet
2423 3021 2698 3087 fortia.

406 3131 543 3191 aut
608 3128 921 3191 uenisti
988 3128 1080 3192 ad
1136 3128 1439 3192 fontem
1498 3130 1789 3193 maris?
1850 3130 2019 3195 sicut
2073 3129 2202 3206 ille,
2263 3130 2366 3194 cui
2423 3128 2700 3194 uenienti

402 3233 613 3316 patuit
649 3233 1002 3299 confitendo
1045 3235 1350 3317 quidquid
1393 3235 1716 3300 occultum
1758 3242 1891 3300 erat
1925 3236 1989 3299 in
2030 3236 2324 3300 cordibus
2363 3236 2699 3319 inpiorum,
2736 3255 2787 3296 ει

406 3340 512 3422 qui
561 3339 870 3404 credendo
919 3341 979 3404 in
1033 3360 1176 3405 eum
1226 3340 1559 3405 iustificati
1608 3345 1776 3406 suut.
1817 3362 1961 3405 nam
2004 3361 2190 3424 quem
2230 3328 2699 3407 fontem'maris

401 3446 631 3511 melius
699 3448 1048 3529 accipimus
1115 3448 1241 3512 nisi
1308 3453 1647 3526 secretum,
1717 3449 1882 3512 unde
1950 3449 2226 3532 erumpit
2284 3450 2487 3514 omnis
2547 3450 2699 3513 haec

402 3553 800 3617 amarissima
854 3554 1149 3634 inpietaS,
1211 3573 1369 3635 quae
1426 3554 1714 3638 ingentes
1762 3554 1995 3618 fluctus
2044 3556 2168 3619 iam
2218 3555 2697 3620 manifestorum

398 3658 710 3723 malorum
778 3679 1041 3742 operum
1113 3661 1411 3737 concitat,
1482 3680 1641 3742 quae
1710 3661 1930 3725 uident
1992 3662 2279 3726 homines
2343 3663 2407 3725 in
2466 3663 2696 3744 apertis

401 3765 609 3844 factis,
662 3767 768 3848 qui
817 3768 1053 3831 fontem
1102 3767 1316 3848 ipsum
1363 3767 1580 3831 uidere
1629 3787 1750 3831 non
1797 3771 2112 3850 possunt?
2160 3772 2298 3833 aut
2336 3769 2408 3832 in
2456 3768 2694 3832 uesti-
2729 3787 2777 3827 ευ

576 3992 608 4043 3
645 3990 743 4043 Iob
784 3991 870 4048 38.
914 3991 979 4044 13
1104 3991 1136 4043 9
1175 3990 1271 4044 Iob
1312 3992 1396 4053 38,
1441 3992 1505 4044 14
1647 3993 1711 4044 12
1751 3991 1816 4045 cf.
1860 3991 1991 4046 Gen.
2033 3994 2083 4055 2.
2125 3995 2181 4055 7;
2228 3995 2273 4055 1.
2314 3995 2382 4048 27
2523 3996 2587 4048 15
2627 3992 2689 4055 es,

397 4079 512 4131 Ioh.
557 4083 601 4145 l,
641 4080 673 4133 3
820 4079 915 4132 Iob
956 4080 1042 4144 38,
1084 4080 1149 4131 14
1280 4080 1344 4132 19
1382 4080 1479 4132 Iob
1518 4080 1605 4138 38.
1648 4084 1713 4134 15
1842 4081 1911 4134 20
1950 4081 2016 4137 cf.
2056 4082 2171 4135 Ioh.
2213 4085 2262 4144 9,
2302 4083 2370 4136 39
2490 4082 2556 4135 21
2597 4081 2689 4135 Iob

396 4168 481 4231 38,
526 4170 588 4222 15
697 4168 765 4221 23
806 4166 873 4221 cf.
910 4167 938 4220 I
978 4166 1095 4222 Cor.
1141 4170 1187 4225 1.
1226 4169 1295 4220 27
1406 4169 1476 4221 24
1513 4168 1611 4221 Iob
1651 4170 1736 4232 38,
1780 4171 1845 4224 16
1968 4171 2036 4224 30
2077 4170 2174 4224 Iob
2216 4171 2305 4237 38,
2346 4172 2410 4224 16

469 4290 493 4341 1
534 4290 721 4357 itaque
767 4288 812 4341 Ο
972 4290 1004 4342 3
1047 4294 1232 4343 excute
1271 4289 1415 4342 Hier
1577 4291 1609 4343 6
1648 4292 2019 4362 apprehendas
2066 4294 2112 4346 Ο
2273 4294 2339 4347 14
2377 4311 2472 4362 per
2508 4309 2608 4347 om.
2652 4291 2695 4345 0

395 4377 460 4431 21
502 4395 610 4432 non
647 4378 840 4431 uident
882 4378 932 4431 T
1040 4379 1103 4430 ‘24
1147 4395 1266 4432 cum
1305 4379 1372 4432 ad
1410 4379 1502 4433 fon
1531 4380 1742 4448 finitur
1778 4380 1823 4435 S
1965 4384 2073 4451 cui]
2117 4383 2209 4450 qui
2248 4383 2288 4436 d
