3076 4976
521 466 646 528 108
1230 464 1281 515 S.
1341 462 1619 515 Aureli
1675 462 2109 532 Augustini

514 676 701 739 pore
770 659 847 721 et
910 658 1182 721 noluit
1246 658 1670 722 dimittere
1738 659 2145 740 populum.
2227 659 2395 721 certe
2463 676 2626 721 nunc
2693 677 2818 720 non

516 763 758 827 dictum
807 767 938 827 est:
985 764 1389 847 ingrauatum
1440 769 1538 828 est
1586 784 1692 829 cor
1720 765 2090 841 Pha1·aoni8‚
2141 764 2287 828 sed:
2338 764 2821 847 ingrauauit

514 873 821 936 Pharao
863 891 995 937 cor
1034 893 1281 937 suum.
1332 873 1421 937 sic
1463 874 1686 954 utique
1717 871 1780 936 in
1813 872 2107 937 omnibus
2137 870 2369 954 plagis
2421 889 2457 932 a
2485 870 2819 934 uoluntate

515 980 746 1061 quippe
810 979 1085 1043 hominis
1135 983 1233 1044 est
1281 980 1453 1062 origo
1523 980 1859 1056 uitiorum;
1928 983 2266 1043 mouentur
2327 981 2539 1041 autem
2603 978 2817 1040 causis

516 1087 703 1151 corda
764 1087 1090 1151 hominum
1150 1087 1307 1151 talia
1368 1088 1480 1153 sio.
1567 1087 1722 1151 talia
1781 1106 1930 1150 uero
1994 1087 2084 1150 sic
2134 1086 2324 1150 etiam
2373 1104 2494 1149 uon
2543 1083 2817 1147 diuersis

515 1193 724 1258 causis
775 1212 959 1276 saepe
1007 1193 1256 1257 diuerso
1306 1193 1492 1257 modo
1535 1193 1884 1257 secundum
1924 1193 2209 1274 proprias
2252 1191 2615 1273 qualitates,
2653 1207 2817 1270 quae

519 1318 589 1363 ex
638 1300 1076 1364 uoluntatibus
1127 1300 1409 1363 ueniunt.

601 1407 798 1472 XXX.
840 1406 1143 1470 Videns
1184 1410 1451 1470 autem
1480 1407 1789 1470 Pharao
1832 1406 2020 1486 quia
2057 1425 2203 1469 non
2247 1408 2370 1467 est
2408 1406 2813 1467 mortuum

517 1513 604 1576 de
653 1512 1088 1594 pecoribus
1138 1513 1876 1576 filiorum-jsrahel
1917 1513 2249 1587 nullum,
2289 1511 2813 1593 ingrauatum

2880 1052 2904 1088 5

515 1625 639 1683 est
687 1639 821 1683 cor
864 1620 1339 1684 Pharaonis,
1418 1619 1733 1701 quomodo
1784 1638 1816 1681 e
1866 1618 2194 1683 contrariis
2244 1618 2454 1681 causis
2501 1617 2670 1680 facta
2717 1620 2816 1678 est
2853 1588 2896 1625 ¹⁰

512 1726 668 1790 haec
715 1725 1069 1809 ingrauatio
1121 1726 1326 1789 cordis
1375 1726 1769 1790 Pharaonis?
1820 1726 1871 1789 si
1924 1725 2091 1788 enim
2140 1728 2203 1788 et
2250 1743 2478 1806 pecora
2523 1722 2816 1785 Israheli-

512 1835 719 1896 tarum
779 1836 1189 1906 morerentur,
1251 1837 1400 1896 tunc
1465 1833 1789 1896 uideretur
1849 1850 2041 1896 causa
2102 1834 2461 1913 conpetens»,
2524 1849 2647 1911 qua
2708 1849 2817 1892 cor

514 1940 651 2003 eius
715 1938 1156 2022 ingrauaretur
1220 1938 1297 2002 ad
1363 1938 1882 2002 contemnendum
1953 1938 2161 2014 deum,
2236 1940 2561 2017 tamquam
2628 1935 2684 1997 si
2753 1939 2816 1997 et

515 2045 683 2129 magi
725 2046 861 2108 eius
901 2064 1128 2126 pecora
1172 2045 1643 2109 [srahelitarum
1682 2045 1981 2108 fecissent
2019 2045 2210 2114 mori:
2254 2063 2415 2108 nunc
2456 2062 2606 2106 uero
2651 2041 2812 2104 unde

515 2152 737 2216 debuit
800 2152 877 2216 ad
942 2152 1293 2216 timendum
1360 2152 1463 2214 uel
1531 2151 1909 2215 credendum
1976 2151 2218 2214 moueri
2283 2151 2506 2214 uidens
2563 2149 2808 2211 nullum

518 2278 714 2340 pecus
775 2265 1095 2323 mortuum
1159 2278 1229 2323 ex
1290 2259 1627 2340 pecoribus
1690 2259 2140 2335 Hebraeorum,
2204 2257 2348 2321 hinc
2408 2257 2811 2339 ingrauatum

514 2370 640 2438 est;
693 2364 752 2427 id
805 2368 936 2428 est:
984 2365 1095 2428 ina
1143 2365 1497 2448 ingrauatio
1549 2365 1742 2427 etiam
1791 2365 1914 2428 huc
1963 2382 2164 2444 usque
2215 2383 2547 2447 progressa
2593 2366 2711 2426 est.

599 2471 826 2534 XXXI.
897 2469 1061 2549 Quid
1131 2474 1228 2534 est
1294 2471 1462 2552 quod
1529 2471 1684 2535 dicit
1752 2471 1908 2536 deus
1977 2471 2054 2535 ad
2109 2472 2316 2536 Aaron
2384 2475 2447 2535 et
2510 2470 2809 2551 Moysen:

514 2579 812 2641 sumite
862 2578 1098 2641 uobis
1148 2578 1430 2659 plenas
1478 2598 1757 2642 manus
1805 2579 2158 2643 fauillae
2208 2579 2295 2642 de
2342 2579 2696 2653 fornace,
2738 2582 2812 2639 et

2849 2119 2891 2156 15

514 2688 900 2765 aspergat
972 2684 1291 2765 Moyses
1368 2686 1442 2748 in
1521 2686 1832 2749 caelum
1910 2705 2170 2749 coram
2237 2686 2656 2749 Pharaone
2735 2659 2886 2747 et²⁰

517 2809 779 2853 coram
831 2790 1099 2853 seruis
1150 2791 1347 2866 eius,
1389 2794 1465 2854 et
1502 2792 1659 2855 fiat
1704 2792 1986 2873 puluis
2036 2793 2109 2856 in
2159 2792 2544 2856 uniuersa
2589 2793 2810 2855 terra

509 2896 909 2978 Aegypti?
986 2898 1165 2979 signa
1232 2899 1398 2961 euim
1468 2900 1792 2980 superiora
1858 2899 2038 2982 uirga
2102 2899 2354 2975 fiebant,
2422 2918 2609 2980 quam
2687 2917 2806 2963 non

509 3002 786 3083 MoyseS‚
835 3002 946 3065 sed
983 3003 1189 3067 Aaron
1237 3005 1343 3067 uel
1391 3006 1764 3069 extendebat
1810 3025 1998 3086 super
2044 3025 2270 3086 aquam
2318 3005 2422 3068 uel
2469 3023 2542 3068 ea
2576 3008 2806 3068 terram

509 3108 933 3189 percutiebat;
998 3128 1161 3173 nunc
1214 3130 1358 3174 uero
1410 3112 1799 3192 inteipositis
1851 3111 2098 3175 duobus
2147 3112 2346 3195 signis
2396 3112 2473 3175 de
2522 3111 2809 3193 cynomia

511 3218 574 3277 et
619 3234 916 3295 pecorum
963 3216 1296 3291 mortibus,
1347 3217 1454 3280 ubi
1496 3237 1607 3280 nec
1639 3218 1846 3281 Aaron
1888 3236 2000 3281 nec
2040 3218 2297 3300 Moyses
2339 3217 2579 3298 aliquid
2615 3237 2808 3280 manu
2838 3205 2884 3245 ²⁵

511 3321 749 3402 operati
816 3326 985 3399 sunt,
1054 3321 1305 3399 dicitur,
1375 3327 1448 3387 ut
1494 3324 1750 3406 Moyses
1808 3325 2096 3388 fauillam
2146 3328 2403 3408 spargat
2448 3324 2510 3387 in
2560 3323 2801 3387 caelum

510 3426 583 3491 de
641 3429 909 3501 fornace,
961 3433 1021 3492 et
1079 3430 1237 3493 hanc
1299 3430 1481 3494 ambo
1532 3450 1780 3494 sumere
1829 3431 2145 3505 iubentur,
2197 3431 2309 3496 sed
2356 3432 2463 3495 ille
2512 3448 2805 3514 spargere

683 3637 718 3689 8
755 3636 846 3689 Ex.
888 3637 937 3699 9,
981 3638 1009 3688 7
1125 3638 1188 3689 19
1229 3637 1321 3690 Ex.
1362 3638 1411 3702 9,
1452 3639 1499 3691 8.
1541 3640 1573 3691 9

579 3758 610 3811 3
651 3760 702 3826 a}
743 3760 799 3811 in
838 3760 886 3815 b.
926 3776 1027 3813 om.
1073 3760 1118 3813 C
1224 3762 1255 3813 5
1295 3761 1450 3829 talia]
1492 3764 1554 3814 ut
1592 3762 1699 3814 alia
1737 3761 1796 3815 N
1823 3762 1962 3815 «alia
2001 3762 2112 3815 PV
2147 3762 2256 3815 alia
2303 3762 2384 3815 Tb
2520 3762 2657 3815 *alia
2696 3761 2804 3814 PV

507 3846 616 3899 alia
642 3847 793 3899 NTb
870 3851 901 3899 9
940 3849 1167 3917 nullum]
1208 3849 1416 3912 nullum
1456 3854 1545 3911 (m.
1585 3855 1614 3902 1
1652 3851 1780 3917 dcl.)
1814 3850 2076 3905 Snullum
2119 3851 2167 3902 V
2202 3851 2373 3904 ullum
2402 3851 2476 3904 bd
2553 3852 2615 3904 10
2640 3866 2803 3919 super

508 3933 661 3987 delet.
702 3935 990 4004 pharaonis
1027 3953 1293 4004 superscr.
1326 3939 1439 3991 eius
1479 3938 1530 3991 V
1672 3941 1762 4007 cla
1801 3939 1870 3993 S²
1908 3958 1967 3993 ex
1998 3940 2073 3993 bd
2185 3943 2246 3995 13
2286 3946 2608 4009 grauaretur
2631 3938 2700 3992 N
2705 3939 2804 3991 VT

506 4027 784 4093 tamquam
823 4024 867 4075 si
908 4027 964 4076 et
1000 4041 1102 4079 om.
1132 4026 1201 4078 N
1231 4030 1287 4079 et
1324 4028 1368 4080 si
1408 4028 1438 4081 b
1518 4030 1581 4082 15
1623 4029 1712 4097 adl
1755 4030 1841 4082 uel
1871 4030 1933 4082 N
2006 4032 2071 4083 18
2111 4030 2253 4099 quod
2293 4031 2350 4095 <d
2389 4049 2457 4084 m.
2497 4034 2537 4084 2
2575 4029 2725 4095 add.)
2759 4027 2803 4080 C

510 4112 574 4165 19
615 4111 726 4182 ὑμῖν
765 4113 879 4167 cod.
920 4114 1065 4167 Alex
1102 4120 1150 4167 et
1187 4114 1311 4184 Laq
1418 4117 1638 4170 fauilla*
1677 4118 1724 4170 V
1831 4120 1899 4172 20
1939 4124 2194 4189 aspargat
2233 4118 2388 4172 P¹V¹
2522 4135 2695 4172 coram
2736 4132 2798 4169 ex

507 4203 694 4254 contra
732 4219 798 4253 m.
840 4205 873 4253 :2
919 4202 969 4253 V
1074 4202 1140 4255 21
1182 4204 1458 4272 uniuersa]
1501 4208 1624 4258 tota
1659 4206 1856 4259 PVTb
1965 4208 2034 4262 22
2073 4211 2307 4277 aegypto
2352 4208 2456 4262 ΟΝ
2575 4206 2738 4260 fiebat
2766 4204 2796 4256 b

506 4289 574 4341 23
614 4289 695 4359 ea]
738 4289 807 4342 ad
845 4290 1077 4344 P¹SV¹b
1250 4294 1319 4345 24
1358 4295 1626 4362 cynomiia
1665 4295 1719 4347 P
1755 4298 2038 4366 cynomyia
2078 4298 2152 4351 bd
2318 4298 2386 4352 26
2425 4297 2635 4366 operati
2672 4298 2796 4347 sunt.

506 4395 664 4431 manu
707 4378 737 4430 b
849 4380 914 4431 27
956 4379 1113 4432 ambo
1153 4397 1255 4435 om.
1296 4382 1361 4434 N
