3076 4976
398 448 527 511 392
1107 443 1159 497 S.
1216 443 1491 497 Aureli
1548 443 1985 513 Augustini

287 672 295 683 -
401 640 463 703 in
513 659 662 704 auro
712 642 775 703 et
822 639 883 702 in
934 643 1213 723 argentO.
1262 638 1373 704 sed
1424 639 1568 703 hinc
1614 640 1830 722 potius
1877 640 2274 725 intellegitur
2307 643 2691 724 permissum

402 746 606 810 fuisse
661 745 942 829 regibuS,
990 749 1064 809 ut
1109 745 1322 828 plures
1378 746 1685 811 haberent
1741 767 1930 829 quam
1987 766 2207 824 unam3
2266 748 2692 832 multiplicare

404 852 571 918 enim
599 851 902 934 prohibiti
932 855 1098 918 sunt.
1135 871 1294 934 quae
1322 853 1668 934 prohibitio
1710 872 1830 917 non
1868 852 2061 918 habet
2096 856 2691 939 transgressionem,

406 959 462 1023 si
508 977 743 1040 paucae
808 957 1059 1033 fuerint.
1110 960 1280 1024 sicut
1340 959 1552 1023 Dauid
1617 959 1900 1035 fuerunt;
1968 980 2090 1024 non
2157 966 2371 1027 autem
2434 963 2692 1040 multae,

407 1066 576 1130 sicut
641 1064 982 1132 Salomoni.
1064 1066 1357 1148 quamuis
1425 1086 1571 1130 cum
1638 1065 1908 1131 addidit:
1976 1071 2063 1133 ut
2108 1087 2253 1132 non
2321 1069 2697 1134 discedat
2761 1088 2789 1126 ⁵

407 1192 541 1237 cor
585 1172 785 1249 eius,
841 1173 959 1236 hoc
1024 1172 1231 1255 magis
1298 1172 1553 1237 uidetur
1616 1172 2031 1256 praecepisse,
2081 1194 2157 1239 ne
2214 1177 2694 1258 multipIIcando

406 1278 736 1363 perueniat
801 1277 879 1341 ad
944 1278 1333 1362 alienigenas
1408 1279 1698 1356 feminae,
1765 1299 1877 1361 per
1940 1300 2096 1363 quas
2163 1282 2401 1347 factum
2471 1288 2571 1348 est
2632 1284 2694 1346 in

408 1386 766 1464 Salomone,
822 1388 897 1449 ut
957 1384 1307 1450 discederet
1362 1404 1471 1449 cor
1515 1386 1652 1450 eius
1703 1406 1736 1450 a
1786 1386 1922 1451 deo,
1982 1389 2428 1471 multiplicatio
2485 1393 2698 1455 tamen

408 1492 783 1578 generaliter
845 1491 937 1556 ita
1000 1491 1314 1575 prohibita
1384 1496 1503 1568 est,
1573 1495 1664 1569 ut,
1734 1493 1985 1557 etiamsi
2043 1514 2114 1558 ex
2170 1495 2475 1560 Hebraeis
2542 1498 2698 1562 solis

410 1620 516 1666 eas
561 1598 1078 1682 multiplicasset,
1129 1601 1346 1662 contra
1384 1599 1503 1663 hoc
1543 1602 1950 1680 praeceptum
1988 1600 2216 1666 fecisse
2254 1602 2479 1667 merito
2521 1604 2699 1688 argui
2742 1624 2793 1662 ιο

408 1710 647 1789 posset.

500 1813 795 1877 XXVIII.
868 1811 948 1878 Si
1018 1816 1283 1877 autem
1351 1813 1941 1894 superuenerit
2004 1813 2343 1879 Leuites
2412 1835 2496 1878 ex
2564 1834 2704 1879 una

415 1920 858 1989 ciuitatum
924 1924 1245 1984 tuarum
1315 1938 1398 1983 ex
1448 1918 1819 1984 omnibus
1868 1919 2089 1984 filiis
2154 1920 2496 1997 Israhel,
2563 1922 2700 1986 ubi

415 2026 592 2109 ipse
638 2026 959 2105 incolit,
1010 2024 1449 2091 secundum
1509 2025 1717 2107 quod
1775 2026 2006 2107 cupit
2062 2026 2322 2092 anima
2379 2027 2576 2106 eiuS,
2625 2028 2700 2092 in

418 2133 684 2197 locum
735 2153 952 2215 quem
1006 2133 1361 2217 elegerit
1408 2132 1780 2197 dominus
1827 2132 2027 2196 —id
2074 2137 2176 2198 est
2221 2134 2275 2197 si
2317 2134 2706 2199 desiderauit
2743 2157 2796 2195 15

414 2238 507 2304 ire
573 2240 650 2305 ad
712 2240 921 2306 locum
991 2241 1098 2305 ubi
1166 2240 1458 2305 dominus
1522 2239 1858 2303 inuocatur
1903 2277 1987 2286 —
2048 2243 2124 2305 et
2189 2240 2706 2307 ministrabit

418 2348 719 2412 nomini
788 2347 1090 2413 domini
1159 2347 1283 2411 dei
1349 2345 1476 2411 sui
1534 2346 1756 2410 sicut
1822 2365 2090 2411 omnes
2155 2346 2458 2412 fratres
2526 2349 2703 2413 eius

418 2454 762 2519 Leuitae
840 2454 974 2536 qui
1051 2452 1385 2519 adstant
1455 2451 1570 2517 ibi
1639 2471 1897 2518 coram
1972 2452 2321 2530 domium
2393 2457 2703 2537 partem

418 2561 807 2643 partitam
841 2561 1024 2625 edet
1061 2563 1383 2643 praeter
1420 2560 2001 2638 uenditionem,
2033 2580 2232 2643 quae
2273 2567 2398 2625 est
2437 2581 2705 2627 secun-

423 2665 598 2730 dum
674 2667 1092 2732 familiam.
1170 2686 1356 2749 quam
1424 2666 1597 2730 dicat
1660 2666 2092 2732 uenditionem
2159 2667 2498 2732 obscurum
2577 2673 2704 2744 est;
2743 2694 2799 2733 20

421 2772 543 2836 nisi
599 2774 762 2837 forte
820 2774 969 2856 quia
1025 2773 1479 2837 decimationes
1537 2776 1600 2837 et
1654 2773 2080 2858 primogenita
2141 2775 2464 2856 praecepit
2516 2775 2708 2839 uendi

423 2880 498 2944 ab
532 2880 622 2944 eis
654 2880 763 2962 qui
792 2881 855 2944 in
894 2881 1238 2964 longinquo
1280 2879 1655 2958 habitarent,
1696 2900 1772 2945 ne
1810 2882 2014 2945 multa
2050 2883 2428 2964 cogerentur
2461 2884 2712 2962 portare

425 2987 503 3051 ad
550 2988 762 3052 locum
818 2988 1239 3052 inuocationis
1300 2987 1536 3050 domini
1587 2987 1691 3052 uel
1745 3005 1974 3068 pecora
2030 2987 2278 3062 ducere,
2337 2990 2413 3051 ut
2458 2987 2589 3052 illic
2633 2987 2710 3050 ab

425 3094 518 3159 eis
566 3094 771 3158 denuo
831 3098 1189 3158 emerentur
1233 3112 1304 3157 ex
1353 3093 1572 3158 eodem
1632 3093 1861 3175 preti0,
1912 3096 1975 3157 et
2019 3093 2296 3158 iusserat
2351 3093 2577 3157 habere
2624 3093 2713 3156 ibi

423 3203 669 3283 partem
709 3200 1018 3278 Leuitam,
1062 3200 1169 3283 qui
1207 3204 1489 3265 maneret
1532 3200 1598 3264 in
1646 3219 1719 3264 ea
1765 3200 2048 3276 ciuitate,
2096 3199 2263 3264 unde
2309 3200 2405 3263 illi
2446 3199 2713 3265 decima·
2750 3227 2801 3266 25

425 3308 632 3371 tiones
700 3312 765 3372 et
826 3307 1252 3391 primogenita
1324 3306 1736 3371 debebantur.
1806 3310 1870 3371 et
1934 3307 2072 3371 ideo
2141 3306 2298 3371 dixit
2362 3305 2713 3371 secundum

426 3413 735 3479 familiam
799 3415 920 3479 hoc
984 3414 1198 3479 deberi
1260 3413 1542 3490 Leuitae,
1610 3412 1905 3496 quoniam
1964 3433 2035 3477 ex
2101 3412 2525 3490 successione,
2592 3431 2714 3495 qua

429 3520 716 3586 succedit
760 3521 1127 3604 parentibus
1177 3521 1332 3599 suis,
1379 3520 1499 3584 hoc
1547 3519 1714 3584 circa
1761 3539 1904 3583 eum
1955 3519 2194 3584 seruari
2240 3523 2508 3601 oportet,
2549 3517 2715 3600 quod

426 3629 796 3712 parentibus
846 3627 1194 3692 exhibitum
1243 3631 1361 3692 est.

517 3735 845 3802 XXVIIII.
915 3734 1226 3815 Quoniam
1293 3736 1723 3817 portentorum
1787 3733 2175 3815 inspectores
2230 3731 2525 3815 prohibet
2579 3750 2714 3796 esse
2751 3763 2802 3801 ao

430 3841 491 3905 iu
540 3842 778 3924 populo
836 3841 958 3917 dei,
1016 3839 1444 3923 quaerendum
1492 3843 1592 3904 est
1640 3840 1953 3922 quomodo
2011 3838 2137 3903 ista
2193 3841 2500 3921 portenta,
2557 3856 2715 3919 quae

615 4051 644 4102 7
683 4048 770 4104 111
806 4049 940 4119 Reg.
984 4050 1065 4113 11,
1110 4050 1244 4102 1-6
1333 4050 1397 4102 12
1433 4048 1597 4100 Dent.
1643 4049 1723 4111 18,
1762 4047 1904 4101 6-8
1985 4047 2054 4101 30
2093 4045 2160 4101 cf.
2197 4046 2361 4099 Dent.
2404 4045 2489 4108 18,
2530 4046 2609 4099 10.
2651 4045 2711 4098 11

511 4194 534 4245 1
579 4195 635 4245 et
671 4209 771 4246 om.
811 4193 875 4246 N
995 4193 1061 4247 13
1099 4192 1403 4245 ciuitatium
1441 4189 1690 4246 SNV¹U
1812 4192 1876 4244 15
1916 4189 2088 4258 elegii:
2131 4188 2182 4243 V
2308 4190 2373 4242 16
2415 4191 2472 4242 et
2507 4204 2623 4256 exp.
2673 4184 2722 4237 V

435 4283 765 4337 ministr-anit
792 4281 903 4336 PU
910 4282 921 4314 ¹
1009 4282 1073 4334 17
1113 4280 1317 4335 domini
1353 4297 1456 4335 om.
1506 4281 1558 4335 V
1627 4280 1693 4334 18
1731 4279 1827 4351 ibi]
1865 4280 1968 4333 tibi
2017 4279 2124 4333 UT
2196 4279 2260 4332 19
2298 4276 2716 4360 uendentionem

434 4373 490 4426 P
524 4371 925 4425 uendintionem
974 4371 1041 4425 V¹
1151 4372 1220 4424 25
1256 4369 1383 4424 illae
1420 4368 1767 4424 PSNUde
1872 4369 1942 4422 29
1977 4367 2294 4438 parentibus
2333 4367 2449 4419 eius
2485 4364 2552 4418 N
