3076 4976
444 480 573 544 618
1145 475 1196 529 S.
1256 474 1529 527 Aureli
1587 473 2033 543 Augustini

443 672 709 736 uiride
759 670 1117 753 quaerit:
1171 690 1352 734 omne
1402 669 1878 751 sempiternum.
1930 670 2154 733 uolet
2192 672 2450 733 autem
2490 688 2741 732 mone·

446 799 670 851 ceros
722 776 1039 842 seruire
1087 776 1296 840 tibi?
1345 776 1656 858 superbus
1707 776 2015 859 dignitate
2063 775 2253 840 huius
2293 777 2555 848 saeculi,
2596 777 2743 859 quia

446 889 510 949 et
553 884 715 948 tales
766 881 1143 965 subiugauit
1192 881 1488 947 Christus
1540 885 1602 945 et
1648 881 1975 945 ministros
2026 877 2333 945 ecclesiae
2372 882 2737 955 constituit3

446 994 791 1077 μονόκερως
840 990 1006 1054 enim
1057 989 1379 1053 unicornis
1429 992 1547 1065 est,
1599 988 1766 1070 quod
1815 988 2177 1072 superbiam
2226 989 2565 1072 significat.
2606 992 2743 1051 aut

446 1097 795 1162 dormire
881 1115 1124 1177 super
1204 1114 1596 1178 praesepe
1679 1101 1949 1159 tuum?
2036 1096 2205 1159 sicut
2288 1114 2479 1177 super
2561 1095 2737 1158 illius
2804 1117 2825 1155 ε

444 1204 894 1279 humilitatem,
945 1202 1053 1285 qui
1102 1202 1292 1266 etiam
1340 1203 1403 1265 in
1453 1202 1742 1284 praesepi
1790 1206 1887 1266 est
1936 1202 2139 1266 infans
2190 1202 2461 1285 posituS‚
2500 1202 2744 1283 requie-

445 1311 646 1375 scitur
676 1310 1016 1374 securitate
1047 1310 1270 1373 ueniae
1299 1311 1703 1392 peccatorum
1748 1311 1811 1372 et
1849 1309 2170 1374 obliuione
2210 1327 2503 1373 curarum
2541 1308 2742 1371 malae

447 1417 888 1483 conscientiae.
923 1420 999 1480 et
1038 1415 1439 1500 alligabit
1476 1416 1551 1479 in
1591 1416 1795 1479 loris
1837 1415 2110 1502 iugum
2151 1419 2426 1479 suurn?
2465 1415 2741 1498 iugum

444 1525 588 1588 leue
647 1527 903 1607 portans
954 1522 1288 1606 alligatum
1333 1522 1507 1600 lor-ia,
1559 1522 1681 1586 hoc
1730 1525 1828 1586 est
1874 1522 1937 1586 in
1987 1521 2477 1586 auctoritatibus
2527 1540 2741 1585 eorum

447 1631 557 1712 qui
588 1649 838 1694 carnem
874 1629 1418 1693 mortificauerunt
1457 1633 1648 1709 atque
1689 1628 2089 1693 domuerunt.
2130 1628 2295 1692 unde
2335 1631 2400 1692 et
2433 1628 2741 1693 Iohannes
2774 1653 2821 1691 ιο

447 1758 601 1801 zona
635 1737 902 1820 pellicea
941 1735 1325 1819 cingebatur,
1368 1753 1489 1800 non
1531 1735 1772 1817 asperis
1812 1736 2092 1800 restibus
2130 1741 2557 1818 peccatorum.
2607 1738 2743 1798 aut

448 1843 692 1907 ducet
763 1842 921 1906 tibi
996 1841 1275 1906 sulcos
1352 1841 1428 1905 in
1504 1844 1828 1923 campo?
1906 1841 2147 1922 aperiet
2218 1844 2476 1922 pectora
2539 1839 2739 1923 plebis

449 1949 843 2015 oboedientis
901 1948 979 2012 ad
1045 1948 1457 2012 obtinendum
1522 1967 1790 2032 regnum
1859 1948 1980 2012 dei.
2051 1947 2408 2012 confidis
2476 1951 2740 2010 autem

448 2058 517 2121 in
569 2075 691 2134 eo,
741 2055 927 2137 quia
972 2057 1284 2119 mutata
1332 2059 1456 2119 est
1503 2055 1777 2119 uirtus
1828 2055 2053 2121 eius?
2102 2058 2175 2118 ut
2221 2074 2341 2118 non
2390 2053 2740 2117 uanitatem

448 2165 759 2228 humanae
833 2162 1042 2227 laudis
1119 2165 1183 2226 et
1255 2162 1510 2226 honoris
1587 2162 1775 2226 etiam
1851 2162 1914 2225 in
2002 2161 2307 2226 ecclesiae
2389 2160 2737 2225 ministerio
2774 2184 2819 2223 ιε»

448 2271 748 2352 requirat,
826 2270 996 2334 sicut
1065 2269 1427 2350 requirebat
1498 2269 1560 2331 in
1639 2269 1912 2332 saecu10.
1994 2272 2130 2332 aut
2214 2267 2587 2331 dimittes
2671 2265 2731 2328 ei

451 2397 685 2459 opera
742 2379 923 2441 tua?
982 2376 1152 2440 sicut
1204 2374 1332 2452 ille,
1389 2394 1501 2456 pro
1553 2394 1677 2457 quo
1728 2394 1795 2438 se
1844 2374 2001 2438 dicit
2047 2374 2376 2456 apostolus
2421 2373 2738 2457 legatione

450 2483 649 2568 fungi,
698 2483 1031 2548 exhortans
1077 2503 1189 2564 pro
1241 2482 1493 2548 Christo
1542 2481 1935 2546 reconciliari
1984 2480 2122 2546 deo.
2172 2483 2250 2546 et
2296 2480 2576 2545 credes
2635 2478 2735 2552 ei,

452 2591 640 2672 quia
695 2590 983 2654 reddet
1036 2589 1194 2653 tibi
1243 2591 1728 2653 sementem?
1778 2588 1939 2651 nihil
1986 2607 2059 2652 ex
2105 2607 2177 2652 eo
2227 2607 2341 2652 suo
2391 2585 2737 2652 dominatui

450 2697 832 2772 uindicabit;
902 2700 1248 2761 sementem
1317 2696 1551 2778 quippe
1617 2695 1773 2759 dicit
1839 2714 1997 2777 opus
2071 2694 2439 2759 seminandi.
2517 2698 2592 2757 et
2664 2692 2736 2756 in
2771 2728 2819 2767 ,ο

452 2822 710 2867 aream
794 2809 1010 2866 tuam
1085 2802 1437 2866 inferet?
1511 2806 1586 2865 ut
1660 2802 1745 2865 sit
1817 2802 1981 2865 inter
2052 2802 2219 2875 illos,
2297 2800 2529 2882 quibus
2604 2801 2738 2882 ipse

448 2908 739 2973 dominus
812 2909 1119 2991 praecipit
1196 2908 1543 2992 rogandum
1630 2910 1954 2973 dominum
2037 2909 2289 2983 messiS,
2373 2911 2449 2971 ut
2528 2906 2741 2970 mittat

443 3015 760 3095 operarios
816 3015 877 3077 in
933 3034 1208 3078 messem
1266 3034 1467 3090 suam,
1525 3035 1646 3079 non
1706 3019 1921 3079 autem
1978 3018 2051 3079 ut
2117 3015 2240 3079 sibi
2304 3014 2468 3078 uelit
2531 3032 2737 3077 aream

443 3122 669 3196 facere,
719 3122 889 3185 sicut
935 3121 1228 3204 princeps
1277 3123 1612 3186 haeresum
1662 3126 1725 3186 et
1772 3122 2191 3186 schismatum
2241 3126 2307 3185 et
2353 3120 2736 3203 quicumque

355 3255 358 3258 >
443 3246 563 3291 non
623 3227 723 3291 dei
779 3228 1046 3311 gloriam
1106 3231 1431 3309 quaerunt,
1491 3228 1606 3293 sed
1661 3248 1863 3292 suam.
1924 3227 2372 3292 difficillimum
2424 3229 2524 3290 est
2571 3226 2737 3290 enim
2772 3260 2821 3301 2⁵

441 3336 516 3395 ut
580 3333 741 3396 uelit
801 3331 924 3397 iste
990 3351 1376 3409 monocerOS,
1445 3332 1558 3396 sed
1622 3336 1831 3396 tamen
1901 3336 1966 3397 et
2028 3332 2147 3397 hoe
2211 3335 2492 3415 praestat
2549 3338 2735 3416 atque

444 3439 640 3503 efficit
702 3439 765 3502 in
831 3439 1104 3504 hominis
1183 3439 1411 3516 animo,
1490 3438 1625 3520 qui
1702 3439 1908 3502 facit
1980 3439 2396 3503 mirabilia
2471 3441 2733 3515 soluS,

625 3648 648 3700 1
690 3647 789 3701 Iob
829 3648 915 3709 39,
954 3648 987 3701 9
1139 3647 1193 3709 ⁷4
1229 3646 1326 3700 Iob
1366 3646 1452 3705 39.
1492 3649 1523 3700 9
1700 3650 1731 3701 6
1772 3647 1838 3703 cs.
1878 3647 2006 3701 Luc.
2046 3649 2097 3711 2,
2139 3650 2169 3701 7
2334 3648 2367 3701 8
2404 3647 2502 3702 Iob
2542 3648 2627 3709 39,
2671 3646 2735 3700 10

446 3736 511 3790 10
552 3735 616 3789 cf.
653 3736 850 3790 Matth.
890 3737 939 3798 3,
978 3737 1013 3789 4
1148 3737 1208 3789 11
1250 3736 1347 3789 Iob
1386 3736 1472 3799 39,
1516 3737 1583 3790 10
1731 3739 1795 3791 13
1834 3737 1930 3790 Iob
1971 3738 2058 3800 39,
2100 3739 2161 3791 11
2302 3737 2367 3791 16
2405 3735 2501 3789 Iob
2542 3738 2626 3799 39,
2669 3738 2730 3791 11

447 3826 512 3879 18
551 3824 616 3879 cf.
655 3824 712 3878 II
751 3823 868 3879 Cor.
907 3825 957 3887 ὃ,
998 3825 1067 3878 20
1211 3825 1307 3878 Iob
1347 3826 1432 3890 39,
1477 3826 1541 3878 12
1652 3827 1720 3879 20
1759 3826 1855 3879 101)
1896 3826 1982 3889 39,
2026 3827 2090 3879 12
2201 3826 2264 3879 21
2311 3825 2375 3880 cf.
2415 3825 2546 3879 Luc.
2589 3826 2672 3887 10,
2698 3826 2731 3878 2

443 3915 510 3967 27
548 3914 637 3968 Ps.
677 3914 761 3978 71,
802 3914 868 3967 18

519 4038 542 4090 1
588 4036 781 4107 uiride]
822 4037 1005 4091 uidere
1054 4036 1206 4090 TPC
1379 4040 1729 4092 monocheros
1777 4040 1930 4093 TPC
2086 4040 2118 4092 8
2159 4040 2237 4108 et]
2276 4044 2338 4092 ut
2381 4038 2429 4092 0
2461 4043 2557 4092 aut
2593 4038 2734 4092 Hier

444 4125 696 4194 alligabis
732 4126 878 4179 Hier
948 4128 979 4179 9
1018 4126 1138 4179 lene
1179 4125 1216 4178 d
1292 4127 1357 4180 10
1397 4125 1732 4182 dormierunt
1774 4127 1821 4181 0
1926 4132 1983 4181 et
2018 4144 2119 4182 om.
2166 4128 2214 4183 G
2285 4129 2344 4181 11
2386 4128 2604 4197 pellicia
2638 4126 2736 4180 ΤΡ

441 4215 688 4267 uestibus
714 4214 760 4268 Ο
865 4218 959 4268 aut
987 4215 1168 4283 ducet]
1200 4213 1434 4268 adducet
1469 4215 1622 4269 TPC
1692 4218 1757 4270 18
1787 4217 1865 4285 et]
1894 4221 1987 4271 aut
2014 4217 2157 4271 Hier
2232 4218 2297 4271 19
2326 4216 2607 4269 dominatu
2633 4215 2736 4269 PC

444 4304 513 4355 20
550 4302 866 4356 nendicabit
903 4304 933 4356 b
1019 4304 1088 4356 24
1125 4303 1391 4356 haeresim
1435 4303 1779 4370 (haeresunP)
1828 4305 1874 4358 0
1952 4307 2048 4359 alt.
2090 4307 2166 4375 et]
2207 4306 2263 4359 id
2302 4308 2385 4359 est
2422 4305 2467 4359 C
2538 4306 2605 4359 25
2646 4303 2732 4357 dei

445 4406 546 4443 om.
593 4390 638 4443 C
741 4391 810 4444 26
849 4393 905 4443 ct
941 4406 1043 4444 om,
1090 4389 1137 4443 C
1277 4392 1461 4460 atque]
1501 4397 1558 4446 et
1599 4394 1678 4446 Cb
1787 4394 1853 4446 27
1894 4394 2075 4447 deficit
2113 4394 2143 4447 b
