3076 4976
324 1636 372 1674 10

326 2173 376 2210 15

322 2706 375 2744 20

754 458 1236 525 Quaestionum
1277 460 1386 513 lib.
1426 460 1509 513 111
1551 458 1846 526 (Quaest.
1888 460 1962 513 de
2000 461 2359 527 Leuitico).
2580 464 2708 525 253

412 675 593 719 omne
643 676 801 739 opus
850 656 1071 738 utique
1119 655 1281 719 illud
1322 675 1500 738 opuS,
1544 656 1646 721 cui
1686 657 1809 720 tale
1850 656 2089 737 aliquid
2126 656 2552 720 necessarium
2592 660 2709 720 est.

410 761 573 825 unde
622 762 925 825 remansit
972 763 1279 844 quaestio,
1331 763 1481 844 quid
1530 763 1641 826 fiat
1699 763 1772 827 de
1830 763 2011 845 adipe
2070 766 2419 827 ceterorum
2478 762 2711 826 anima-

409 867 590 944 lium,
633 888 793 951 quae
843 869 1077 933 munda
1124 874 1276 933 sunt
1324 870 1396 934 ad
1449 870 1860 934 uescendum.
1911 870 2022 933 sed
2071 889 2216 933 cum
2264 870 2417 933 dicit
2462 887 2708 933 omnem

412 974 686 1038 animam
733 976 937 1056 perire
988 974 1062 1038 de
1111 976 1347 1058 populo
1398 996 1533 1050 suo,
1585 977 1692 1058 qui
1742 977 1938 1040 ederit
1986 976 2236 1058 adipem
2276 996 2490 1039 eorum
2528 994 2711 1057 peco-

410 1100 572 1158 rum,
623 1101 693 1145 ex
742 1081 973 1163 quibus
1014 1081 1266 1148 domino
1308 1084 1587 1161 offertur,
1628 1084 1881 1147 uidetur
1918 1082 2209 1147 definisse
2249 1083 2425 1146 illam
2464 1087 2711 1146 tantum

413 1188 659 1271 adipem
709 1188 784 1251 de
831 1188 1167 1271 pecoribus
1214 1190 1466 1254 mundis
1516 1190 1897 1274 prohibitam
1937 1190 2323 1267 manducari,
2364 1209 2435 1252 ex
2475 1189 2709 1270 quibus

410 1294 789 1359 sacrificium
847 1296 938 1377 fit,
1000 1298 1290 1377 quamuis
1361 1296 1632 1361 Iudaeos
1699 1297 2087 1360 audierimus
2150 1296 2391 1359 nullam
2459 1296 2710 1359 omnino

410 1400 659 1482 adipem
717 1401 778 1465 in
842 1421 1048 1465 eseam
1112 1422 1382 1467 sumere.
1469 1403 1579 1467 sed
1639 1403 1791 1484 quid
1850 1402 2159 1484 scriptura
2224 1402 2520 1479 uoluerit,
2587 1421 2709 1465 non

411 1507 564 1588 quid
609 1507 705 1571 illi
755 1508 993 1589 opinati
1044 1509 1276 1573 suerint
1333 1510 1799 1592 requirendum.
1878 1509 2145 1590 denique
2204 1528 2322 1573 non
2382 1509 2712 1572 inueniunt

411 1614 561 1694 quid
619 1618 787 1678 recte
846 1616 921 1679 de
983 1615 1164 1698 adipe
1223 1616 1475 1693 faciant,
1535 1616 1700 1680 unde
1759 1636 1825 1679 se
1886 1616 2223 1691 abstineut,
2284 1619 2345 1678 et
2395 1615 2708 1696 quomodo

410 1740 549 1784 eam
596 1722 925 1803 proiciant,
979 1742 1122 1786 cum
1173 1723 1415 1787 dictum
1465 1724 1582 1787 sit:
1653 1724 1907 1787 omnis
1959 1723 2202 1803 adeps
2252 1722 2604 1799 domine,
2655 1723 2709 1785 si

409 1846 530 1891 non
579 1828 827 1909 adipem
877 1829 1326 1915 sacrificiorum
1377 1834 1623 1894 tantum
1676 1829 1786 1893 sed
1836 1830 2027 1893 etiam
2076 1848 2292 1891 eorum
2342 1828 2710 1892 animalium

410 1933 484 1996 de
541 1935 773 2015 quibus
831 1954 952 2000 non
1012 1936 1400 2001 sacrificatur
1457 1937 1751 2018 quamuis
1818 1935 2264 1999 inmundorum
2322 1934 2423 1997 hic
2480 1935 2711 2000 uolunt

410 2031 724 2125 intellegi.

497 2148 699 2214 XXII.
768 2149 937 2229 Quid
1002 2150 1124 2213 sibi
1181 2151 1325 2214 uult
1372 2150 1542 2232 quod
1591 2150 1664 2213 de
1724 2150 2049 2214 sacrificiis
2119 2149 2413 2213 salutaris
2476 2149 2708 2212 iterum

411 2256 706 2320 admonet
752 2260 815 2320 et
864 2256 1020 2320 dicit
1067 2276 1211 2320 eum
1261 2257 1364 2339 qui
1416 2259 1598 2321 offert
1646 2257 1877 2321 donum
1929 2256 2218 2320 sacrificii
2266 2255 2559 2319 salutan's
2609 2254 2708 2318 sui

411 2363 855 2447 pectusculum
904 2368 967 2427 et
1013 2364 1342 2428 brachium
1391 2364 1830 2428 sacerdotibus
1873 2364 2017 2426 dare
2060 2362 2304 2435 debere,
2342 2362 2435 2425 ita
2474 2365 2706 2437 tamen,

412 2475 483 2535 ut
549 2470 740 2552 adeps
805 2471 1165 2553 pectusculi
1231 2471 1528 2535 offeratur
1595 2470 1845 2535 domino
1917 2490 2060 2534 cum
2132 2469 2323 2551 pinna
2385 2468 2735 2545 iocineriS,

412 2598 556 2642 cum
604 2579 895 2661 superius
944 2578 1208 2659 loquens
1258 2577 1332 2640 de
1381 2577 1704 2641 sacrificiis
1756 2579 2049 2642 salutaris
2105 2578 2355 2659 pinnam
2411 2576 2702 2640 iocineris

412 2704 557 2748 cum
605 2685 786 2767 adipe
835 2685 1072 2748 uentris
1125 2688 1187 2748 et
1233 2704 1452 2748 renum
1495 2689 1557 2748 et
1595 2685 1955 2749 lumborum
1996 2685 2198 2748 offerri
2240 2683 2492 2746 domino
2529 2702 2703 2764 prae-

413 2792 674 2874 ceperit,
743 2792 1012 2855 tacuerit
1078 2794 1293 2854 autem
1360 2791 1435 2854 de
1502 2790 1684 2873 adipe
1750 2791 2146 2874 pectusculi?
2232 2809 2305 2852 an
2383 2789 2550 2872 quod
2614 2789 2697 2851 ibi

409 2898 852 2982 praetermisit,
902 2898 1004 2960 hic
1054 2900 1545 2961 commemorat-⁶?
1614 2916 1805 2979 quare
1855 2917 2000 2979 ergo
2052 2897 2125 2960 de
2174 2897 2363 2978 pinna
2410 2895 2702 2959 iocineris

411 3009 475 3070 et
537 3006 625 3069 ibi
696 3009 759 3069 et
823 3004 966 3068 hic?
1053 3024 1127 3067 an
1194 3005 1354 3067 forte
1421 3003 1659 3084 aliquid
1724 3004 1986 3067 interest
2052 3003 2220 3085 quod
2276 3003 2567 3085 superius
2625 3001 2700 3065 de

412 3112 717 3176 sacrificio
768 3112 1064 3175 salutaris
1114 3110 1438 3192 praecipit,
1479 3110 1582 3173 hic
1632 3113 1841 3174 autem
1891 3110 2066 3173 addit
2120 3110 2337 3185 „sui“,
2378 3112 2701 3189 tamquam

413 3220 582 3284 aliud
633 3220 718 3283 sit
764 3219 1080 3293 salutariS,
1133 3217 1303 3281 aliud
1351 3217 1646 3281 salutaris
1696 3217 1838 3281 sui?

501 3327 733 3390 XXIII.
813 3325 972 3392 Cum
1040 3324 1346 3388 sacrificia
1412 3344 1522 3407 pro
1588 3325 1866 3406 peccatis
1923 3325 2097 3405 prius
2160 3327 2700 3398 commemoraret,

411 3433 687 3496 uitulum
737 3431 892 3495 dixit
938 3430 1326 3495 offerendum
1372 3451 1482 3513 pro
1540 3434 1800 3511 peccato
1859 3431 2223 3508 ποθι-(10113,
2283 3430 2389 3511 qui
2444 3429 2703 3492 fecisset

413 3539 716 3619 populum
783 3558 1069 3621 peccare:
1146 3541 1372 3620 postea
1446 3538 1638 3601 etiam
1712 3538 1959 3618 quando
2026 3537 2303 3601 narrauit
2366 3536 2698 3620 scriptura,

592 3731 658 3783 15
697 3730 760 3784 cf.
800 3731 930 3784 Leu.
972 3732 1020 3792 7,
1066 3730 1270 3784 19-21
1313 3730 1570 3799 (29—31)
1712 3730 1776 3782 18
1816 3729 1880 3782 cf.
1920 3729 2049 3784 Leu.
2091 3731 2142 3792 4,
2181 3729 2212 3780 9
2354 3730 2419 3781 27
2462 3728 2527 3782 cf.
2567 3727 2697 3780 Leu.

411 3820 461 3882 4,
499 3820 639 3873 3—-7

481 3944 514 3995 2
553 3943 648 3996 fiet
694 3943 747 3995 V
878 3945 909 3997 3
949 3943 1206 3996 inmunda
1245 3942 1345 3997 SV
1380 3942 1636 3996 “munda
1671 3943 1726 3995 P
1868 3943 1980 3994 sint
2018 3942 2063 3995 S
2184 3945 2216 3995 5
2255 3941 2404 3993 illum
2445 3939 2704 3992 PSV2³bd

409 4031 441 4082 6
478 4030 756 4099 prohibitu
794 4029 994 4084 SV²bd
1138 4031 1168 4082 7
1206 4031 1270 4083 fit
1305 4029 1621 4082 sacrificium
1660 4027 2010 4082 PSNVde
2172 4028 2380 4081 nullum
2418 4027 2704 4080 PSVde

410 4119 441 4170 9
482 4118 622 4188 quod
661 4118 875 4172 PSVT
1020 4120 1079 4172 11
1124 4135 1243 4171 cum
1283 4117 1458 4172 SVbd
1674 4134 1857 4170 omnes
1901 4117 1949 4170 G
2109 4117 2173 4170 13
2212 4115 2610 4178 immundorum
2656 4115 2704 4168 T

412 4208 585 4260 uoluit
632 4207 682 4260 V
789 4210 853 4262 15
894 4208 1060 4277 quod]
1105 4224 1207 4277 que
1246 4206 1372 4261 SV¹
1484 4208 1549 4260 16
1589 4206 1823 4259 dicetN
1929 4206 1993 4259 18
2036 4209 2107 4270 (et
2136 4207 2221 4260 19.
2250 4206 2339 4272 22)
2382 4204 2631 4258 iecineris
2659 4204 2704 4256 S

411 4297 654 4350 iecinoris
692 4296 767 4349 bd
898 4297 967 4350 20
1006 4297 1220 4365 adipem
1257 4296 1324 4348 N
1478 4295 1847 4348 columborum
1884 4295 1950 4348 N
2075 4294 2143 4346 24
2182 4293 2458 4362 praecepit
2491 4291 2705 4346 PVST

409 4385 621 4439 addidit
658 4385 756 4439 ΡΒ
767 4385 868 4438 VT
975 4387 1040 4439 27
1079 4385 1300 4438 fecisset
1337 4388 1394 4437 et
1431 4383 1549 4446 ΕΝ,
1591 4385 1668 4452 (et
1706 4389 1868 4451 erae.)
1908 4383 1962 4435 P
2069 4383 2136 4435 28
2176 4380 2419 4435 narrabit
2453 4381 2516 4436 N
