3076 4976
229 1189 255 1226 5

207 1722 258 1761 10

204 2256 257 2296 15

202 2793 259 2832 20

626 540 1104 607 Quaestionum
1145 539 1253 594 lib.
1292 539 1397 593 vu
1442 538 1730 606 (Quaest.
1771 537 1846 592 de
1882 538 2274 606 Iudicibus).
2460 542 2589 606 505

293 736 527 800 nobis
594 739 816 813 haec,
885 739 1100 801 utrum
1165 735 1378 818 ipsum
1444 736 1741 819 angelum
1809 735 2207 801 crediderunt
2270 734 2593 817 accepisse

295 842 702 920 sacrificium,
762 843 911 925 quia
964 842 1266 906 uiderunt
1320 861 1465 906 eum
1511 841 1576 906 in
1625 842 1843 907 altaris
1889 843 2142 907 flamma
2190 841 2468 920 stetisse,
2518 860 2594 904 an

292 968 406 1031 per
477 949 598 1014 hoc
672 949 1121 1014 intellexerunt
1194 949 1516 1033 accepisse
1592 949 1949 1027 dominum,
2027 949 2174 1031 quia
2244 948 2367 1013 boc
2441 948 2597 1012 fecit

294 1056 580 1139 angelus,
640 1060 711 1120 ut
768 1076 835 1122 se
893 1055 1255 1121 ostenderet
1310 1056 1656 1139 angelum?
1732 1057 2063 1138 quodlibet
2109 1059 2322 1120 autem
2368 1056 2596 1120 horum

294 1162 401 1239 sit,
439 1163 567 1226 iam
604 1165 813 1228 tamen
854 1164 1122 1246 angelus
1163 1163 1434 1227 dixerat:
1485 1163 1553 1227 si
1603 1166 1869 1228 autem
1917 1164 2127 1228 facis
2165 1163 2594 1228 holocaus-

294 1273 497 1348 tum,
583 1269 900 1335 domino
987 1268 1293 1334 offeres
1378 1269 1629 1347 illud,
1698 1270 1818 1334 hoc
1884 1273 1984 1335 est
2048 1290 2168 1335 non
2233 1267 2422 1347 mihi,
2482 1265 2593 1332 sed

296 1375 570 1441 domino.
647 1377 818 1459 quod
884 1395 1032 1460 ergo
1102 1375 1287 1440 stetit
1341 1377 1609 1459 angelus
1664 1376 1728 1440 in
1786 1377 2002 1442 altaris
2058 1377 2333 1455 flamma,
2388 1372 2594 1457 magis

296 1481 690 1566 significasse
755 1481 1226 1565 intellegendus
1287 1485 1387 1546 est
1449 1481 1636 1546 illum
1704 1482 1918 1566 magni
1983 1482 2232 1547 consilii
2297 1481 2594 1566 angelum

295 1590 357 1653 in
415 1589 618 1654 forma
674 1589 865 1667 serui,
924 1588 1044 1653 hoc
1100 1591 1200 1653 est
1252 1589 1317 1654 in
1384 1588 1661 1666 homine,
1727 1608 1914 1672 quem
1981 1592 2398 1670 suscepturus
2466 1591 2599 1651 erat

299 1714 420 1760 non
487 1699 898 1778 accepturum
965 1694 1347 1760 sacrificium
1409 1694 1521 1760 sed
1575 1695 1789 1778 ipsum
1847 1695 2228 1760 sacrificium
2286 1694 2595 1759 futurum.

387 1801 515 1866 LV.
558 1801 724 1882 Quid
765 1805 866 1867 est
901 1802 1070 1885 quod
1109 1802 1352 1866 dictum
1391 1805 1511 1878 est,
1544 1801 1714 1884 quod
1753 1801 2175 1885 percussit
2210 1801 2596 1884 alienigenas

299 1908 565 1976 Samson
638 1910 925 1975 tibiam
994 1928 1237 1993 super
1301 1909 1606 1973 femur?
1684 1909 1827 1990 quis
1895 1908 2058 1973 enim
2124 1908 2319 1972 habet
2372 1907 2595 1971 tibiam

299 2035 491 2098 super
544 2017 769 2093 femur,
829 2035 974 2080 cum
1031 2016 1193 2080 tibia
1248 2015 1545 2080 deorsum
1601 2035 1828 2081 uersus
1876 2035 1997 2081 non
2047 2015 2134 2080 sit
2178 2014 2300 2078 nisi
2347 2032 2383 2077 a
2429 2032 2595 2098 genu

295 2142 501 2206 usque
558 2123 638 2187 ad
692 2124 944 2188 talum?
1019 2122 1243 2187 deinde
1302 2122 1357 2188 si
1410 2123 1627 2188 locum
1685 2123 1962 2206 corporis
2021 2121 2428 2206 significaret,
2485 2119 2596 2182 ubi

300 2248 408 2293 eos
466 2229 847 2306 uulnerauit,
907 2228 1359 2312 numquidnam
1419 2247 1660 2307 omneS,
1729 2249 1888 2311 quos
1953 2229 2291 2312 percussit,
2347 2227 2410 2291 in
2469 2245 2596 2289 uno

298 2335 579 2419 corporis
625 2337 766 2401 loco
816 2337 1066 2401 fuerant
1113 2335 1478 2400 uulnerati?
1546 2335 1715 2417 quod
1764 2335 1819 2400 si
1868 2338 2041 2400 esset
2086 2334 2409 2411 credibile,
2458 2352 2600 2415 pos·

299 2461 513 2507 semus
562 2441 826 2509 forsitan
877 2441 1186 2527 suspicari
1240 2461 1383 2508 eum
1432 2461 1754 2527 pugnasse
1804 2443 1962 2508 tibia
1999 2442 2269 2508 alicuius
2309 2438 2598 2506 animalis

297 2555 626 2632 tamquam
671 2550 842 2614 fuste
891 2552 957 2613 et
1003 2568 1077 2613 ea
1122 2549 1267 2613 illos
1318 2568 1511 2632 super
1556 2549 1764 2613 femur
1816 2549 2244 2633 percussisse;
2303 2546 2472 2611 sicut
2518 2545 2594 2609 de

297 2657 407 2721 illo
448 2657 757 2739 scriptum
796 2659 914 2734 est,
955 2657 1125 2739 quod
1163 2656 1420 2721 maxilla
1457 2655 1619 2720 asini
1657 2656 1832 2720 mille
1872 2655 2192 2722 occiderit.
2242 2655 2353 2719 sed
2389 2672 2593 2736 neque

297 2762 478 2840 illud,
529 2766 602 2826 ut
639 2762 785 2840 dixi,
828 2762 1129 2827 credibile
1169 2765 1286 2840 est,
1328 2762 1496 2845 quod
1532 2781 1824 2847 pugnans
1863 2783 2060 2827 unum
2096 2765 2342 2826 tantum
2377 2761 2594 2825 locum

300 2870 739 2934 obseruauerit
793 2868 906 2933 ubi
963 2888 1071 2933 eos
1127 2872 1515 2952 percuteret:
1587 2873 1650 2934 et
1715 2889 1836 2934 non
1895 2870 1985 2934 ait
2049 2869 2391 2951 scriptura:
2459 2885 2594 2949 per-

300 2976 507 3040 cussit
562 2994 669 3040 eos
726 2974 887 3040 tibia
950 2994 1141 3059 super
1202 2975 1426 3053 femur,
1485 2976 1598 3040 sed
1661 2975 1951 3040 tibiam
2017 2994 2256 3058 super
2317 2975 2592 3038 femur.

300 3082 594 3146 nimirum
659 3100 807 3166 ergo
865 3080 1173 3146 inusitata
1228 3082 1468 3147 locutio
1526 3081 1681 3147 facit
1735 3082 2208 3147 obscuritatem.
2282 3081 2372 3145 ita
2427 3080 2592 3144 enim

299 3188 545 3253 dictum
597 3191 715 3265 est,
776 3206 848 3251 ac
906 3188 959 3252 si
1020 3188 1363 3253 diceretur:
1420 3190 1740 3272 percussit
1794 3207 1902 3253 eos
1958 3188 2144 3252 ualde
2200 3186 2594 3259 mirabiliter,

205 3326 262 3365 25
299 3295 363 3360 id
413 3298 532 3372 est,
581 3298 655 3359 ut
701 3294 1065 3359 admirando
1117 3298 1449 3377 stupentes
1501 3296 1723 3360 tibiam
1773 3314 1964 3377 super
2008 3296 2214 3359 femur
2257 3296 2593 3378 ponerent:

206 3865 260 3903 30

298 3401 523 3465 tibiam
573 3400 821 3466 scilicet
867 3401 1055 3465 unius
1102 3402 1283 3486 pedis
1330 3421 1523 3484 super
1568 3404 1773 3467 femur
1827 3401 2110 3479 alterius,
2169 3401 2338 3466 sicut
2391 3401 2599 3464 solent

300 3509 539 3585 sedere,
590 3507 697 3590 qui
745 3507 1027 3572 mirando
1079 3512 1356 3590 stupent.
1415 3511 1737 3591 tamquam
1788 3508 1843 3573 si
1888 3509 2233 3574 diceretur:
2281 3506 2599 3590 percussit

298 3634 410 3680 eos
468 3634 726 3679 manum
787 3615 865 3679 ad
922 3615 1265 3693 maxillam,
1324 3616 1388 3679 id
1446 3620 1546 3680 est
1600 3619 1778 3681 tanta
1832 3616 2042 3695 caede,
2089 3618 2166 3679 ut
2209 3633 2467 3678 manum
2516 3613 2593 3676 ad

298 3722 618 3786 maxillam
695 3722 863 3785 tristi
937 3722 1349 3788 admiratione
1411 3726 1738 3805 ponerent.
1821 3723 1986 3786 hunc
2053 3741 2307 3787 sensum
2372 3721 2462 3784 ita
2526 3737 2593 3782 se

298 3828 534 3893 habere
582 3828 772 3893 etiam
822 3828 1279 3911 interpretatiO,
1320 3848 1480 3911 quae
1530 3833 1631 3893 est
1677 3849 1746 3893 ex
1793 3830 2082 3905 hebraee,
2133 3827 2290 3891 satis
2338 3826 2591 3899 edocet:

477 4106 510 4160 5
547 4105 665 4160 Iud.
710 4105 792 4170 13,
834 4106 901 4160 16
1011 4106 1043 4159 8
1084 4105 1149 4159 cf.
1189 4106 1277 4159 Es.
1318 4107 1367 4170 9,
1406 4107 1441 4160 6
1557 4107 1613 4159 11
1659 4104 1775 4158 Iud.
1820 4107 1901 4169 15,
1940 4104 1973 4158 8

376 4282 399 4335 1
457 4280 592 4335 haec
638 4296 741 4335 om.
780 4280 828 4335 S
967 4282 999 4335 6
1057 4280 1188 4334 offer
1223 4281 1512 4335 PSVde
1659 4281 1724 4334 12
1780 4296 1957 4332 samso
2004 4278 2181 4333 PSV¹
2362 4278 2502 4332 tibia
2548 4279 2598 4331 T

302 4369 473 4423 femus
514 4370 621 4437 (ita
658 4375 707 4423 et
743 4370 805 4423 in
831 4376 1067 4440 sequent.
1098 4376 1258 4436 uers.)
1289 4370 1351 4424 N
1491 4369 1660 4424 habet
1688 4370 1829 4423 enim
1860 4370 1907 4424 S
2016 4371 2078 4423 15
2118 4369 2506 4439 numquinnam
2534 4368 2596 4421 N

305 4459 369 4511 16
407 4459 585 4512 fuerat
618 4458 841 4512 PSNV
1010 4459 1392 4513 uulneraturus
1430 4458 1673 4512 PS²NV
1836 4475 1953 4511 esse
1992 4459 2054 4512 N
2212 4458 2497 4512 credibiles
2533 4457 2599 4510 N
