3076 4976
401 472 526 535 174
1105 470 1155 524 S.
1213 470 1489 525 Aureli
1547 469 1985 540 Augustini

397 665 588 730 uitas.
667 684 1099 730 successorem
1157 668 1373 731 autem
1418 667 1624 730 Aaron
1676 684 1821 729 eum
1879 665 2054 741 dicit,
2115 663 2248 745 qui
2304 663 2560 728 intrat
2614 662 2690 726 in

399 774 1029 838 tabernaculum
1069 772 1537 837 testimonii
1580 772 2000 836 deseruire
2048 771 2121 835 in
2172 770 2506 848 sanctiS‚
2547 789 2693 834 eum

401 878 647 943 scilicet
693 878 1079 962 significans,
1130 879 1237 961 qui
1286 898 1406 943 non
1453 881 1704 960 poterat
1750 897 1891 942 esse
1928 877 2050 941 nisi
2086 896 2275 953 unus,
2313 896 2435 941 non
2475 876 2695 959 quales

400 987 576 1049 erant
622 988 685 1049 et
729 983 846 1047 filii
884 985 1090 1049 Aaron
1140 1004 1284 1048 cum
1331 984 1483 1048 uiuo
1531 987 1708 1065 patre
1758 1002 1895 1060 suo,
1945 982 2059 1046 sed
2105 981 2315 1063 qualis
2365 1001 2699 1047 successor

399 1092 606 1174 ipsius
653 1091 883 1155 Aaron.
943 1090 1260 1172 quomodo
1312 1110 1458 1175 ergo
1508 1091 1833 1175 proprium
1881 1090 2037 1154 dicit
2082 1090 2275 1154 huius
2320 1090 2511 1154 unius
2558 1107 2697 1154 esse
2760 1112 2788 1152 5

410 1197 680 1275 „intrare
745 1196 820 1260 in
888 1196 1514 1262 tabernaculum
1589 1198 2051 1264 testimonii
2127 1196 2547 1261 deseruire
2620 1196 2697 1259 in

404 1304 781 1378 sanctis“‚
833 1323 977 1368 cum
1027 1306 1091 1368 et
1135 1304 1248 1368 illa
1295 1323 1453 1386 quae
1503 1308 1654 1370 sunt
1700 1308 1872 1368 extra
1925 1306 2166 1381 uelum,
2226 1322 2348 1385 quo
2404 1302 2702 1366 uelantur

404 1413 622 1475 sancta
680 1412 1065 1483 sanctorum,
1127 1414 1345 1474 sancta
1409 1411 1810 1493 appellentur
1865 1412 1928 1473 et
1983 1408 2466 1473 tabernaculum
2520 1406 2701 1470 testi-

404 1517 599 1582 monii
656 1516 845 1580 etiam
903 1516 1065 1580 illud
1122 1520 1404 1594 uocetur,
1467 1517 1578 1580 ubi
1635 1520 1787 1581 sunt
1833 1520 2071 1595 sancta,
2117 1514 2185 1579 id
2231 1518 2332 1579 est
2376 1534 2595 1578 mensa
2639 1516 2702 1577 et

406 1623 869 1689 candelabrum.
946 1623 1056 1686 ubi
1114 1642 1257 1687 cum
1317 1623 1678 1687 desemiant
1724 1626 1789 1687 et
1834 1626 2171 1705 sequentes
2218 1620 2578 1687 sacerdotes
2625 1618 2704 1682 ad
2743 1648 2794 1687 ιο

405 1748 690 1794 mensam
755 1733 821 1793 et
884 1727 1333 1793 candelabrum
1398 1732 1464 1794 et
1525 1730 1736 1813 ipsum
1812 1730 2035 1805 altare,
2116 1727 2429 1811 quomodo
2504 1746 2703 1790 unum

411 1837 569 1901 dicit
602 1854 1037 1900 successorem
1065 1835 1291 1914 Aaron,
1328 1837 1438 1919 qui
1474 1837 1669 1901 intret
1707 1837 1778 1900 in
1820 1835 2435 1901 tabernaculum
2474 1833 2704 1898 testi-

408 1942 659 2007 monii
708 1942 1129 2006 deseruire
1176 1943 1252 2007 in
1302 1944 1665 2008 sanctis?
1727 1944 1782 2008 si
1831 1943 1995 2007 enirn
2045 1941 2338 2007 dixisset:
2387 1939 2705 2005 deseruire

407 2050 471 2114 in
520 2049 760 2113 sanctis
809 2051 1194 2125 sanctorum,
1243 2049 1419 2114 nulla
1465 2054 1638 2114 esset
1683 2050 1992 2132 quaestiO.
2042 2048 2122 2113 ad
2166 2049 2322 2112 haec
2369 2048 2555 2123 enim,
2596 2045 2705 2110 ubi

409 2159 510 2221 est
577 2175 720 2219 arca
786 2155 1154 2233 testimonii,
1223 2159 1400 2221 solus
1466 2177 1634 2222 unus
1699 2157 1975 2221 intrabat
2030 2174 2321 2221 summus
2378 2153 2704 2217 sacerdos:
2745 2183 2798 2223 ιι

410 2263 580 2344 quod
636 2262 828 2326 etiam
887 2263 949 2326 in
1008 2263 1285 2344 epistula
1342 2264 1420 2327 ad
1465 2264 1791 2329 Hebraeos
1848 2262 2336 2347 diligentissime
2394 2278 2706 2325 commen·

411 2369 615 2435 datur.
698 2369 821 2432 nisi
868 2370 1030 2434 forte
1080 2388 1152 2433 eo
1200 2370 1338 2451 ipso
1389 2370 1560 2452 quod
1605 2390 1802 2435 unum
1852 2370 2008 2435 dicit
2052 2369 2280 2434 intrare
2327 2368 2404 2432 in
2451 2366 2706 2431 taber·

411 2477 791 2540 naculum
847 2475 1317 2540 testimonii
1379 2476 1795 2542 deseruire
1852 2476 1928 2541 in
1991 2475 2339 2552 sancti3‚
2397 2494 2518 2540 non
2565 2474 2709 2538 uult

412 2583 634 2664 utique
680 2582 970 2665 intellegi
1017 2582 1140 2646 nisi
1188 2583 1250 2646 in
1303 2584 1540 2648 sanctis
1590 2589 1973 2662 sanctorum,
2024 2583 2173 2665 quia
2210 2586 2275 2647 et
2309 2583 2449 2664 ipsa
2485 2582 2706 2662 utique

414 2693 631 2753 sancta
677 2688 1096 2770 appellantur.
1155 2709 1276 2754 non
1327 2691 1490 2753 enim
1543 2692 1771 2769 omnia,
1822 2710 1980 2772 quae
2029 2694 2250 2754 sanct-a
2295 2693 2465 2765 sunt,
2516 2688 2706 2752 etiam
2744 2717 2798 2755 20

415 2800 634 2861 sancta
693 2798 1054 2860 sanctorum
1113 2795 1236 2859 dici
1293 2801 1595 2879 possunt3
1663 2798 1775 2862 illa
1830 2817 2004 2872 uero,
2063 2815 2221 2880 quae
2279 2799 2430 2860 sunt
2491 2798 2711 2859 sancta

414 2906 798 2980 sanctorum,
848 2903 1067 2985 procul
1115 2903 1308 2967 dubio
1358 2903 1582 2986 utique
1630 2908 1848 2969 sancta
1895 2915 2062 2969 sunt.
2111 2923 2277 2968 unus
2326 2907 2537 2966 autem
2585 2901 2706 2964 iste

417 3008 526 3090 qui
592 3008 784 3072 semel
857 3008 918 3072 in
988 3028 1145 3073 anno
1211 3009 1488 3074 intrabat
1549 3010 1615 3074 in
1682 3013 1899 3075 sancta
1963 3014 2347 3088 sanctorum,
2414 3007 2707 3089 quoniam

417 3114 744 3179 dominum
821 3113 1145 3180 Christum
1223 3116 1642 3198 significabat,
1693 3117 2092 3199 apertissime
2163 3135 2354 3198 supra
2408 3115 2577 3179 dicta
2630 3113 2709 3177 ad

414 3221 739 3285 Hebraeos
798 3221 1074 3303 epistula
1129 3224 1626 3287 commendatur.
1706 3223 1874 3306 quod
1940 3227 2153 3288 autem
2218 3223 2705 3306 praefiguratum
2746 3249 2799 3290 25

416 3332 517 3392 est
562 3328 624 3392 in
674 3331 891 3392 sancto
941 3331 1323 3406 sanctorum,
1372 3334 1447 3393 ut
1483 3349 1674 3414 super
1709 3350 1937 3407 arcam,
1977 3349 2136 3412 quae
2171 3331 2376 3414 legem
2415 3326 2707 3403 habebat,

418 3438 590 3498 esset
653 3435 1186 3517 propitiatorium,
1245 3436 1357 3500 ubi
1412 3436 1515 3500 dei
1568 3436 2000 3501 misericordia
2063 3435 2404 3521 significari
2466 3432 2709 3498 intelle·

420 3541 626 3625 genda
680 3547 798 3619 est,
859 3562 983 3624 qua
1035 3542 1349 3625 propitius
1406 3542 1480 3606 fit
1536 3562 1753 3607 eorum
1810 3543 2086 3626 peccatis
2146 3543 2254 3625 qui
2316 3542 2524 3624 legem
2584 3558 2706 3603 non

419 3647 683 3730 inplent,
733 3646 852 3712 hoc
900 3648 1057 3711 mihi
1104 3648 1359 3713 uidetur
1405 3649 1597 3713 etiam
1636 3649 1698 3713 in
1738 3649 1879 3731 ipsa
1914 3655 2094 3714 ueste
2134 3648 2480 3714 sacerdotis
2521 3647 2708 3730 signi-

603 3876 668 3928 16
708 3875 773 3931 cf.
813 3875 976 3928 Hebr.
1016 3876 1067 3940 9,
1108 3876 1279 3929 7-11

492 4037 526 4089 4
556 4036 783 4089 conuiuo
813 4035 859 4088 S
963 4038 995 4088 5
1033 4035 1543 4090 unius—deseruire
1576 4038 1783 4105 (script.
1808 4037 1951 4090 irica
1973 4037 2037 4090 in
2060 4054 2159 4105 my.
2189 4036 2293 4103 inf.
2318 4054 2387 4091 m.
2417 4038 2457 4088 2
2486 4033 2639 4100 add.)
2658 4033 2713 4085 P

422 4125 452 4176 7
491 4139 682 4177 uecum
727 4121 774 4176 0
931 4140 1035 4192 quo
1076 4139 1177 4177 om.
1225 4123 1273 4177 0
1411 4125 1444 4177 8
1483 4123 1828 4193 appellantur
1870 4123 2071 4177 CPSN
2078 4125 2127 4177 T
2269 4124 2336 4177 10
2372 4123 2616 4177 seruiant
2649 4122 2717 4174 N

425 4212 491 4266 15
540 4213 625 4265 est
661 4212 802 4264 enim
840 4212 894 4264 P
1069 4213 1132 4266 21
1187 4211 1677 4266 dici—sanctorum
1713 4229 1815 4266 om.
1862 4212 1927 4265 0¹
2071 4214 2138 4266 22
2177 4216 2305 4266 sunt
2339 4230 2440 4266 orn.
2478 4210 2715 4264 P¹SVT

424 4301 492 4354 26
531 4301 742 4368 sancto]
781 4305 972 4355 sancta
1007 4300 1178 4354 PNT
1353 4302 1419 4355 27
1467 4301 1859 4371 propiatorium
1903 4301 1950 4354 C
2159 4303 2496 4372 significatur
2531 4298 2715 4354 P¹SV

423 4388 796 4458 intellegenda
832 4393 916 4443 est
951 4389 1090 4460 (exp.
1129 4406 1198 4443 m.
1236 4394 1287 4453 1)
1336 4389 1389 4443 V
1489 4391 1559 4444 28
1599 4390 1728 4460 quia
1776 4389 1825 4443 V
