3076 4976
476 509 604 571 532
1180 505 1232 558 S.
1291 504 1566 559 Aureli
1626 504 2061 574 Augustini

474 703 659 765 deum
720 700 933 773 sentit,
992 703 1064 763 ut
1118 718 1228 781 per
1281 699 1685 764 tenebrarum
1753 698 2236 763 diuturnitatem
2301 698 2532 762 mutati
2598 700 2765 763 oculi

470 810 787 872 mutatum
839 806 1038 870 solem
1099 804 1401 868 sentiunt.
1478 825 1758 869 memor
1815 809 1977 870 esto
2042 805 2215 886 quia
2272 804 2355 868 de
2412 806 2576 870 luto
2634 806 2769 869 fin·

468 914 651 980 xisti
717 933 856 978 me:
932 917 1045 977 tua
1110 931 1256 994 ergo
1322 911 1755 976 misericordia
1819 912 2097 995 indigeo,
2181 913 2252 975 in
2317 916 2589 976 terram
2655 930 2767 976 me

467 1024 747 1087 iterum
806 1023 1237 1084 conuertes:
1295 1022 1520 1095 morte,
1582 1038 1741 1100 quae
1791 1020 1892 1082 est
1936 1038 2140 1101 poena
2183 1019 2451 1102 peccati.
2528 1038 2768 1084 nonne

466 1132 844 1209 tamquam
912 1126 1027 1189 lac
1093 1124 1436 1188 mulsisti
1503 1128 1656 1188 me?
1725 1124 1873 1205 quia
1919 1124 2111 1187 etiam
2163 1120 2335 1210 [iam]
2383 1124 2767 1188 mortalibus
2835 1149 2865 1186 ε,

461 1232 758 1316 praebuit
812 1230 1334 1304 misericordiam,
1394 1248 1538 1293 cum
1607 1229 1897 1293 homines
1955 1228 2030 1292 de
2087 1229 2453 1294 hominibus
2508 1230 2767 1295 informi

464 1339 814 1424 primordio
862 1336 1186 1401 formauit.
1253 1335 1435 1399 haec
1484 1354 1656 1419 ergo
1707 1354 1867 1399 cum
1916 1336 1987 1399 in
2034 1338 2107 1399 te
2157 1336 2330 1411 sint,
2379 1338 2538 1403 scio
2587 1338 2768 1420 quia

460 1446 708 1512 omnia
754 1448 1002 1528 potes:
1064 1443 1215 1524 quia
1269 1444 1480 1507 tantae
1538 1442 1842 1507 bonitatis
1902 1446 2069 1516 sunt,
2125 1446 2200 1507 ut
2246 1445 2561 1508 carnalem
2611 1465 2767 1527 quo-

462 1573 588 1636 que
647 1550 1073 1617 substantiam
1133 1553 1488 1631 operentur.
1567 1549 1837 1630 quodsi
1888 1554 1962 1612 et
2013 1568 2454 1631 peccauero‚
2515 1554 2765 1615 custo-

461 1661 622 1724 dies
688 1678 828 1722 me:
901 1659 1012 1720 aut
1075 1659 1149 1719 ut
1212 1674 1335 1720 non
1402 1675 1503 1719 me
1568 1655 1792 1738 perdas
1860 1658 1971 1719 aut
2034 1675 2108 1720 ne
2174 1657 2372 1719 lateat
2426 1660 2762 1738 peccatum
2802 1683 2863 1721 ιο

466 1785 702 1830 meum.
782 1768 856 1828 et
913 1764 975 1827 si
1033 1763 1284 1827 iustus
1343 1763 1585 1838 fuero,
1644 1781 1784 1825 non
1849 1781 2152 1844 possum
2220 1762 2626 1844 respirare:
2694 1764 2761 1827 in

451 1875 807 1954 conspectu
883 1870 1241 1944 hominum3
1324 1889 1465 1932 nam
1532 1872 1604 1932 tu
1670 1868 1851 1933 uides
1917 1872 2179 1951 peccata
2242 1888 2401 1950 quae
2467 1868 2760 1934 homines

461 1981 683 2043 latent.
731 1979 1009 2059 plenus
1062 1977 1252 2041 enim
1302 1997 1462 2040 sum
1513 1976 1947 2059 opprobrio:
1998 1977 2059 2040 in
2108 1979 2453 2058 conspectu
2499 1981 2636 2042 tuo.
2685 1982 2757 2041 et

452 2085 723 2166 capior
770 2085 975 2148 sicut
1021 2084 1138 2148 leo
1191 2083 1276 2147 ad
1326 2083 1818 2148 occisionem:
1879 2085 1979 2146 est
2033 2083 2362 2165 superbiae
2419 2086 2756 2166 peccatum

458 2190 628 2273 quod
676 2191 965 2254 homines
1013 2191 1192 2268 latet,
1244 2190 1488 2272 quando
1531 2190 1721 2254 etiam
1759 2190 1821 2253 in
1860 2189 2046 2254 factis
2083 2188 2511 2253 laudabilibus
2548 2192 2759 2272 possit
2795 2214 2855 2252 ιε

456 2298 787 2380 obrepere.
871 2298 1147 2361 iterum
1207 2301 1455 2361 autem
1515 2298 2023 2360 commutatus
2091 2295 2542 2360 saeuissime
2600 2316 2755 2360 cru-

453 2404 612 2468 cias
662 2423 801 2468 me:
850 2407 1001 2486 post
1044 2422 1312 2485 poenam
1360 2403 1628 2485 peccati,
1670 2422 1794 2484 qua
1830 2401 2117 2466 mortalis
2155 2401 2364 2466 factus
2404 2406 2503 2465 est
2539 2402 2750 2467 homo.

455 2512 803 2577 secundum
862 2512 977 2574 has
1036 2511 1192 2575 dicit
1246 2511 1713 2587 tribulationes),
1763 2528 1919 2592 quas
1973 2510 2037 2573 in
2093 2510 2212 2573 hac
2267 2509 2404 2573 uita
2456 2510 2748 2574 homines

449 2620 798 2700 patiuntur,
851 2618 999 2700 quia
1043 2621 1301 2700 repente
1350 2617 1685 2700 pleraeque
1734 2616 2032 2681 accidunt
2075 2617 2540 2693 tribtilatione8‚
2590 2636 2749 2700 quae

451 2726 710 2789 turbant
759 2725 1038 2806 quietem
1088 2725 1293 2806 ipsius
1353 2724 1526 2787 uitae
1584 2723 1893 2799 mortaliS,
1944 2742 2089 2787 cum
2133 2722 2197 2786 in
2247 2724 2451 2787 salute
2499 2728 2600 2787 est
2645 2725 2748 2788 uel
2784 2748 2852 2784 20

442 2831 791 2895 securitate
859 2851 1067 2894 rerum
1135 2831 1429 2911 quamuis
1495 2830 1965 2912 temporalium,
2025 2850 2210 2911 quam
2277 2829 2745 2894 misericordiae

443 2937 551 3001 dei
600 2936 951 3019 deputauit.
1011 2938 1453 3001 instaurans
1501 2937 1573 3001 in
1622 2956 1731 3000 me
1779 2940 2152 3001 tormenta
2197 2956 2381 3002 mea:
2433 2938 2580 3018 quia
2615 2937 2741 3001 iam

438 3043 583 3125 ipsa
623 3044 979 3108 mortalitas
1019 3046 1405 3107 tormentum
1448 3048 1566 3118 est,
1601 3044 1677 3107 de
1717 3063 1840 3126 qua
1877 3043 2321 3108 tribulationes
2362 3044 2522 3107 aliae
2560 3044 2741 3108 fiunt.

444 3169 676 3231 quare
736 3168 910 3233 ergo
978 3148 1063 3212 de
1130 3153 1395 3213 uentre
1462 3150 1794 3215 eduxisti
1858 3156 2010 3215 me?
2088 3151 2162 3216 de
2219 3151 2606 3216 obscuritate
2663 3152 2743 3216 ad

444 3256 759 3332 notitiam,
822 3275 980 3337 quae
1040 3258 1178 3319 sola
1232 3257 1488 3320 maioris
1548 3257 1839 3320 miseriae
1897 3261 1998 3322 est
2050 3258 2332 3335 materia,
2390 3277 2536 3323 cum
2594 3258 2741 3322 sub·
2777 3281 2840 3319 25

440 3363 741 3436 uertitun
812 3362 971 3425 hanc
1037 3363 1500 3445 generationem
1572 3364 1763 3427 etiam
1831 3364 2124 3445 superius
2191 3365 2738 3432 commemorauit.

440 3475 519 3532 et
578 3487 818 3532 essem
878 3471 1255 3549 tamquam
1313 3489 1451 3533 non
1509 3470 1868 3534 fuissem?
1926 3472 2177 3554 penitus
2226 3472 2507 3554 ignotus
2569 3474 2737 3537 unde

612 3678 647 3729 2
686 3678 782 3731 101)
826 3680 909 3740 10,
949 3680 980 3731 9
1094 3681 1125 3733 3
1164 3679 1260 3733 101)
1306 3681 1386 3741 10,
1427 3682 1458 3733 9
1561 3682 1594 3733 4
1633 3681 1729 3733 101)
1775 3683 1856 3742 10.
1902 3684 1966 3736 10
2067 3683 2097 3734 7
2138 3683 2234 3735 Iob
2279 3684 2362 3750 lo,
2409 3686 2471 3736 13
2572 3686 2606 3736 9
2635 3684 2735 3737 101)

438 3766 521 3826 10,
566 3767 628 3818 14
744 3768 805 3819 11
846 3766 942 3818 101)
988 3768 1067 3827 10,
1112 3769 1174 3820 15
1290 3768 1353 3819 13
1392 3768 1488 3821 Iob
1534 3770 1615 3831 10,
1661 3772 1723 3821 15
1871 3770 1966 3822 Iob
2012 3772 2090 3833 10,
2135 3772 2198 3823 16
2315 3772 2378 3825 16
2416 3772 2512 3824 101)
2548 3772 2631 3835 10,
2668 3773 2735 3826 16

430 3853 503 3905 22
544 3853 638 3905 Iob
683 3855 763 3916 lo,
806 3855 869 3906 17
982 3856 1051 3908 24
1087 3855 1184 3908 101)
1228 3857 1309 3919 10,
1352 3858 1419 3909 18
1528 3857 1595 3909 27
1633 3858 1731 3910 Iob
1777 3858 1857 3922 10,
1904 3861 1966 3912 19

507 3976 539 4027 2
579 3976 721 4043 quod
760 3977 902 4030 Hier
1072 3980 1104 4031 3
1146 3983 1200 4031 et
1236 3980 1289 4032 in
1331 3980 1376 4031 S
1518 3986 1661 4033 terra
1704 3981 1863 4035 GPC'
2002 3983 2198 4036 iterum
2236 4000 2320 4036 me
2358 3983 2503 4038 Hier
2645 4000 2735 4036 me

431 4081 537 4118 om.
578 4065 625 4119 S
718 4068 751 4119 4
793 4068 1065 4120 conuertis
1102 4068 1148 4121 S
1289 4086 1462 4137 poena
1500 4074 1583 4122 est
1622 4071 1660 4123 d
1758 4074 1789 4124 5
1830 4072 1932 4123 iam
1971 4072 2173 4125 inclusi
2279 4075 2311 4127 9
2350 4074 2478 4142 quia
2514 4073 2546 4126 b
2686 4075 2740 4127 si

430 4170 533 4207 om.
573 4153 627 4206 P
799 4159 855 4206 et
893 4155 937 4207 si
982 4156 1032 4209 G
1202 4158 1473 4210 custodias
1512 4157 1559 4211 S
1703 4161 1768 4213 10
1807 4178 1889 4212 me
1927 4178 2034 4213 non
2074 4161 2194 4215 de
2341 4166 2398 4218 11
2444 4167 2489 4219 si
2529 4185 2633 4223 om.
2679 4171 2734 4224 G

430 4242 667 4294 iniustus
707 4242 753 4296 S
827 4244 892 4296 12
930 4244 1237 4297 hominibus
1267 4248 1361 4311 fin.
1390 4246 1440 4299 G
1518 4248 1582 4300 16
1615 4249 1859 4317 obripere
1885 4249 1936 4301 G
2010 4251 2078 4303 20
2110 4253 2369 4323 quictem]
2409 4256 2500 4323 qui
2534 4258 2645 4311 etia
2680 4260 2733 4313 G

432 4331 493 4383 21
537 4331 593 4383 iu
632 4332 923 4384 securitate
963 4333 1036 4385 bd
1125 4334 1194 4387 22
1234 4336 1450 4401 putauit
1486 4336 1531 4388 C
1673 4337 1942 4391 instauras
1975 4339 2159 4393 bHier
2248 4342 2320 4394 24
2357 4345 2655 4400 oscuritate
2689 4348 2739 4401 C

430 4420 498 4473 26
538 4419 698 4472 etiam
738 4438 839 4474 om.
886 4421 932 4473 C
1072 4423 1312 4491 superius
1354 4424 1517 4476 etiam
1557 4424 1629 4477 bd
