3076 4976
436 442 560 505 170
1135 439 1190 496 S.
1245 439 1520 495 Aureli
1578 438 2018 509 Augustini

432 635 746 716 quomodo
812 636 1119 700 formetur
1180 635 1243 699 in
1306 635 1545 700 lamina
1608 636 1947 713 „sanctitas
2005 636 2278 701 domini“
2351 655 2471 701 non
2534 635 2722 700 uideo

429 740 552 805 nisi
628 741 947 823 aliquibus
1021 741 1284 817 litteris,
1361 761 1517 825 quas
1598 742 1853 825 quidam
1935 747 2239 825 quattuor
2302 762 2440 808 esse
2506 743 2725 808 dicunt

428 846 751 922 hebraeaS,
820 848 1009 930 quod,
1077 852 1150 913 ut
1216 847 1442 914 Graeci
1506 850 1844 932 appellant,
1908 851 2433 935 τετραγράμματον
2498 870 2722 916 nomen

431 952 531 1017 dei
578 953 892 1018 ineffabile
941 955 1203 1020 credunt
1247 955 1447 1020 fuisse
1495 958 1602 1020 uel
1649 975 1788 1020 esse
1836 955 2040 1020 adhuc
2086 976 2313 1038 usque.
2377 957 2490 1022 sed
2537 976 2723 1038 quae·

431 1059 589 1124 libet
635 1061 765 1125 sint
808 1064 915 1127 uel
963 1061 1440 1144 quomodolibet
1486 1082 1555 1127 se
1602 1063 1873 1128 habeant
1915 1063 2062 1128 illae
2116 1064 2389 1139 litterae,
2445 1066 2520 1127 ut
2573 1062 2720 1140 dixi,
2781 1084 2810 1126 s

431 1167 831 1233 sanctitatem
883 1169 1120 1234 domini
1166 1171 1272 1234 uel
1321 1168 1907 1243 sanctificationem,
1967 1169 2023 1233 si
2077 1168 2199 1233 hoc
2252 1169 2458 1253 magis
2515 1169 2721 1233 dicen·

431 1272 584 1338 dum
632 1279 748 1352 est,
800 1276 968 1358 quod
1017 1296 1281 1361 graecus
1329 1276 1522 1340 habet
1567 1271 1855 1357 ἁγίασμα,
1903 1274 2152 1340 nonnisi
2196 1275 2428 1340 litteris
2467 1275 2530 1339 in
2570 1294 2720 1340 auro

427 1380 681 1444 formari
728 1382 1016 1464 potuisse
1064 1381 1456 1447 crediderim.
1503 1382 1595 1446 ibi
1643 1384 1856 1445 autem
1905 1381 2060 1445 dicit
2106 1380 2497 1446 sacerdotem
2547 1401 2721 1447 sanc·

426 1489 638 1557 torum
709 1490 952 1554 auferre
1028 1492 1308 1572 peccata.
1403 1506 1959 1571 quaecumque
2040 1488 2718 1564 sanctificabunt,

427 1592 653 1675 inquit,
720 1594 895 1659 filii
951 1596 1272 1661 Israhel
1338 1595 1595 1660 omnis
1653 1595 1825 1659 dati
1882 1599 2349 1661 sanctorum
2415 1615 2809 1661 eorumzro

430 1700 599 1781 quod
647 1701 915 1766 arbitror
961 1702 1203 1767 dictum
1252 1703 1313 1767 in
1364 1704 1457 1767 eis
1506 1701 1833 1768 sacrificiis
1882 1722 2042 1784 quae
2090 1703 2360 1767 offerunt
2412 1723 2523 1787 pro
2578 1722 2719 1786 pec·

429 1808 589 1872 catis
657 1808 823 1886 suis,
891 1813 967 1874 ut
1030 1830 1151 1875 non
1219 1813 1581 1876 sanctorum
1654 1808 1982 1874 hominum
2054 1809 2532 1893 intellegamuS‚
2607 1810 2720 1874 sed

423 1917 789 1979 sanctorum
843 1916 918 1980 ab
969 1936 1064 1993 eo,
1114 1917 1285 1998 quod
1332 1920 1483 1981 sunt
1528 1918 1745 1980 sancta
1792 1934 1952 1996 quae
2009 1916 2358 1981 offeruntur
2409 1936 2521 1999 pro
2576 1935 2717 1997 pec-

429 2021 609 2085 catis,
687 2041 832 2086 cum
890 2041 1036 2107 ergo
1096 2024 1173 2087 de
1229 2023 1466 2087 lamina
1521 2022 1806 2100 dixisset,
1869 2022 2151 2086 adiunxit
2210 2027 2398 2104 atque
2456 2023 2575 2087 ait:
2642 2026 2717 2086 et

430 2127 756 2192 auferet
837 2129 1097 2194 Aaron
1183 2133 1525 2214 peccata
1608 2133 2073 2193 sanctorum
2165 2134 2717 2211 quaecumque
2753 2158 2807 2199 ιε

428 2235 1098 2300 sanctificabunt
1144 2237 1316 2301 filii
1361 2236 1681 2301 Israhel
1732 2236 1983 2300 omnis
2032 2235 2202 2300 dati
2250 2240 2716 2300 sanctorum

428 2359 728 2416 eorum,
787 2341 854 2405 id
909 2346 1038 2406 est:
1108 2341 1399 2406 sacerdos
1465 2343 1709 2407 auferet
1772 2359 2208 2425 quaecumque
2273 2343 2544 2408 offerunt
2604 2362 2715 2425 pro

429 2449 710 2529 peccatis
768 2449 904 2514 suis
953 2468 1111 2531 quae
1159 2448 1457 2514 dicuntur
1502 2451 1568 2513 et
1613 2451 1849 2526 sancta,
1908 2448 2056 2531 quia
2116 2450 2605 2527 sanctificantur,
2653 2453 2718 2514 et

427 2559 706 2635 peccata,
757 2556 906 2638 quia
950 2574 1060 2637 pro
1109 2555 1388 2638 peccatis
1437 2557 1822 2631 offeruntur3
1881 2556 2051 2621 sicut
2101 2557 2326 2621 multis
2380 2557 2540 2622 locis
2595 2557 2714 2622 hoc

425 2660 638 2743 ipsum
686 2662 1012 2727 euidenter
1057 2663 1369 2744 scriptura
1415 2666 1885 2729 commemorat.
1953 2663 2121 2744 quod
2167 2667 2377 2728 autem
2428 2664 2719 2748 adiungit
2749 2692 2801 2730 20

434 2771 500 2831 et
538 2767 723 2833 dicit:
775 2772 853 2832 et
898 2769 1055 2833 erit
1104 2788 1345 2852 super
1389 2770 1735 2834 frontem
1783 2769 2040 2836 Aaron
2089 2789 2402 2853 semper
2447 2789 2712 2854 accep-

427 2876 588 2937 tum
638 2874 820 2940 illis
869 2876 943 2939 in
994 2884 1439 2959 conspectu
1487 2876 1805 2953 domini,
1846 2875 1922 2940 ad
1959 2877 2259 2941 laminam
2293 2877 2469 2941 illam
2505 2897 2713 2942 reuer-

425 2981 605 3056 titur,
662 2982 723 3045 in
786 3002 910 3065 qua
965 2983 1360 3068 intellegitur
1412 2983 1638 3049 frontis
1697 2986 2154 3060 ornamentum,
2220 2983 2455 3048 fiducia
2515 2984 2714 3049 bonae

426 3088 622 3164 uitae,
662 3107 849 3170 quam
900 3090 1009 3172 qui
1057 3110 1204 3155 uere
1249 3092 1651 3174 perfecteque
1697 3111 1817 3156 non
1867 3091 2345 3174 significatione,
2392 3093 2500 3156 sed
2551 3092 2712 3156 ueri·

423 3195 555 3257 tate
615 3194 905 3259 sacerdos
965 3195 1175 3270 habet,
1235 3196 1411 3261 solus
1458 3200 1674 3278 potest
1730 3197 1971 3260 auferre
2036 3200 2295 3278 peccata
2349 3217 2463 3262 nec
2521 3198 2712 3262 habet
2743 3226 2794 3267 85

423 3301 872 3365 necessitatem
921 3301 1137 3366 offerre
1185 3322 1297 3385 pro
1348 3303 1504 3367 suis.

514 3405 734 3471 CXXI.
798 3408 894 3472 De
949 3408 1154 3472 Aaron
1213 3410 1279 3472 et
1329 3408 1480 3473 filiis
1537 3409 1741 3473 Aaron
1800 3428 1946 3473 cum
2001 3409 2392 3492 praeciperet
2444 3411 2706 3493 loquens

422 3512 500 3577 ad
555 3513 841 3596 Moysen,
919 3515 1232 3596 quomodo
1299 3516 1690 3580 uestirentur
1754 3517 1819 3579 et
1882 3520 2328 3599 unguerentur‚
2395 3516 2547 3598 quid
2610 3518 2711 3580 est

492 3740 523 3793 3
563 3740 784 3793 ebraeos
824 3740 887 3791 N
1069 3757 1175 3809 quo
1213 3740 1280 3794 N
1453 3743 1601 3794 terra
1636 3745 1794 3810 grato
1840 3740 1886 3794 C
1917 3743 2402 3809 tetragrammaton
2439 3740 2601 3795 PSN
2607 3740 2711 3794 VT

417 3829 453 3881 4
491 3828 817 3881 ineffabilem
855 3828 916 3882 N
1059 3828 1498 3897 credunt—quae
1535 3845 1637 3883 om.
1677 3830 1742 3882 N
1846 3832 1878 3884 5
1918 3829 2317 3898 quomodoabet
2354 3830 2417 3884 N
2521 3831 2550 3882 7
2589 3830 2705 3898 agi·

417 3934 568 3970 asma
610 3917 866 3971 CPSVT
899 3919 1052 3986 agias
1090 3935 1179 3971 ma
1214 3918 1281 3973 N
1373 3919 1439 3972 10
1480 3922 1553 3982 (et
1592 3920 1679 3985 16)
1720 3918 1895 3971 omnis
1932 3918 2076 3972 datis
2123 3918 2195 3971 V¹
2270 3920 2335 3972 15
2373 3919 2703 3987 sanctorum]

418 4022 600 4059 eorum
649 4006 701 4059 V
862 4006 926 4058 17
963 4004 1020 4058 id
1059 4021 1159 4059 om.
1199 4005 1265 4059 N
1422 4006 1489 4059 18
1525 4006 1932 4071 sanctificantur
1975 4006 2025 4059 Τ
2191 4007 2261 4060 20
2298 4009 2479 4060 autem
2517 4023 2619 4061 om.
2663 4007 2712 4061 0

416 4094 487 4148 22
536 4098 593 4148 et
642 4094 712 4148 ad
749 4093 888 4148 P¹V
1062 4095 1131 4147 23
1178 4095 1236 4147 in
1281 4111 1389 4163 qua
1436 4094 1827 4149 aduertendum
1876 4096 1923 4148 si
1967 4095 2203 4149 inueniri
2248 4099 2432 4164 potest
2468 4095 2560 4163 qui
2596 4112 2706 4149 non

412 4184 617 4238 habeat
640 4185 1023 4238 necessitatem
1051 4200 1148 4253 pro
1179 4184 1290 4238 suis
1325 4183 1513 4237 offerre
1552 4184 1790 4253 peccatis
1827 4188 2010 4253 preter
2044 4173 2173 4254 x‘pffi
2208 4186 2300 4254 qui
2336 4184 2485 4238 solus
2521 4188 2706 4253 potest

415 4274 656 4325 omnium
717 4272 925 4326 auferre
986 4277 1208 4342 peccata
1270 4273 1615 4342 intellegitur
1675 4289 1787 4342 sqq.
1850 4272 2064 4329 PSVT
2240 4273 2307 4327 28
2371 4276 2705 4343 ungerentur

412 4360 570 4416 PSN
582 4362 707 4417 de
