3076 4976
281 1674 333 1711 10

280 2205 333 2244 ¹5

277 2736 332 2778 20

908 543 915 550 ,
1018 491 1547 546 Adnotationum
1588 491 1651 543 in
1690 488 1804 543 Iob
1844 489 1955 543 lib.
1994 488 2037 544 Ι.
2545 492 2671 556 517

374 692 544 757 sicut
598 691 890 755 uidentes
951 689 1134 773 signa
1189 692 1397 754 tamen
1458 688 1838 753 dubitabant
1894 687 2203 752 dicentes:
2271 686 2676 770 propheta

375 802 521 872 est,
579 797 714 862 alii:
776 795 1101 862 seducit
1154 797 1565 878 populum,
1626 795 1875 877 quando
1923 814 2037 859 nec
2087 794 2163 858 ad
2209 794 2532 858 lucernam
2579 794 2674 858 ui·

375 905 518 969 dere
574 905 936 969 uoluerunt.
997 907 1073 968 et
1129 905 1466 986 pereant
1510 902 1589 966 in
1638 902 1894 967 bello:
1943 901 2005 965 in
2055 900 2534 966 tentationibus,
2597 901 2675 963 et

375 1010 856 1095 egrediatur
911 1010 1003 1073 de
1058 1029 1288 1073 manu
1346 1009 1715 1091 potentis
1763 1008 2179 1072 infirmus:
2230 1006 2487 1071 diaboli.
2558 1007 2676 1071 sit

375 1122 641 1181 autern
698 1116 1028 1180 infirmo
1089 1135 1305 1198 spes:
1365 1115 1460 1178 illi
1519 1115 1687 1178 enim
1745 1114 1938 1179 fortes
1995 1133 2128 1177 rem
2188 1113 2290 1177 hic
2339 1117 2671 1195 quaerunt.

371 1223 663 1287 beatus
713 1226 975 1286 autem
1021 1223 1149 1286 uir
1195 1241 1423 1304 quem
1474 1221 1752 1303 arguit
1798 1219 2191 1286 dominus,
2239 1220 2300 1283 in
2341 1219 2460 1283 hoc
2502 1220 2668 1284 enim

374 1333 557 1408 errat,
608 1329 757 1411 quia
813 1329 1066 1393 uidetur
1124 1329 1246 1392 sibi
1295 1327 1428 1405 Iob,
1480 1327 1630 1410 quia
1684 1327 2129 1409 iniquitatibus
2179 1327 2312 1391 suis
2362 1326 2518 1391 haec
2566 1347 2672 1409 pa·

371 1435 550 1512 titur,
600 1455 744 1500 cum
794 1455 863 1499 ex
911 1436 1029 1500 hoc
1077 1435 1299 1499 beatus
1348 1435 1453 1512 sit,
1504 1434 1653 1516 quia
1697 1434 1761 1496 in
1812 1433 1927 1496 hac
1977 1433 2112 1497 uita
2159 1452 2303 1497 cum
2361 1433 2670 1516 arguitur,

370 1541 563 1606 habet
601 1541 950 1625 corrigendi
987 1541 1502 1622 possibilitatem.
1547 1544 1625 1605 et
1671 1541 1744 1604 in
1797 1541 2143 1622 septimo
2192 1558 2338 1603 non
2389 1542 2463 1602 te
2511 1542 2669 1603 tan-

373 1651 509 1733 get
554 1648 873 1712 malum:
926 1652 1387 1712 sacramentum
1441 1647 1710 1711 sabbati.
1771 1646 1844 1710 in
1893 1647 2097 1711 fame
2145 1645 2545 1710 liberabit
2592 1650 2668 1710 te

373 1773 409 1818 a
454 1757 741 1830 morte3
790 1756 984 1819 uerbo
1037 1755 1202 1819 enim
1253 1756 1367 1819 alit
1414 1757 1478 1818 et
1524 1754 1679 1818 facit
1723 1755 1972 1817 firmum
2024 1754 2098 1817 ad
2140 1754 2541 1818 tentationes,
2592 1753 2667 1816 in

371 1860 687 1942 proelio
748 1880 935 1926 uero
995 1862 1084 1926 de
1139 1882 1369 1928 manu
1436 1863 1632 1928 ferri
1700 1863 1973 1928 soluet
2038 1865 2148 1926 te:
2219 1861 2292 1925 de
2351 1863 2668 1942 potestate

370 1967 795 2032 uinculorum.
867 1987 902 2031 a
957 1967 1309 2052 flagello
1368 1970 1701 2053 linguae
1750 1968 2198 2033 abscondet
2243 1972 2353 2032 te:
2404 1987 2479 2031 ne
2529 1987 2667 2032 sen-

370 2074 492 2138 tias
560 2074 1000 2150 contumeliaS‚
1070 2093 1192 2138 non
1259 2095 1335 2140 ne
1401 2077 1684 2159 pat-iaris.
1760 2076 2127 2140 iniustos
2195 2079 2273 2138 et
2336 2074 2667 2156 iniquos

372 2179 824 2244 deridebis:
893 2185 966 2244 ut
1031 2183 1343 2264 sapientia
1397 2182 1736 2263 perditioni
1796 2182 2156 2265 iniquorum
2223 2180 2665 2263 superridebit.

372 2288 449 2350 et
512 2286 1021 2352 ferocientes
1089 2287 1403 2353 bestias
1471 2308 1620 2353 non
1685 2289 2055 2352 timebis:
2125 2288 2187 2351 id
2244 2291 2344 2351 est
2396 2287 2666 2351 Iudaeos

370 2411 490 2456 non
529 2392 808 2470 timebis,
841 2394 989 2476 quia
1023 2398 1243 2478 gentes
1282 2395 1401 2459 tibi
1441 2395 1811 2470 obaudient3
1852 2394 2008 2459 haec
2047 2398 2260 2458 autem
2300 2393 2373 2457 de
2414 2393 2664 2457 domino

371 2500 736 2583 accipienda
783 2506 953 2565 sunt.
1002 2502 1262 2583 Eliplraz
1311 2501 1416 2567 hic
1463 2505 1647 2579 errat,
1698 2502 1845 2584 quia
1889 2504 2076 2584 putat
2130 2502 2205 2566 de
2251 2502 2364 2566 Iob
2421 2500 2665 2565 intelle-

371 2606 595 2690 genda,
654 2625 814 2688 quae
872 2607 928 2671 ei
986 2610 1267 2673 reuelata
1323 2612 1492 2685 sunt,
1552 2628 1698 2674 cum
1753 2612 1963 2674 totum
2022 2608 2273 2673 domino
2324 2611 2662 2690 competat.

370 2712 561 2795 quia
626 2732 797 2777 cum
862 2713 1288 2795 lapidibus
1355 2716 1528 2801 agri
1605 2715 1945 2780 habebis
2021 2715 2343 2779 foedus:
2418 2713 2663 2797 lapides

370 2819 526 2903 agri,
576 2819 725 2902 quia
780 2819 842 2883 in
901 2820 1198 2903 gentibus
1257 2823 1431 2886 nulla
1480 2822 1788 2886 ordinatio
1837 2822 2001 2906 legis
2049 2822 2190 2901 fuit,
2239 2825 2314 2886 ut
2361 2821 2539 2904 quasi
2590 2821 2664 2885 de
2735 2886 2738 2889 ,

370 2925 655 2990 aedificio
733 2926 975 3008 lapides
1052 2930 1284 2993 essent.
1360 2929 1684 2993 bestiae
1760 2930 1965 2994 enim
2033 2930 2251 2994 ferae
2329 2931 2663 3012 pacatae

369 3034 605 3095 erunt
669 3031 856 3096 tibi:
937 3032 1073 3097 siue
1152 3032 1226 3096 de
1292 3033 1545 3099 Iudaeis
1612 3036 1750 3099 siue
1828 3034 1904 3099 de
1978 3035 2298 3118 gentibus.
2376 3034 2663 3098 deinde

368 3138 585 3203 scies
653 3138 862 3221 quod
928 3139 1002 3203 in
1065 3157 1257 3222 pace
1324 3141 1482 3205 erit
1540 3141 1816 3206 domus
1873 3145 2040 3205 tua:
2103 3142 2166 3205 id
2225 3144 2323 3206 est
2370 3141 2663 3207 ecclesia.

551 3329 576 3382 1
618 3329 734 3383 1011.
775 3331 823 3391 7,
859 3330 946 3385 40.
990 3331 1056 3383 12
1146 3332 1179 3385 3
1217 3331 1314 3384 Iob
1354 3334 1403 3393 5,
1448 3332 1510 3386 15
1658 3332 1754 3385 Iob
1794 3334 1843 3393 5,
1886 3332 1952 3386 16
2043 3335 2076 3386 6
2115 3332 2211 3385 Iob
2252 3335 2300 3393 5,
2344 3334 2409 3387 17
2492 3332 2523 3386 9
2562 3331 2661 3385 Iob

365 3421 416 3482 5,
460 3419 525 3472 19
654 3418 720 3471 10
756 3418 855 3472 Iob
895 3421 944 3481 5,
984 3419 1052 3473 20
1184 3421 1242 3473 11
1284 3421 1382 3473 Iob
1422 3424 1471 3482 5,
1511 3422 1584 3476 20
1722 3422 1786 3475 13
1825 3421 1922 3475 Iob
1963 3423 2011 3484 5,
2051 3423 2115 3475 21
2260 3423 2327 3475 14
2364 3421 2460 3474 Iob
2500 3423 2552 3484 5,
2591 3422 2661 3473 22

368 3508 433 3562 15
474 3507 539 3561 cf.
579 3507 738 3562 Prou.
782 3509 829 3572 1,
869 3508 937 3562 26
1122 3511 1187 3563 16
1223 3508 1321 3561 Iob
1362 3512 1413 3576 5,
1450 3510 1518 3562 22
1700 3512 1768 3565 20
1807 3511 1904 3565 Iob
1943 3513 1993 3575 5,
2032 3511 2100 3565 23
2256 3512 2324 3565 22
2363 3511 2460 3565 Iob
2501 3513 2550 3574 5,
2591 3512 2660 3564 23

364 3597 432 3650 23
471 3596 568 3650 Iob
609 3598 657 3657 5,
696 3598 766 3650 24

439 3702 463 3756 1
507 3701 761 3755 dubitant
804 3701 930 3755 de
972 3718 1073 3757 om.
1118 3702 1170 3757 G
1349 3706 1384 3759 4
1422 3703 1627 3758 diaboli
1673 3706 1912 3760 infirmus
1950 3708 1982 3760 b
2200 3708 2290 3775 sit]
2333 3707 2378 3760 si
2414 3707 2469 3759 P
2513 3707 2589 3759 sic
2627 3707 2659 3760 b

363 3793 395 3846 5
435 3792 675 3845 infirmus
714 3788 760 3844 S
900 3793 932 3845 6
972 3795 1168 3861 arguat
1204 3792 1252 3846 S
1392 3795 1421 3847 7
1462 3792 1583 3862 Iob]
1626 3795 1767 3864 quod
1807 3795 1902 3848 Iob
1943 3795 1974 3848 b
2175 3797 2322 3864 quia]
2375 3794 2518 3864 quod
2565 3793 2666 3847 To

361 3893 463 3932 om.
504 3879 535 3931 b
654 3879 757 3931 hoe
802 3879 848 3933 C
986 3881 1230 3950 patiatur
1267 3882 1399 3935 Pbd
1502 3884 1534 3936 9
1575 3884 1896 3953 corrigendi]
1937 3884 2197 3953 arguendi
2235 3886 2266 3937 b
2375 3888 2430 3938 te
2469 3901 2570 3939 om.
2617 3882 2665 3935 0

359 3967 543 4036 tangit
572 3967 617 4022 S
689 3968 755 4021 10
785 3967 1000 4023 sabbati
1037 3974 1431 4024 sacramentum
1468 3971 1516 4025 0
1620 3975 1674 4025 te
1711 3972 1969 4026 liberabit
1997 3972 2116 4025 de
2189 3973 2249 4026 11
2295 3972 2393 4025 alit
2432 3974 2573 4025 enim
2607 3972 2658 4027 G

363 4057 429 4109 13
469 4055 729 4109 ascondet
772 4056 820 4111 G
852 4058 1120 4112 absconde
1159 4058 1202 4113 S
1315 4060 1378 4113 14
1416 4061 1640 4130 patieris
1680 4061 1711 4113 b
1827 4063 1892 4114 15
1932 4061 2286 4131 perditionem
2327 4061 2365 4114 cl
2473 4079 2656 4131 super-

359 4143 560 4198 ridebit
602 4146 829 4215 scripsi:
879 4146 1151 4201 deridebit
1192 4148 1243 4202 G
1281 4148 1528 4203 irridebit
1576 4150 1824 4215 TCPbd‚·
1872 4151 1941 4218 cf.
1980 4166 2100 4218 cap.
2141 4150 2396 4203 XXVII
2425 4156 2659 4204 extremo

363 4232 428 4287 16
466 4233 671 4287 feroces
716 4233 942 4289 TCPbd
1012 4234 1360 4291 id-timebis
1398 4255 1499 4292 om.
1548 4238 1594 4291 0
1673 4240 1736 4294 17
1774 4237 1878 4292 tibi
1917 4244 2107 4308 gentes
2147 4239 2238 4292 Pd
2346 4238 2569 4292 audient
2615 4238 2663 4292 0

363 4321 427 4374 18
468 4322 677 4392 eliphat
718 4322 1086 4394 GP·elyphax
1132 4324 1180 4379 Ο
1301 4328 1370 4381 20
1407 4326 1681 4381 labidibus
1720 4327 1766 4381 S
1905 4328 2131 4381 habebit
2174 4328 2330 4383 GCP
2453 4328 2522 4381 22
2560 4344 2656 4397 pa·

361 4414 481 4464 cata.
517 4410 566 4465 S
670 4411 741 4465 24
775 4411 831 4465 id
870 4418 953 4467 est
988 4429 1089 4468 om.
1134 4413 1185 4468 G
