3076 4976
510 451 638 514 564
1214 445 1267 498 S.
1325 443 1598 497 Aureli
1655 442 2090 512 Augustini

507 647 775 708 mortem
844 640 1302 723 persequamini
1354 643 1495 716 me,
1559 638 1706 721 quia
1762 657 1878 702 uos
1934 637 2130 702 libere
2194 634 2603 718 reprehendo,
2674 651 2798 696 nec

509 750 699 816 enim
769 748 1131 832 separabo
1206 747 1714 811 innocentem:
1783 763 1859 807 ne
1927 762 2042 807 uos
2109 744 2341 806 autem.
2408 759 2542 805 nec
2609 739 2798 803 enim

508 856 861 922 conscius
913 874 1074 918 sum
1122 853 1305 917 mihi
1354 852 1698 935 iniquum
1740 851 1918 933 quid
1960 849 2464 915 commisisse:
2509 846 2605 910 illi
2637 846 2800 910 enim

508 964 716 1027 solent
760 963 1135 1044 plerumque
1185 959 1326 1023 aliis
1374 978 1651 1042 parcere,
1705 958 1811 1041 qui
1858 959 2155 1021 metuunt
2210 954 2332 1020 sibi
2382 953 2624 1036 aliquid
2670 952 2800 1017 ueri

510 1069 693 1134 obici.
745 1087 934 1151 quae
985 1068 1177 1131 enim
1229 1086 1400 1149 spes
1451 1070 1568 1130 est
1615 1066 1862 1148 inpio?
1905 1064 2078 1146 quia
2128 1065 2492 1146 expectat.
2541 1081 2619 1124 ne
2660 1061 2836 1143 quis

508 1177 763 1259 putaret
836 1174 1001 1236 male
1078 1191 1224 1236 eum
1293 1175 1547 1255 optasse
1621 1170 1897 1235 inimicis
1974 1169 2130 1245 suiS‚
2198 1169 2299 1233 hic
2366 1167 2616 1252 aperuit
2681 1187 2802 1249 quo

509 1282 715 1346 animo
765 1279 1009 1343 dixerit.
1059 1278 1426 1360 inpietatem
1475 1278 1710 1360 quippe
1757 1277 2012 1340 illorum
2060 1279 2203 1340 uult
2250 1276 2451 1340 euerti
2499 1279 2563 1340 et
2599 1276 2804 1359 perire

509 1388 897 1471 superbiam:
965 1386 1133 1467 quod
1191 1385 1260 1448 fit
1320 1405 1462 1448 cum
1522 1385 1798 1448 soluitur
1859 1384 1934 1447 ab
2001 1383 2303 1466 inpietate
2369 1383 2578 1446 anima
2644 1402 2802 1464 quae

508 1494 844 1558 tenebatur
906 1511 1038 1558 rea:
1108 1491 1385 1556 soluitur
1450 1494 1663 1554 autem
1722 1511 1831 1574 per
1896 1491 2356 1555 confessionem
2420 1490 2802 1572 paenitentis

513 1599 788 1665 hominis
838 1602 904 1663 et
950 1598 1218 1682 gratiam
1274 1598 1666 1682 ignoscentis
1717 1598 1837 1662 dei.
1899 1616 2077 1681 ergo:
2138 1616 2324 1679 quae
2381 1597 2572 1660 enim
2631 1616 2799 1679 spes

510 1711 625 1770 est
697 1705 948 1787 inpio?
1023 1705 1432 1789 interrogatio
1500 1709 1564 1768 et
1627 1703 1985 1787 responsio:
2068 1704 2243 1786 quia
2310 1706 2661 1784 expectat
2735 1707 2804 1766 et

511 1813 846 1877 confidit
893 1812 962 1876 in
1015 1812 1334 1887 domino,
1386 1813 1447 1875 si
1495 1812 1692 1875 forte
1742 1811 2091 1875 soluatur
2156 1814 2285 1874 aut
2329 1829 2590 1892 preces
2641 1811 2799 1874 eius

511 1919 865 1984 exaudiat
914 1919 1278 1984 dominus.
1328 1921 1545 2000 potest
1590 1917 1847 1999 quidem
1896 1919 1962 1980 et
2007 1918 2170 1981 alius
2211 1936 2437 1981 sensus
2477 1935 2800 1981 occurrere

510 2026 569 2089 in
631 2026 730 2089 his
792 2026 1025 2104 uerbis,
1076 2027 1188 2090 sed
1253 2045 1375 2089 non
1441 2026 1532 2089 ita
1597 2024 1953 2090 contexitur
2016 2029 2081 2088 et
2141 2024 2305 2088 libro
2373 2027 2437 2088 et
2498 2023 2667 2098 fidei,
2733 2028 2803 2086 ut

511 2133 695 2214 quasi
770 2137 982 2197 totum
1048 2152 1121 2196 ex
1186 2132 1621 2215 desperatione
1699 2133 1801 2207 sit,
1870 2132 2038 2214 quod
2113 2151 2290 2214 spem
2355 2150 2616 2213 prorsus
2683 2150 2799 2194 non

511 2239 743 2303 habeat
818 2240 1050 2321 inpiuS‚
1120 2258 1263 2304 curn
1333 2239 1639 2303 aduersus
1705 2239 1824 2303 hoc
1893 2239 2200 2321 scriptum
2270 2239 2384 2302 sit:
2463 2237 2799 2301 credenti

513 2350 760 2410 autem
808 2346 879 2409 in
933 2367 1096 2410 eum
1144 2347 1269 2428 qui
1317 2346 1712 2409 iustificat
1767 2345 2076 2427 inpium,
2137 2345 2550 2428 deputatur
2603 2344 2798 2407 fides

512 2452 674 2517 eius
746 2452 833 2517 ad
896 2453 1301 2518 iustitiam.
1373 2457 1437 2517 et
1496 2452 1640 2517 ideo
1707 2452 1876 2535 quod
1943 2452 2233 2535 sequitur
2298 2451 2501 2537 gratia
2565 2450 2800 2515 domini

514 2560 721 2624 dicere
788 2561 1206 2644 intellegitur.
1275 2563 1405 2623 aut
1470 2561 1533 2623 si
1600 2560 1947 2624 euenerit
2001 2561 2069 2624 ei
2136 2560 2591 2624 necessitas:
2660 2559 2797 2621 ideo

2834 1621 2876 1657 10

2835 2148 2876 2186 15

512 2668 815 2731 debemus
895 2670 1217 2748 expectare
1296 2667 1566 2749 gratiam
1645 2667 1978 2732 soluentis.
2064 2667 2421 2749 numquid
2496 2667 2662 2731 enim
2737 2666 2868 2728 in²⁰

510 2773 912 2849 necessitate,
961 2773 1027 2835 id
1076 2777 1174 2837 est
1211 2774 1271 2836 in
1312 2774 1659 2838 tentatione
1709 2774 1976 2837 habuit
2022 2774 2383 2837 fiduciam
2431 2773 2797 2837 meritorum

434 2950 435 2953 Ἴ
510 2880 573 2943 in
625 2882 971 2959 conspectu
1031 2879 1173 2943 dei?
1232 2882 1361 2943 aut
1417 2880 1478 2942 si
1536 2880 2030 2945 inuocauerit
2087 2880 2438 2943 exaudiet
2494 2883 2700 2943 eum?
2748 2879 2798 2942 si

510 2989 834 3067 tamquam
902 2985 1135 3049 fiducia
1203 3005 1462 3067 operum
1520 3005 1780 3050 suorum
1837 2987 2116 3064 inuocat,
2177 3005 2335 3068 quae
2391 2986 2568 3049 nulla
2634 2990 2797 3048 sunt.

515 3095 979 3174 quapropter
1016 3093 1480 3156 adnuntiabo
1513 3093 1734 3156 uobis
1776 3095 1954 3176 quid
1994 3094 2096 3158 sit
2133 3094 2202 3157 in
2243 3113 2457 3157 manu
2491 3092 2796 3157 domini:

514 3198 667 3278 quid
717 3198 1011 3280 disponat
1059 3199 1236 3266 deus,
1297 3220 1469 3265 ecce
1530 3221 1781 3265 omnes
1841 3201 2085 3264 nostis
2146 3200 2321 3283 quia
2375 3219 2563 3263 uane
2619 3209 2873 3263 uana&

511 3305 940 3385 loquimini:
1023 3307 1099 3369 ob
1168 3305 1286 3369 hoc
1370 3307 1573 3390 gratia
1644 3307 1772 3369 iam
1847 3306 2232 3389 expectanda
2295 3309 2413 3369 est.
2489 3304 2796 3386 quomodo

513 3412 678 3475 enim
745 3413 1052 3496 allegauit
1116 3414 1343 3477 merita
1409 3434 1667 3495 operum
1736 3432 1995 3477 suorum
2047 3431 2213 3476 uana
2266 3430 2428 3475 uane
2495 3412 2798 3493 loquens?

694 3604 717 3655 1
760 3602 857 3655 Iob
898 3604 983 3663 27,
1024 3606 1055 3656 5
1165 3604 1198 3654 2
1237 3602 1333 3656 Iob
1374 3605 1459 3667 27,
1497 3604 1531 3657 6
1633 3605 1666 3657 5
1703 3602 1801 3656 Iob
1840 3604 1926 3666 27,
1964 3602 1996 3656 8
2101 3604 2161 3656 11
2205 3602 2302 3655 Iob
2342 3603 2427 3666 27,
2467 3602 2500 3655 8
2606 3604 2673 3656 12
2708 3602 2796 3656 Iob

510 3691 597 3749 27,
637 3693 669 3743 9
749 3692 813 3744 16
852 3691 1002 3744 Rom.
1043 3694 1094 3748 4.
1136 3695 1168 3746 5
1247 3694 1312 3746 19
1353 3691 1449 3745 Iob
1488 3694 1576 3757 27,
1617 3695 1649 3743 9
1731 3693 1815 3746 20.
1857 3692 1925 3745 22
1962 3691 2059 3745 Iob
2100 3692 2186 3755 27,
2228 3693 2296 3746 10
2379 3694 2446 3745 24
2485 3692 2584 3746 Iob
2624 3695 2708 3757 27,
2741 3693 2795 3745 11

511 3779 580 3830 25
616 3778 713 3831 Iob
752 3779 838 3842 27,
881 3781 944 3832 12

583 3903 615 3954 2
656 3902 797 3954 enim
835 3918 936 3956 om.
978 3903 1024 3957 S
1128 3904 1490 3957 innocentiam
1526 3921 1701 3957 meam
1741 3904 1788 3959 S
1818 3905 2183 3958 innocentiam
2223 3923 2255 3958 a
2291 3922 2376 3959 me
2403 3904 2549 3959 Hier
2619 3906 2654 3959 3
2691 3921 2798 3959 suni

513 3989 668 4058 mihil
707 3991 902 4044 summi
941 3992 997 4046 hi
1035 3992 1082 4046 S
1166 3994 1200 4045 4
1240 4009 1425 4045 uerum
1464 3991 1538 4045 bd
1636 3994 1669 4045 6
1709 3994 1960 4062 apparuit
2003 3993 2048 4046 Ο
2137 3994 2204 4048 10
2243 3998 2299 4046 et
2336 4010 2438 4047 om.
2485 3993 2533 4047 C
2625 3996 2684 4048 11
2726 3998 2798 4046 est

513 4095 635 4146 spes
665 4078 748 4133 Sd
858 4084 911 4132 et
930 4081 1023 4146 fin.
1048 4097 1149 4134 om.
1181 4079 1227 4134 S
1319 4082 1381 4134 16
1402 4082 1503 4133 hoc
1525 4098 1626 4135 om.
1666 4082 1796 4134 TCb
1893 4084 1956 4136 19
1976 4082 2188 4135 uenerit
2206 4082 2395 4138 SHier
2483 4084 2549 4137 21
2573 4082 2738 4137 habet
2763 4080 2804 4135 S

512 4166 677 4219 habet
717 4168 954 4236 aliquam
980 4169 1120 4223 Hier
1227 4170 1296 4222 22
1336 4171 1403 4238 si]
1445 4187 1562 4223 cum
1590 4170 1777 4224 SHier
1919 4172 2198 4224 inuocauit
2235 4171 2279 4225 C
2311 4172 2650 4225 inuocauerit
2687 4188 2796 4225 eum

512 4254 699 4308 SHier
844 4258 987 4325 eum]
1030 4257 1182 4310 illuni
1221 4257 1408 4311 SHier
1477 4259 1546 4311 25
1585 4261 1744 4328 nane]
1786 4260 1912 4313 uani
1952 4260 1982 4313 b
2067 4261 2134 4313 26
2174 4264 2257 4314 est
2294 4277 2395 4316 om.
2439 4260 2488 4313 0
2563 4261 2632 4315 27
2671 4276 2799 4315 uane

512 4360 654 4396 uana
690 4345 765 4398 bd
