3076 4976
424 476 552 537 222
1129 471 1181 524 S.
1239 471 1519 525 Aureli
1575 471 2015 540 Augustini

424 666 680 741 dixerat,
730 669 976 731 sextum
1025 666 1243 731 uelum
1292 687 1328 731 a
1374 667 1534 731 facie
1581 665 1969 731 tabernaculi
2009 664 2480 746 duplicandum,
2520 663 2585 728 id
2623 667 2723 728 est

424 774 500 836 ab
532 773 791 837 oriente.
823 772 1058 837 totiens
1091 773 1258 836 enim
1298 773 1650 856 posteriora
1688 771 2077 837 tabernaculi
2109 791 2145 835 a
2166 775 2344 853 parte
2375 770 2719 836 occidentis

423 898 563 944 esse
612 878 1015 962 significauit,
1065 879 1129 943 id
1176 885 1275 944 est
1313 879 1390 943 ad
1439 899 1629 944 mare.
1672 878 1823 960 quid
1860 878 2058 962 igitur
2096 879 2290 943 facies
2329 877 2720 942 tabernaculi

423 986 546 1051 nisi
599 1005 743 1067 pars
799 986 913 1050 illa
967 986 1397 1069 intellegenda
1452 991 1572 1060 est,
1632 1005 1793 1068 quae
1850 990 1951 1049 est
2015 985 2093 1049 ad
2159 984 2512 1051 orientem?
2574 1004 2720 1066 pars

425 1112 572 1177 ergo
621 1092 751 1168 illa,
803 1111 926 1173 qua
973 1092 1119 1156 uela
1166 1092 1442 1175 quinque
1492 1110 1727 1156 conexa
1773 1096 1943 1168 sunt,
1984 1092 2175 1156 habet
2212 1092 2431 1155 cubita
2469 1093 2720 1156 centum
2783 1112 2811 1151 5

423 1199 898 1283 quinquaginta,
957 1199 1076 1263 hoc
1137 1201 1238 1263 est
1294 1199 1631 1280 quinquies
1687 1198 1927 1262 tricena
1982 1236 2070 1243 —
2125 1198 2508 1263 tricenorum
2555 1199 2723 1262 enim

426 1307 784 1371 cubitorum
845 1308 1024 1370 erant
1079 1305 1352 1389 singula,
1413 1304 1585 1369 sicut
1640 1324 1712 1369 ea
1769 1305 1925 1369 deus
1983 1305 2116 1368 fieri
2161 1305 2438 1368 iusserat
2481 1341 2567 1350 ——-
2613 1305 2725 1367 illa

423 1434 572 1478 uero
629 1432 773 1495 pars
833 1413 895 1476 in
955 1431 1080 1495 qua
1134 1415 1312 1476 erant
1368 1432 1487 1477 non
1549 1413 1847 1494 quinque,
1910 1412 2020 1477 sed
2086 1432 2189 1476 sex
2254 1412 2400 1475 uela
2467 1411 2725 1475 sibimet

423 1520 716 1585 similiter
758 1539 931 1596 nexa,
982 1519 1196 1583 cubita
1242 1519 1516 1583 habebat
1562 1521 1819 1583 centum
1868 1519 2210 1601 octoginta,
2258 1517 2325 1582 id
2373 1521 2473 1581 est
2520 1518 2721 1582 sexies

421 1627 694 1701 tricena;
755 1646 824 1690 ac
882 1646 994 1708 per
1050 1626 1169 1690 hoc
1228 1625 1553 1707 duplicato
1613 1646 1682 1689 ex
1732 1626 1822 1689 eis
1870 1645 1994 1689 uuo
2042 1626 2207 1701 ue10,
2260 1626 2431 1689 sicut
2474 1626 2722 1688 iussum
2764 1649 2815 1687 ιο

424 1737 540 1810 est,
592 1731 941 1797 secundum
988 1732 1215 1796 faciem
1262 1732 1658 1796 tabernaculi
1697 1732 2141 1797 minuebantur
2177 1733 2238 1795 in
2279 1752 2353 1796 ea
2390 1731 2723 1813 duplicati-

426 1859 539 1904 one
616 1839 832 1903 cubita
907 1838 1300 1918 quindecim:
1380 1838 1613 1918 quibus
1685 1838 1985 1903 detractis
2061 1842 2315 1903 centum
2402 1838 2726 1921 sexaginta

426 1947 699 2029 quinque
745 1945 1176 2010 remanebant.
1228 1948 1292 2009 et
1327 1945 1468 2009 ideo
1508 1949 1657 2027 post
1694 1950 1945 2009 centum
1987 1946 2450 2029 quinquaginta
2488 1944 2723 2019 cubita,

425 2053 656 2135 quibus
704 2053 801 2116 illi
846 2052 1012 2134 parti
1060 2053 1338 2134 quinque
1390 2052 1677 2116 uelorum
1716 2053 1905 2116 etiam
1945 2052 2071 2115 ista
2106 2071 2251 2134 pars
2293 2070 2399 2115 sex
2438 2052 2725 2115 uelorum

424 2159 830 2241 aequabatur,
890 2159 1272 2240 superabant
1338 2162 1524 2239 atque
1591 2159 1995 2223 abundabant
2060 2158 2276 2222 cubita
2342 2157 2722 2239 quindecim.
2767 2181 2817 2218 ιε

423 2266 598 2330 illinc
666 2265 829 2328 enim
870 2268 1070 2329 -erant
1135 2284 1170 2327 a
1231 2269 1408 2346 parte
1471 2265 1754 2350 *quinque
1824 2264 2110 2329 uelorum
2179 2265 2395 2329 cubita
2472 2269 2726 2328 centurn

426 2373 915 2455 quinquaginta3
975 2372 1121 2434 hinc
1169 2375 1380 2435 autem
1432 2392 1466 2434 a
1511 2377 1688 2452 parte
1737 2390 1845 2435 sex
1893 2373 2178 2435 uelorum
2231 2371 2552 2453 duplicato
2601 2390 2725 2434 uno

426 2481 570 2543 uelo
631 2478 976 2543 secundum
1031 2477 1259 2541 faciem
1317 2475 1708 2542 tabernaculi
1765 2480 1943 2542 erant
1989 2477 2205 2542 cubita
2252 2480 2506 2542 centum
2557 2496 2726 2541 sexa-

428 2587 602 2671 ginta
649 2585 947 2667 quinque.
997 2586 1142 2666 plus
1192 2603 1339 2668 ergo
1389 2583 1664 2649 habebat
1707 2604 1852 2666 pars
1900 2585 2026 2649 ista
2073 2585 2289 2648 cubita
2346 2584 2725 2666 quindecim.

427 2692 546 2756 hoc
587 2691 742 2754 dicit
780 2691 1111 2755 dimidium
1152 2690 1300 2768 ueli,
1344 2691 1512 2773 quod
1552 2691 1730 2755 iubet
1761 2691 2013 2775 subtegi
2046 2695 2192 2772 post
2220 2690 2721 2755 tabernaculum.
2764 2716 2817 2755 20

428 2804 519 2874 ut,
570 2799 716 2880 quia
765 2800 923 2862 illud
965 2818 1001 2861 a
1037 2799 1198 2862 facie
1238 2798 1632 2879 duplicatum
1675 2803 1792 2872 est,
1835 2800 1956 2862 hoc
1996 2797 2331 2861 dimidium
2369 2797 2728 2862 redundans

430 2926 465 2969 a
517 2905 866 2986 posteriore
923 2908 1097 2986 parte
1155 2904 1547 2968 tabernaculi
1604 2924 1723 2968 non
1776 2904 2223 2986 duplicaretur,
2274 2904 2383 2967 sed
2434 2903 2727 2987 subtege-

427 3017 618 3086 retur,
676 3011 737 3073 id
798 3015 896 3074 est
955 3011 1164 3074 omnia
1220 3011 1360 3092 ipsa
1419 3011 1778 3092 quindecim
1830 3011 2043 3075 cubita
2095 3011 2510 3074 subtennissa
2556 3016 2728 3094 tege-

428 3122 661 3192 rentur,
722 3137 794 3181 ac
843 3117 932 3181 sic
983 3121 1047 3181 et
1092 3117 1230 3198 ipsa
1277 3117 1371 3180 illi
1421 3118 1803 3200 longitudini
1855 3117 2352 3192 detraherentur,
2405 3117 2575 3181 sicut
2622 3116 2730 3180 illa

426 3225 646 3288 itidem
705 3223 1060 3305 quindecim
1120 3243 1154 3286 a
1211 3223 1370 3287 facie
1429 3225 1821 3287 tabernaculi
1879 3224 2064 3288 unius
2122 3224 2250 3288 ueli
2301 3223 2727 3306 duplicatione
2766 3249 2820 3287 εδ

429 3331 708 3395 detracta
737 3333 904 3406 sunt,
935 3349 1135 3411 eoque
1167 3329 1352 3395 modo
1386 3335 1641 3394 centum
1680 3330 2137 3414 quinquaginta
2174 3330 2410 3394 cubitis
2451 3330 2725 3412 quinque

427 3439 717 3501 uelorum
765 3441 1170 3502 occurrerent
1217 3457 1287 3500 ex
1338 3437 1462 3499 alia
1508 3441 1684 3520 parte
1725 3441 1977 3502 centum
2020 3437 2476 3521 quinquaginta
2516 3436 2730 3501 cubita

429 3563 532 3607 sex
610 3544 931 3607 uelorum:
997 3543 1259 3626 triginta
1327 3542 1573 3607 scilicet
1640 3542 1874 3607 cubitis
1940 3543 2015 3606 de
2084 3546 2337 3606 centum
2407 3542 2730 3626 octoginta

504 3857 527 3909 l
573 3855 1374 3925 duplicandum—tabernaculi
1416 3872 1517 3909 om.
1562 3856 1604 3907 C
1748 3857 1780 3908 2
1820 3857 2170 3909 occidentalis
2210 3855 2343 3909 P²T
2488 3859 2520 3910 3
2559 3856 2727 3923 signi-

429 3946 613 3998 ficabit
659 3947 705 3998 G
847 3945 991 4013 quod
1027 3943 1154 3998 P¹S
1276 3947 1307 3998 5
1349 3961 1613 3998 conexasa
1657 3945 1700 3996 C
1840 3944 2007 3998 habet
2045 3961 2145 4000 om.
2193 3946 2239 3998 C
2344 3947 2375 3999 6
2417 3946 2646 3998 tricenta
2689 3943 2736 3996 0

431 4036 462 4086 9
503 4051 738 4086 connexa
778 4034 851 4086 bd
995 4032 1276 4086 habebunt
1313 4033 1424 4086 PT
1457 4033 1736 4086 habebant
1774 4033 1895 4088 SV¹
2010 4035 2075 4086 12
2115 4033 2433 4102 quindecem
2475 4034 2573 4098 (sic
2608 4048 2728 4085 sae-

420 4124 574 4191 pius)
625 4124 670 4176 C
779 4125 842 4176 13
885 4122 1297 4191 quinquagenta
1341 4121 1387 4174 C
1511 4123 1576 4176 16
1616 4123 1727 4175 illic
1766 4121 1903 4174 P¹V
2026 4124 2088 4175 17
2128 4123 2251 4185 hinc
2300 4122 2352 4174 V
2458 4123 2523 4174 19
2563 4121 2728 4174 habe-

429 4210 560 4264 bant
605 4210 651 4264 C'
720 4212 781 4265 21
829 4211 997 4264 faciae
1036 4211 1110 4262 P1
1149 4228 1277 4280 pace
1324 4210 1370 4264 G
1476 4211 1746 4265 redundas
1784 4211 1829 4264 C
1898 4212 1966 4265 22
2005 4212 2304 4280 posteriora
2337 4210 2383 4263 Ο
2452 4210 2522 4263 24
2550 4211 2647 4263 illa
2684 4209 2739 4262 V

430 4300 772 4369 longitudine
820 4301 866 4354 0
1046 4301 1140 4353 illa
1188 4301 1284 4370 (lla
1330 4317 1372 4353 s.
1427 4301 1461 4354 l.
1501 4319 1569 4353 m.
1611 4305 1668 4368 2)
1718 4301 1764 4354 C
1905 4303 1972 4354 :25
2014 4319 2044 4354 a
2082 4316 2219 4354 erae.
2260 4302 2321 4352 in
2358 4301 2469 4367 fine
2504 4316 2644 4352 uem.
2690 4299 2737 4352 C

431 4391 499 4442 26
541 4390 842 4442 detractata
887 4390 1060 4442 ΟΡΤ1
1170 4391 1237 4442 ’28
1279 4390 1342 4443 de
1385 4392 1626 4459 centuni]
1665 4390 1878 4444 decenti
1924 4391 1969 4443 C
2006 4390 2293 4443 ducentum
2334 4388 2379 4442 S
