3076 4976
547 552 676 615 582
1252 553 1305 606 S.
1364 550 1643 604 Aureli
1699 550 2133 621 Augustini

548 744 612 808 id
644 748 744 808 est
772 744 831 808 in
865 746 1256 811 societatem.
1299 752 1371 811 et
1408 747 1710 811 molliet
1750 766 2007 811 carnes
2048 766 2225 811 suas
2266 746 2469 810 sicut
2505 746 2832 827 paruuli:

548 871 624 914 ne
674 851 760 915 sit
805 851 998 916 durus
1049 854 1364 936 superbia,
1415 853 1766 919 secundum
1817 853 1984 934 quod
2031 853 2179 916 Elin
2228 852 2503 929 uidetur,
2562 856 2838 916 tentatur

551 957 660 1021 Iob
728 957 991 1025 humilis
1055 979 1167 1040 per
1230 960 1728 1026 innonationem.
1801 963 1872 1024 et
1944 959 2269 1023 intrauit
2340 959 2540 1022 facie
2617 958 2839 1023 hilari

552 1083 714 1128 cum
769 1066 1278 1146 professione:
1338 1071 1594 1150 paratus
1654 1067 1732 1130 ad
1789 1067 2194 1130 tentationes,
2256 1066 2471 1129 salua
2526 1064 2841 1128 animam

550 1190 815 1248 meam,
873 1192 956 1236 ne
1014 1174 1305 1238 ueniam
1352 1176 1420 1238 in
1473 1173 2070 1256 corruptionem:
2121 1173 2223 1237 hic
2274 1172 2543 1236 tentatio
2592 1170 2839 1234 mortis,
2896 1195 2917 1233 ⁵

553 1277 763 1342 uices
810 1280 966 1343 tres
1017 1300 1176 1343 cum
1225 1281 1423 1346 uiro:
1477 1279 1934 1355 conuersioniS,
1974 1279 2389 1362 probationis,
2430 1279 2677 1342 mortiS.
2719 1276 2844 1341 sed

553 1382 755 1444 eruit
810 1383 1130 1448 animam
1184 1404 1415 1449 meam
1473 1386 1558 1449 de
1616 1393 1887 1449 morte:
1948 1387 2096 1468 quia
2155 1384 2358 1448 adhuc
2417 1383 2573 1447 haec
2622 1383 2845 1445 mortis

553 1492 772 1551 restat.
840 1493 922 1553 ut
987 1491 1227 1554 anima
1293 1511 1452 1556 mea
1515 1493 1586 1556 in
1653 1492 1932 1556 lumine
2001 1491 2391 1555 collaudet
2456 1509 2655 1552 eum:
2726 1489 2848 1552 iam

557 1614 704 1678 ergo
755 1596 1072 1660 orationes
1123 1599 1483 1675 cessabunt,
1533 1599 1683 1681 quia
1730 1600 1906 1662 nulla
1951 1599 2073 1662 erit
2119 1596 2490 1679 indigentia.

645 1702 972 1768 XXXIIlI.
1065 1705 1551 1787 Respondens
1645 1708 1892 1769 autem
1974 1704 2149 1768 Elin
2234 1703 2445 1766 dixit.
2533 1699 2849 1783 quomodo
2886 1728 2927 1766 ιο

559 1806 822 1872 dicitur:
891 1813 956 1874 et
1019 1810 1270 1875 adiecit.
1339 1817 1413 1876 et
1477 1812 1604 1894 qui
1670 1812 1973 1877 habetis
2042 1811 2469 1885 scientiam,
2538 1807 2850 1872 auribus

558 1916 963 1998 percipite:
1045 1919 1459 2001 spiritalibus,
1537 1920 1714 2002 quia
1788 1919 1992 1983 auris
2078 1936 2460 1982 sermones
2545 1915 2849 1998 probat:

563 2021 688 2084 ista
745 2023 1036 2088 carnalis.
1097 2025 1275 2107 quid
1333 2031 1450 2089 est
1503 2026 1810 2102 bonum,
1870 2025 2041 2107 quia
2107 2024 2299 2088 dixit
2364 2022 2531 2087 Iob:
2598 2023 2850 2086 iustus

563 2134 766 2192 sum?
842 2131 994 2212 quid
1068 2132 1218 2196 boni
1294 2133 1451 2196 dixit
1525 2133 1675 2214 quia
1749 2133 1951 2196 dixit?
2026 2135 2099 2194 et
2171 2131 2243 2194 in
2317 2128 2609 2193 iudicio
2696 2147 2851 2191 meo

563 2236 931 2301 mentitus
1009 2242 1148 2303 est.
1224 2239 1372 2303 hinc
1438 2244 1567 2303 est:
1637 2259 1771 2321 ego
1837 2240 2026 2303 bona
2088 2236 2644 2319 praestolabar:
2716 2234 2851 2298 ideo
2888 2266 2929 2305 η

564 2346 814 2422 praeter
860 2363 1039 2426 spem
1088 2345 1257 2426 quod
1306 2351 1405 2410 est
1450 2346 1759 2410 mentitus
1808 2351 1924 2410 est.
1975 2344 2144 2426 quis
2203 2347 2319 2407 est
2372 2343 2488 2406 uir
2543 2344 2626 2405 ut
2683 2341 2851 2405 Iob?

566 2448 773 2513 adhuc
828 2451 1021 2515 uerba
1077 2453 1189 2517 Iob
1249 2458 1427 2527 sunt:
1478 2453 1670 2518 dixit
1726 2453 1951 2517 enirn:
2011 2472 2148 2517 non
2208 2449 2665 2515 uisitabitur
2733 2446 2852 2530 qui

569 2557 1078 2623 ambulauerit
1129 2579 1288 2623 cum
1339 2560 1508 2624 deo:
1560 2561 1663 2624 hic
1711 2561 1893 2624 illum
1933 2564 2119 2642 putat
2152 2559 2510 2638 deceptum,
2552 2556 2703 2637 quia
2742 2555 2855 2618 hoc

569 2682 825 2745 sperans
893 2666 1006 2729 illa
1071 2667 1280 2731 omnia
1345 2669 1597 2740 fecerit:
1667 2671 1778 2731 aut
1842 2671 2043 2731 certe:
2102 2665 2271 2747 quod
2325 2664 2389 2727 in
2445 2663 2682 2726 bonum
2740 2680 2854 2725 non

569 2773 753 2849 putat
808 2771 1053 2835 uisitari
1112 2792 1255 2836 eum
1314 2774 1420 2856 qui
1488 2773 1916 2837 ambulauerit
1981 2792 2125 2836 cum
2194 2770 2470 2835 dominO.
2548 2768 2754 2832 absit
2824 2787 2928 2828 aso

576 2874 875 2940 domino
936 2878 1300 2959 inpietas:
1361 2884 1471 2944 aut
1526 2885 1600 2943 ut
1646 2899 1767 2942 non
1818 2879 2042 2943 uisitet
2086 2878 2150 2941 in
2197 2877 2382 2951 bon0,
2433 2875 2541 2957 qui
2589 2894 2737 2938 cum
2786 2892 2854 2937 eo

571 2981 1010 3057 ambulauerit,
1071 2988 1181 3049 aut
1236 2985 1422 3050 etiam
1482 2987 1536 3050 si
1592 2986 1957 3049 uisitauerit
2010 2985 2073 3047 in
2130 2983 2498 3059 tentatione,
2565 2981 2737 3063 inpie
2799 2984 2857 3042 et

573 3087 815 3153 iniuste
876 3095 1042 3173 agat.
1101 3092 1353 3173 inpius
1403 3099 1519 3157 est
1568 3094 1693 3175 qui
1741 3092 1930 3157 dicit
1975 3091 2168 3173 regi:
2218 3089 2505 3153 iniuste
2555 3088 2740 3170 agis.
2790 3090 2855 3149 tu

575 3198 787 3258 autem
843 3196 1004 3259 illud
1061 3218 1182 3262 non
1241 3199 1432 3263 debes
1492 3199 1719 3276 dicere,
1778 3198 1884 3280 qui
1942 3217 2063 3261 non
2113 3216 2179 3260 es
2227 3195 2460 3277 inpius,
2509 3196 2692 3269 bene,
2740 3191 2856 3274 qui

576 3300 786 3378 dicit,
837 3321 978 3378 uon,
1030 3302 1138 3384 qui
1187 3302 1428 3382 dixerit,
1477 3323 1552 3367 ne
1599 3305 1727 3368 iam
1775 3303 1966 3367 etiam
2016 3303 2092 3365 ob
2144 3302 2262 3364 hoc
2312 3303 2499 3364 esset.
2550 3295 2857 3381 quomodo
2890 3320 2930 3357 ιτ»

761 3549 782 3598 1
825 3544 917 3597 loc
955 3546 1042 3607 33,
1082 3548 1149 3600 25
1322 3549 1354 3601 3
1393 3547 1488 3600 lob
1529 3549 1615 3602 33.
1655 3548 1723 3602 26
1895 3548 1931 3599 4
1968 3546 2064 3601 Iob
2105 3547 2189 3608 33,
2230 3546 2298 3597 28
2464 3544 2495 3595 6
2535 3541 2633 3595 Iob
2673 3541 2757 3599 33,
2797 3539 2859 3591 ‘29

578 3632 674 3685 Iob
716 3634 800 3698 33,
840 3636 909 3687 30
1043 3637 1076 3687 8
1111 3635 1210 3688 Iob
1249 3636 1335 3697 33,
1374 3637 1443 3689 30
1583 3638 1650 3689 10
1686 3636 1783 3688 Iob
1824 3635 1909 3695 34,
1953 3637 1978 3689 1
2121 3635 2181 3687 11
2223 3632 2320 3686 Iob
2360 3633 2445 3693 34,
2484 3632 2518 3683 2
2669 3630 2735 3682 12
2770 3626 2858 3680 Iob

580 3722 666 3781 34.
706 3724 737 3775 3
888 3724 953 3775 13
989 3723 1088 3776 Iob
1127 3725 1214 3787 34,
1251 3727 1302 3778 4.
1342 3729 1374 3779 5
1527 3726 1593 3777 14
1628 3725 1725 3778 Iob
1765 3724 1852 3787 34,
1892 3726 1924 3776 6
2085 3723 2151 3776 15
2189 3721 2284 3775 Iob
2325 3722 2411 3781 30,
2451 3721 2520 3773 26
2674 3720 2735 3771 16
2772 3714 2859 3769 Iob

580 3810 668 3873 34,
711 3812 739 3864 7
856 3813 918 3865 17
956 3812 1052 3865 Iob
1093 3814 1178 3874 34,
1219 3815 1251 3867 9
1361 3815 1431 3866 20
1467 3814 1564 3867 Iob
1604 3815 1688 3871 34.
1732 3814 1797 3866 10
1907 3812 1976 3864 23
2011 3812 2110 3864 Iob
2149 3812 2235 3871 34,
2279 3809 2344 3862 18

653 3935 685 3986 2
732 3934 892 4004 helyu
947 3936 1048 3990 TC
1089 3937 1232 3990 heliu
1281 3937 1368 3991 Pb
1551 3938 1582 3990 3
1631 3936 1859 3989 intrabit
1904 3935 2049 3987 Hier
2227 3935 2258 3986 5
2309 3947 2484 3984 meam
2530 3946 2633 3982 om.
2690 3925 2861 3983 TPCb

582 4023 614 4074 6
656 4040 773 4076 cum
813 4024 951 4093 uiro]
995 4027 1210 4078 coniuro
1256 4026 1302 4079 C
1443 4028 1472 4079 7
1515 4030 1667 4078 eruet
1704 4024 1750 4079 S
1893 4025 1958 4076 10
1998 4018 2555 4091 Respondens-dixit
2592 4034 2695 4071 om.
2733 4016 2863 4070 Hier

584 4112 934 4182 respondens]
974 4115 1324 4182 pronuntians
1354 4115 1408 4167 P
1549 4114 1710 4182 helyu
1750 4113 1850 4166 TC
1881 4112 2027 4165 heliu
2065 4111 2150 4163 Pb
2188 4109 2362 4162 helius
2403 4106 2448 4161 S
2556 4106 2615 4158 ll
2661 4105 2861 4174 sapien-

581 4201 714 4253 tiam
751 4200 894 4254 Hier
1005 4205 1070 4257 12
1108 4204 1368 4256 sermonis
1407 4202 1454 4256 S
1486 4203 1652 4255 uerba
1689 4202 1832 4255 Hier
1968 4203 2030 4253 15
2069 4196 2443 4268 praestolabor
2479 4195 2509 4248 b
2626 4196 2691 4247 16
2728 4191 2858 4261 quis]

586 4289 716 4357 quid
761 4291 913 4344 TPC
948 4292 1038 4359 qui
1078 4291 1125 4345 S
1251 4294 1312 4346 17
1354 4291 1729 4345 adhuc-sunt
1767 4306 1868 4343 om.
1908 4290 1963 4341 P
2092 4288 2154 4340 18
2194 4285 2437 4339 ambulat
2474 4283 2522 4337 S
2663 4282 2783 4335 hinc
2818 4278 2865 4331 P

586 4379 651 4431 21
694 4384 752 4431 ut
790 4395 891 4434 om.
939 4380 984 4432 G
1089 4382 1156 4433 23
1197 4380 1331 4433 dixit
1375 4381 1421 4434 C
1562 4380 1781 4449 iniuste]
1822 4379 2005 4446 inique
2035 4377 2220 4431 SHier
2315 4374 2385 4427 24
2413 4389 2521 4425 non
2552 4370 2715 4424 debes
2739 4364 2861 4422 illud

587 4467 714 4521 Pbd
857 4471 940 4522 est
979 4469 1018 4520 d
1161 4470 1253 4537 qui
1292 4486 1392 4523 om.
1439 4469 1486 4521 C
1591 4472 1658 4523 25
1701 4467 1828 4537 quid
1866 4468 1919 4519 P
2062 4465 2152 4534 ob]
2194 4464 2282 4516 iob
2324 4463 2354 4515 b
