3076 4976
416 503 550 567 402
1135 501 1186 555 S.
1244 500 1515 554 Aureli
1572 501 2010 571 Augustini

419 715 663 761 eoram
714 695 1036 761 dominO.
1087 715 1273 777 quae
1314 700 1563 761 autem
1603 716 1776 761 uere
1815 696 2048 762 uidua
2086 702 2202 763 est
2239 701 2315 762 et
2351 697 2723 773 desolata,

421 802 763 885 sperauit
808 802 881 867 in
930 802 1303 868 dominum
1354 807 1426 868 et
1472 803 1830 886 persistit
1866 804 1936 868 in
1979 804 2458 870 orationibus
2498 808 2719 869 nocte

420 914 492 974 et
555 909 693 974 die.
757 910 918 974 hanc
980 929 1131 975 uere
1194 911 1456 975 uiduam
1521 910 1697 988 dixit,
1748 930 1907 994 quae
1953 930 2072 976 non
2140 911 2334 976 habet
2391 931 2428 975 a
2488 912 2717 994 quibus

422 1020 833 1095 sustentetur,
903 1016 1051 1099 quia
1106 1036 1228 1082 non
1287 1018 1497 1083 solum
1560 1018 1721 1090 uiro,
1781 1018 1892 1082 sed
1949 1018 2142 1083 etiam
2198 1017 2471 1101 posteris
2531 1023 2719 1101 atque

422 1123 592 1188 omni
639 1142 755 1205 ope
804 1122 1113 1187 destituta
1153 1126 1276 1199 est3
1327 1121 1594 1186 diuitem
1634 1123 1867 1207 quippe
1904 1143 2027 1189 non
2067 1123 2305 1189 diceret
2343 1123 2717 1188 desolatam.
2780 1147 2816 1187 ⁵

419 1229 682 1312 pauperi
728 1228 940 1310 itaque
987 1229 1220 1312 pignus
1269 1248 1390 1293 non
1440 1232 1541 1293 est
1587 1230 1998 1295 auferendum
2048 1230 2534 1307 uestimentum3
2575 1250 2719 1294 nam

423 1339 488 1401 et
549 1336 669 1401 hoc
733 1335 895 1417 ipso,
962 1335 1131 1417 quod
1196 1336 1652 1400 uestimentum
1718 1337 2014 1419 prohibet
2068 1338 2319 1415 auferri,
2375 1356 2720 1420 pauperem

423 1441 720 1507 ostendit.
789 1461 991 1524 neque
1040 1442 1206 1507 enim
1256 1442 1531 1506 creditor
1594 1462 1717 1507 non
1766 1443 1981 1527 potius
2048 1444 2320 1508 auferret
2385 1448 2718 1527 argentum

422 1549 528 1613 uel
560 1548 614 1613 si
645 1549 797 1631 quid
828 1549 1001 1613 aliud
1033 1567 1220 1630 quam
1261 1549 1740 1613 uestimentum.
1780 1569 1963 1632 porro
2005 1550 2059 1613 si
2098 1550 2443 1615 occurrerit
2480 1550 2719 1613 animo:

425 1655 621 1736 quid?
669 1656 724 1720 si
772 1656 978 1720 multa
1032 1655 1263 1720 habeat
1308 1656 1697 1720 uestimenta
1751 1675 1871 1721 non
1921 1657 2296 1733 necessaria,
2347 1656 2459 1721 sed
2507 1675 2723 1738 super·
2764 1684 2826 1722 ιο

425 1763 572 1839 flua,
639 1762 952 1844 quomodo
1017 1761 1416 1846 intellegitur
1476 1781 1624 1826 uere
1692 1762 1908 1839 uidua,
1975 1762 2094 1827 hoc
2161 1768 2260 1827 est
2323 1783 2445 1827 non
2511 1763 2721 1826 solum

428 1867 713 1933 desolata
747 1888 971 1933 uerum
1013 1869 1203 1934 etiam
1243 1887 1403 1950 quae
1440 1888 1563 1933 non
1609 1868 1673 1931 in
1714 1868 1959 1933 deliciis
1999 1869 2172 1953 agit?
2221 1889 2409 1950 quam
2450 1868 2724 1942 subiecit

428 1975 673 2040 dicens:
723 1994 909 2057 quae
959 1980 1207 2040 autem
1258 1977 1330 2041 in
1371 1975 1679 2040 deliciis
1721 1977 1899 2060 agit,
1939 1976 2212 2041 uiuens
2251 1980 2544 2041 mort-ua
2584 1979 2720 2040 est.

433 2079 541 2169 [et]
592 2082 753 2146 hanc
802 2082 1036 2164 quippe
1086 2082 1385 2165 obposuit
1429 2085 1758 2164 tamquam
1807 2101 1838 2145 e
1888 2083 2194 2147 contrario
2242 2101 2430 2146 uerae
2467 2082 2722 2159 uiduae,

427 2194 754 2271 tamquam
802 2189 950 2253 talis
998 2209 1117 2253 non
1168 2189 1254 2254 sit
1299 2208 1450 2253 uera
1492 2189 1712 2253 uidua.
1762 2207 2198 2271 quaecumque
2239 2193 2449 2253 autem
2490 2188 2722 2252 diuites
2764 2216 2826 2254 ιε,

430 2295 584 2361 alias
649 2295 903 2378 nuptias
964 2296 1237 2383 experiri
1298 2296 1658 2373 noluerunt,
1727 2295 2112 2359 continentia
2156 2295 2218 2359 in
2268 2296 2361 2359 eis
2407 2294 2722 2369 laudatur,

430 2422 551 2467 non
584 2403 891 2468 desolatio
922 2404 1417 2467 commendatur.
1450 2404 1568 2468 hae
1599 2402 1831 2485 quippe
1861 2403 2105 2467 maritis
2135 2405 2386 2466 tantum
2426 2402 2725 2466 uiduatae

432 2515 601 2588 sunt,
649 2529 771 2573 non
821 2510 961 2574 aliis
1007 2512 1218 2575 rebus.

520 2617 779 2681 XLIIII.
852 2616 1036 2696 Quod
1102 2617 1414 2695 admonet,
1474 2620 1549 2680 ut
1603 2618 1666 2680 in
1725 2636 1934 2683 messe
1994 2618 2265 2683 oblitum
2329 2616 2723 2698 manipulum

432 2742 616 2787 nemo
694 2723 954 2807 colligat
1018 2727 1082 2787 et
1146 2723 1382 2787 oliuam
1449 2724 1555 2786 uel
1621 2743 1813 2787 uuam
1878 2724 2163 2788 relictam
2233 2743 2414 2788 nemo
2481 2724 2727 2805 repetat
2762 2750 2828 2790 ω

432 2830 803 2915 diligentius
868 2831 1156 2914 neglecta
1221 2830 1518 2913 colligere
1587 2834 1650 2894 et
1708 2831 1865 2894 dicit
1926 2830 2262 2914 egentibus
2330 2828 2726 2905 dimittenda,

438 2937 710 3001 occurrit
767 2936 1031 3000 forsitan
1090 2935 1491 3019 cogitationi:
1543 2935 1735 3017 quid?
1785 2937 1838 3001 si
1885 2937 2040 3001 haec
2090 2956 2249 3019 quae
2298 2937 2374 2999 ab
2434 2955 2724 3020 agrorum

436 3043 708 3136 dominis
776 3041 1184 3105 dimittuntur
1229 3059 1352 3105 non
1401 3046 1681 3126 egentes,
1731 3042 1844 3107 sed
1908 3041 2156 3125 inprobi
2204 3041 2549 3125 colligant?
2615 3040 2727 3105 sed

437 3148 962 3214 considerandum
1008 3148 1209 3229 primo
1256 3149 1439 3213 illum
1478 3149 1911 3214 misericordia
1948 3151 2173 3226 facere,
2214 3147 2322 3231 qui
2361 3149 2480 3213 hoc
2518 3147 2724 3212 animo

438 3255 724 3333 dimittit,
774 3258 848 3318 ut
894 3258 1153 3337 egentes
1201 3255 1474 3319 habeant
1512 3255 1681 3337 quod
1721 3255 2086 3320 dimittitur.
2128 3255 2351 3320 deinde
2390 3274 2536 3319 cum
2572 3254 2724 3318 haec
2763 3284 2828 3323 ετ»

438 3361 672 3445 populo
719 3361 1211 3444 praecipiuntur,
1261 3362 1454 3426 simul
1512 3363 1928 3427 admonentur
1981 3362 2046 3426 hi
2105 3362 2213 3445 qui
2268 3380 2391 3427 non
2447 3361 2731 3445 indigent

435 3469 565 3533 ista
617 3488 739 3531 non
788 3486 1105 3549 quaerere.
1164 3469 1332 3550 quod
1380 3469 1436 3534 si
1483 3469 1889 3550 quaesierint,
1954 3469 2107 3552 quid
2166 3468 2338 3533 aliud
2395 3487 2581 3550 quam
2626 3486 2726 3530 res

441 3574 677 3639 alienas
744 3579 828 3650 et,
895 3573 1065 3657 quod
1120 3579 1219 3639 est
1281 3575 1565 3658 grauiuS,
1632 3595 1980 3658 pauperum
2046 3575 2342 3640 inuadere
2407 3572 2726 3639 indicandi

440 3685 630 3746 sunt?
679 3681 932 3763 utrique
981 3700 1128 3764 ergo
1179 3684 1755 3745 commemorantur
1800 3681 1899 3746 his
1947 3681 2319 3764 praeceptis,
2360 3685 2426 3746 et
2462 3700 2727 3763 quorum

624 3856 688 3909 19
728 3855 792 3910 cf.
832 3855 997 3908 Deut.
1039 3855 1125 3917 24,
1164 3855 1228 3907 ‘21
1275 3855 1387 3921 (19)

512 3981 545 4034 2
583 3980 827 4051 perstitit
865 3978 1050 4034 S¹VU
1056 3979 1106 4032 T
1245 3982 1401 4032 necte
1431 3978 1479 4032 S
1584 3981 1615 4033 3
1655 3996 1835 4033 ueram
1865 3979 2135 4034 PSVUT
2238 3980 2272 4032 5
2311 3978 2405 4032 des
2441 3980 2488 4031 it
2521 3981 2645 4031 tuta
2672 3977 2743 4030 Ν

440 4071 474 4124 6
512 4068 1099 4123 nam-uestimentum
1128 4083 1230 4125 om.
1261 4067 1327 4119 Ν
1429 4067 1461 4121 8
1501 4068 1712 4122 auferet
1747 4068 1798 4121 T
1907 4070 1973 4122 12
2008 4085 2115 4121 non
2155 4068 2403 4121 desolata
2438 4067 2489 4121 T
2624 4082 2730 4118 non

414 4176 562 4229 erp.
600 4158 651 4212 T
791 4155 1085 4210 deliciaebus
1111 4155 1179 4212 N
1283 4157 1348 4210 13
1388 4156 1573 4210 dicens
1601 4174 1702 4212 om.
1731 4156 1799 4211 N
1903 4159 1970 4211 14
2000 4161 2071 4222 et,
2100 4157 2250 4225 quod
2273 4155 2490 4211 PSNV
2511 4152 2732 4220 habent,

448 4246 499 4299 Τ
534 4263 653 4315 emp.
693 4245 897 4299 inclusi
1040 4261 1168 4298 uere
1205 4244 1367 4299 PSN
1375 4244 1429 4299 U
1542 4246 1605 4299 17
1644 4246 1778 4299 haec
1817 4245 1940 4301 SU¹
2086 4246 2322 4314 tantuin]
2362 4249 2638 4314 tamquam
2688 4241 2746 4294 V

441 4334 640 4388 uiduae
688 4333 737 4388 V
880 4333 945 4387 18
1004 4333 1109 4406 alie
1146 4332 1323 4387 PSU¹
1468 4333 1536 4388 20
1589 4333 1783 4388 relicta
1818 4334 1888 4389 Ν
2024 4335 2092 4388 24
2138 4333 2557 4388 misericordiam
2606 4328 2740 4384 VU²

437 4422 512 4477 28
552 4423 773 4491 grauius
812 4425 895 4476 est
933 4423 1007 4476 bd
