3076 4976
387 390 516 452 ‘264
1090 387 1140 438 S.
1200 384 1474 437 Aureli
1532 385 1970 454 Augustini

381 582 625 665 digna
671 580 977 663 plagis,
1037 579 1474 662 uapulabit
1531 580 1816 661 panem
1878 599 2164 644 seruus
2227 582 2491 644 autem
2546 579 2679 661 qui

383 686 792 770 cognouit
867 687 1376 751 uoluntatem
1455 685 1759 749 domini
1828 685 1953 749 sui
2018 690 2095 750 et
2158 685 2364 750 facit
2439 686 2681 769 digna

382 794 682 877 plagi8‚
723 793 1166 874 uapulabit
1211 791 1519 858 multa?
1568 797 1630 855 et
1677 792 1870 856 illud:
1922 792 2210 875 exiguo
2262 793 2465 856 enim
2514 810 2679 856 eon-

383 901 726 966 cedetur
784 900 1392 974 misericordia3
1452 902 1835 982 potentes
1893 904 2155 964 autem
2214 900 2682 982 potentiora

387 1011 794 1073 tormenta
851 1006 1320 1089 patientur?
1397 1007 1506 1070 sed
1555 1006 1663 1071 ubi
1709 1006 1829 1071 hoe
1878 1007 2103 1070 dixerit
2149 1007 2464 1081 dominus,
2514 1006 2681 1089 quod
2745 1029 2771 1068 5

387 1135 530 1178 eum
591 1114 822 1179 dixisse
880 1113 1136 1197 Moyses
1196 1114 1736 1188 commemorauit,
1794 1114 1856 1177 in
1915 1114 2227 1195 scriptura
2291 1133 2449 1195 quae
2514 1117 2680 1177 retro

386 1226 486 1285 est
531 1240 652 1285 non
701 1221 1039 1285 inuenitur.
1089 1221 1213 1284 tale
1265 1240 1412 1304 ergo
1462 1223 1561 1284 est
1606 1221 1726 1285 hoc
1774 1220 1960 1302 quale
2006 1221 2067 1283 in
2108 1220 2340 1295 Exodo,
2379 1221 2489 1284 ubi
2530 1221 2683 1284 dicit

394 1328 679 1393 domino:
737 1332 822 1391 tu
873 1327 1199 1391 dixisti:
1265 1327 1434 1390 scio
1484 1330 1561 1390 te
1607 1346 1792 1409 prae
1842 1328 2241 1404 omnibuS‚
2293 1328 2463 1410 quod
2508 1328 2680 1391 inue-

385 1436 558 1499 nitur
614 1434 869 1516 quidem
933 1434 1227 1499 dominus
1285 1434 1340 1497 ei
1402 1433 1658 1510 dixisse,
1719 1433 1828 1497 sed
1883 1437 2124 1516 postea.
2210 1434 2320 1498 sed
2387 1436 2681 1516 quoniam

388 1541 774 1605 mendaciter
837 1560 1185 1622 numquam
1252 1542 1372 1605 hoo
1427 1540 1684 1623 Moyses
1743 1540 1997 1618 diceret,
2054 1542 2451 1624 intellegitur
2505 1541 2570 1604 id
2624 1543 2679 1604 ei
2718 1561 2774 1601 ιο

388 1649 576 1713 etiam
627 1651 771 1712 ante
824 1647 1076 1724 dixisse,
1129 1648 1421 1729 quamuis
1472 1647 1779 1729 seriptum
1829 1667 1948 1712 non
2008 1648 2233 1724 fuerit3
2294 1649 2383 1711 ita
2432 1652 2497 1712 et
2541 1648 2680 1712 hoe.

387 1755 552 1819 unde
601 1754 862 1837 adparet
908 1773 1026 1817 non
1086 1753 1295 1817 omnia
1352 1753 1589 1836 scripta
1646 1773 1786 1817 esse
1844 1774 2002 1835 quae
2061 1753 2216 1818 deus
2273 1755 2528 1818 loeutus
2586 1762 2685 1818 est

389 1862 502 1939 eiS,
552 1881 662 1943 per
710 1880 867 1943 quos
917 1861 1102 1925 nobis
1152 1865 1371 1924 saneta
1418 1860 1732 1942 scriptura
1780 1861 1918 1925 eius
1964 1861 2321 1926 ministrata
2368 1865 2486 1925 est.

477 1968 740 2031 XXXII.
792 1967 959 2046 Quid
1009 1970 1108 2031 est
1154 1967 1322 2049 quod
1359 1967 1564 2032 Aaron
1614 1971 1680 2031 et
1723 1968 1997 2049 reliquos
2035 1967 2202 2032 filios
2240 1968 2376 2031 eius
2416 1972 2685 2033 moltem

390 2075 661 2139 duorum
734 2073 990 2139 illorum
1065 2074 1283 2158 lugere
1347 2074 1685 2154 prohibens
1722 2073 1938 2139 vdicit:
2016 2078 2259 2156 caput
2319 2078 2681 2139 uestrum
2718 2091 2771 2131 1⁵

395 2180 673 2245 cidara
729 2201 875 2245 non
934 2180 1495 2258 denudabitiS‚
1554 2180 1664 2244 ubi
1722 2187 1889 2245 certe
1937 2181 2216 2245 ostendit
2261 2182 2503 2246 cidaras
2549 2186 2684 2265 teg-

390 2287 560 2351 mina
618 2288 897 2371 capitum
956 2288 1204 2351 fuisse?
1280 2288 1403 2351 nisi
1452 2288 1602 2369 quia
1648 2288 1757 2352 illa
1803 2289 2121 2352 faciebant
2164 2290 2475 2372 lugenteS‚
2525 2307 2683 2371 quae

393 2395 841 2459 consuetudini
908 2396 1163 2459 ornatus
1230 2398 1444 2459 essent
1499 2394 1826 2458 contraria.
1911 2396 2078 2459 sicut
2132 2397 2297 2460 enim
2352 2396 2415 2459 in
2471 2398 2687 2460 ‘nostra

393 2501 872 2572 consuetudine,
923 2501 1070 2584 quia
1117 2504 1306 2582 caput
1356 2504 1642 2582 apeitum
1698 2501 1903 2585 magis
1961 2501 2246 2579 habetur,
2295 2502 2578 2585 operitur
2622 2503 2682 2565 in

389 2609 592 2682 luctu,
642 2608 755 2684 sio,
806 2608 954 2688 quia
1000 2607 1096 2672 illi
1145 2607 1535 2689 operimento
1586 2607 1811 2689 capitis
1861 2609 2260 2685 ornabantur,
2318 2608 2682 2673 nudandum
2719 2625 2773 2666 ²⁰

396 2717 529 2778 erat
591 2714 981 2797 lugentibus.
1069 2713 1237 2797 quod
1312 2714 1452 2778 ideo
1525 2714 1846 2797 prohibet,
1925 2735 1999 2779 ne
2065 2715 2356 2799 lugerent
2419 2736 2555 2793 e08‚
2619 2717 2681 2779 in

394 2840 660 2904 quorum
713 2840 912 2903 poena
961 2821 1395 2885 sanctificatus
1446 2825 1546 2885 est
1592 2820 1902 2898 dominus,
1952 2821 2017 2885 id
2067 2825 2166 2886 est
2210 2824 2685 2887 commendatus

397 2932 498 2992 est
544 2928 736 2992 timor
784 2928 943 2992 eius,
992 2947 1105 2992 nec
1154 2927 1314 3006 ideo,
1356 2928 1504 3009 quia
1550 2927 1808 3010 lugendi
1856 2947 1976 2992 non
2026 2933 2201 2991 erant
2238 2966 2322 2973 -
2363 2948 2503 2992 nam
2553 2949 2688 3011 per-

395 3034 598 3098 mittit
665 3034 822 3099 alios
887 3035 1107 3118 lugere
1174 3034 1318 3098 illos
1376 3071 1462 3080 —
1523 3034 1633 3098 sed
1702 3035 1847 3117 quia
1910 3035 2006 3098 illi
2070 3035 2287 3119 lugere
2348 3039 2500 3099 tuno
2565 3055 2683 3100 non

395 3140 711 3204 debebant
765 3160 909 3204 eum
968 3141 1100 3205 dies
1159 3141 1678 3206 sanctificationis
1736 3160 1951 3205 eorum
2011 3147 2344 3225 agerentur
2408 3142 2685 3206 nondum
2722 3159 2777 3200 ιτ.

394 3247 727 3328 completis
796 3250 1060 3330 septem,
1129 3248 1358 3330 quibus
1418 3268 1524 3312 eos
1581 3248 1902 3329 praecepit
1966 3248 2040 3311 de
2096 3249 2498 3314 tabernaculo
2564 3269 2682 3313 non

392 3353 753 3418 abscedere.
842 3374 1222 3438 quamquam
1288 3356 1496 3439 possit
1562 3353 1781 3426 uideri,
1847 3354 1994 3435 quia
2059 3355 2167 3418 illo
2234 3357 2372 3419 oleo
2436 3357 2686 3420 fuerant

394 3460 790 3537 sanctificati,
840 3462 958 3526 hoc
999 3462 1241 3526 dietum
1281 3481 1421 3527 esse
1460 3461 1626 3544 quod
1666 3480 2009 3543 numquam
2050 3480 2431 3544 quemquam
2468 3461 2685 3546 lugere

573 3652 605 3704 3
645 3652 769 3721 Sap.
808 3652 858 3717 6,
900 3653 930 3705 7
1041 3653 1073 3705 8
1110 3652 1206 3708 Ex.
1247 3654 1332 3719 33,
1376 3653 1441 3705 12
1555 3654 1618 3706 15
1657 3653 1787 3706 Leu.
1831 3653 1912 3714 10,
1955 3655 1986 3706 6

470 3775 492 3826 1
537 3773 715 3843 plagis
749 3781 874 3842 post
911 3774 1198 3844 uapulabit
1228 3793 1346 3844 pos,
1386 3777 1448 3829 in
1491 3776 1537 3829 O
1679 3777 1967 3846 uapulauit
1993 3777 2048 3829 P
2154 3777 2187 3830 2
2225 3793 2332 3829 non
2370 3775 2506 3828 facit
2531 3774 2690 3829 PSV

394 3862 425 3914 3
466 3862 751 3931 uapulauit
785 3863 902 3916 PN
911 3863 959 3916 V
1048 3864 1360 3918 conceditur
1401 3867 1455 3917 N
1538 3868 1574 3918 4
1612 3866 1932 3919 misecordia
1975 3867 2021 3919 Ο
2124 3865 2426 3934 posteriora
2458 3862 2687 3929 P¹S¹V;

393 3953 454 4003 in
490 3968 588 4020 my.
627 3952 938 4020 potentiora
984 3952 1034 4003 V
1175 3956 1205 4005 5
1245 3953 1342 4022 hee
1381 3953 1426 4007 S
1569 3956 1598 4007 7
1639 3958 1724 4007 est
1762 3971 1888 4023 ergo
1937 3954 1986 4007 T
2126 3954 2285 4022 quale
2326 3956 2382 4006 et
2415 3951 2575 4006 PSN
2586 3951 2689 4004 VT

395 4041 427 4093 8
467 4044 520 4093 te
560 4041 669 4093 scio
714 4040 822 4092 CN
933 4043 997 4094 10
1038 4042 1085 4093 ei
1123 4058 1226 4095 om.
1275 4043 1326 4094 V
1433 4044 1496 4095 15
1536 4044 1750 4096 illorum
1790 4043 2013 4096 «luorum
2054 4043 2148 4097 PS
2164 4043 2282 4096 Voce
2398 4041 2687 4112 prohibent

395 4129 577 4181 dicens
625 4129 675 4182 T
758 4130 820 4182 16
858 4130 1126 4198 teginiina
1159 4131 1218 4183 N
1305 4132 1367 4183 17
1408 4131 1544 4184 illud
1591 4131 1852 4185 CPSNV
1934 4132 1996 4183 19
2037 4132 2129 4200 qui
2178 4131 2230 4183 V
2332 4131 2592 4184 habemus
2641 4131 2690 4181 V

394 4219 463 4269 22
502 4216 747 4270 dominus
785 4234 888 4270 om.
925 4217 987 4270 N
1056 4218 1123 4272 23
1162 4220 1308 4287 nam]
1351 4236 1455 4272 non
1505 4219 1555 4271 V
1624 4221 1691 4274 ⁶26
1731 4220 1985 4290 completi
2024 4218 2124 4273 ΡΒ
2208 4221 2274 4272 27
2315 4219 2590 4272 abscidere
2627 4218 2687 4270 N

397 4305 485 4373 qui
525 4306 587 4358 in
625 4321 734 4358 ras.
787 4305 835 4357 V
