3076 4976
2568 155 2990 320 N

619 450 1095 516 Quaestionum
1136 453 1248 507 lib.
1286 454 1372 507 111
1412 451 1700 517 (Quaest.
1742 453 1815 506 de
1856 454 2205 517 Leuitico).
2427 458 2559 518 233

268 651 496 715 cubitis
546 653 844 732 quattuor
892 649 1107 730 eisque
1157 649 1533 732 tegebantur
1579 650 1719 713 atrii
1770 649 2040 712 tentoria
2088 650 2365 732 byssina,
2407 670 2555 731 quo-

265 779 399 823 rum
451 761 584 821 erat
629 756 860 820 erectio
908 757 970 820 in
1022 756 1254 820 cubitis
1303 757 1599 839 quinque.

352 867 458 929 23.
524 865 732 928 Pelles
782 883 931 927 uero
978 863 1330 927 rubricatae
1380 883 1570 946 super
1617 864 1944 945 capillacia
1998 866 2144 927 uela
2200 863 2560 926 ueniebant.

269 972 536 1051 desuper
584 974 813 1046 autem,
863 968 928 1032 id
968 973 1066 1032 est
1104 990 1140 1032 a
1175 973 1351 1051 parte
1393 971 1544 1033 tecti
1586 971 1725 1033 uice
1766 988 2045 1033 camerae
2083 970 2559 1034 tabernaculum

209 1113 229 1147 2,
266 1077 539 1160 pellibus
589 1076 1013 1159 hyacinthinis
1062 1077 1425 1157 tegebatur:
1485 1081 1697 1141 utrum
1757 1096 1900 1140 cum
1965 1076 2121 1139 atrio
2171 1080 2235 1139 et
2282 1076 2562 1158 spatium

267 1183 425 1246 illud
492 1184 777 1257 interius,
845 1202 965 1246 non
1036 1185 1326 1266 adparet;
1399 1183 1509 1247 sed
1578 1184 1942 1247 credibilius
2002 1188 2102 1247 est
2155 1183 2298 1245 atrii
2356 1184 2562 1263 spatia

268 1309 428 1371 quae
493 1290 657 1353 inter
722 1290 1057 1354 exteriores
1125 1294 1188 1354 et
1251 1291 1581 1355 interiores
1650 1290 1973 1354 columnas
2042 1292 2244 1364 erant,
2313 1291 2557 1353 caeluni

270 1402 556 1479 apertum
623 1396 940 1473 habuisse,
1009 1398 1276 1460 maxime
1342 1398 1500 1461 illud
1568 1398 1932 1471 occidentis,
2000 1398 2106 1461 ubi
2176 1401 2309 1460 erat
2365 1397 2559 1460 altare

269 1504 733 1569 sacrificiorum.

675 1712 889 1766 LIBER
932 1712 1249 1765 TERTIVS.
1318 1711 1612 1777 QVAEST.
1654 1713 1751 1766 DE
1790 1712 2145 1767 LEVITICO.

361 1826 671 1896 QVAEST.
731 1823 779 1886 Ι.
860 1820 931 1884 Si
993 1824 1241 1885 autern
1299 1823 1542 1885 anima
1595 1823 2033 1905 peccauerit
2090 1829 2160 1885 et
2227 1821 2562 1885 audierit

276 1948 532 1992 uocem
585 1929 997 1992 iurationis
1049 1933 1120 1991 et
1168 1930 1331 2011 ipse
1381 1930 1612 1992 testis
1660 1930 1895 1993 fuerit
1942 1933 2073 1992 aut
2110 1929 2393 1991 uiderit
2433 1932 2562 1991 aut

275 2036 627 2099 conscius
684 2036 948 2110 fuerit,
1012 2036 1070 2098 si
1131 2056 1268 2099 non
1328 2036 1829 2100 nuntiauerit.
1892 2040 1963 2099 et
2020 2035 2347 2117 accipiet
2400 2052 2560 2114 pec-

274 2146 555 2205 catum.
606 2142 726 2205 hoc
767 2145 890 2205 est:
944 2143 1005 2206 si
1055 2163 1191 2206 non
1242 2144 1737 2219 nuntiauerit‚
1781 2144 2107 2224 accipiet
2145 2144 2558 2223 pec-catum.

198 2288 236 2323 ,ὁ
273 2249 438 2330 quod
488 2249 650 2313 enim
700 2249 982 2312 additum
1034 2254 1133 2314 est
1186 2254 1357 2325 „et“,
1405 2250 1747 2314 locutionis
1797 2254 1894 2313 est
1940 2251 2209 2313 usitatae
2256 2249 2317 2311 in
2369 2248 2560 2329 scrip-

273 2357 453 2418 turis.
539 2374 762 2419 uerum
828 2357 950 2419 ist-e
1027 2376 1249 2420 sensus
1326 2358 1475 2438 quia
1557 2358 1864 2421 obscurus
1950 2360 2074 2433 est,
2160 2355 2561 2437 exponendus

275 2462 544 2527 uidetur.
629 2463 751 2527 hoc
827 2463 990 2526 enini
1072 2463 1326 2529 uidetur
1398 2464 1633 2536 dicere,
1702 2483 1957 2547 peccare
2022 2463 2370 2541 hominem,
2438 2480 2562 2542 quo

276 2570 565 2633 audiente
622 2570 790 2634 iurat
846 2572 1074 2651 aliquis
1131 2572 1384 2644 falsum,
1444 2574 1506 2634 et
1564 2573 1687 2634 scit
1742 2592 1886 2634 eum
1952 2571 2183 2635 falsum
2240 2571 2443 2633 iurare
2501 2571 2566 2630 et

275 2681 459 2741 tacet.
536 2682 688 2742 tunc
745 2681 956 2741 autem
1016 2679 1157 2752 scit,
1219 2679 1270 2742 si
1333 2679 1389 2741 ei
1445 2679 1531 2742 rei
1593 2679 1667 2741 de
1729 2699 1849 2760 qua
1906 2679 2153 2742 iuratur
2205 2677 2392 2740 testis
2439 2675 2564 2738 fuit

196 2820 240 2854 20
278 2788 387 2848 aut
433 2785 597 2849 uidit
645 2788 755 2848 aut
802 2785 1093 2849 conscius
1140 2784 1284 2861 fuit,
1325 2785 1388 2847 id
1455 2789 1554 2848 est
1610 2786 1820 2866 aliquo
1869 2785 2056 2848 modo
2106 2783 2409 2867 cognouit
2454 2787 2564 2845 aut

280 2892 479 2954 oculis
551 2891 684 2954 suis
754 2892 1081 2972 conspexit
1148 2895 1258 2954 aut
1323 2893 1458 2974 ipse
1528 2893 1636 2973 qui
1700 2892 1869 2955 iurat
1923 2892 2018 2954 illi
2073 2890 2405 2962 indicauit;
2474 2890 2565 2952 ita

281 2998 443 3061 enim
501 2998 715 3080 potuit
769 3017 907 3062 esse
965 2998 1276 3062 conscius.
1356 2999 1464 3061 scd
1521 2999 1683 3061 inter
1738 2999 2028 3062 timorem
2082 2998 2273 3061 huius
2320 2996 2565 3078 peccati

279 3110 341 3168 et
386 3105 677 3168 timorem
728 3105 1100 3186 proditionis
1151 3105 1478 3168 hominum
1529 3126 1649 3169 non
1699 3124 1893 3186 parua
1940 3104 2153 3167 existit
2195 3103 2566 3186 plerumque

277 3212 564 3276 tentatio,
639 3231 984 3293 possumus
1045 3212 1207 3275 enim
1266 3217 1556 3292 paratum
1622 3212 1699 3276 ad
1764 3212 2105 3292 periulium
2173 3209 2564 3273 admonendo

194 1752 233 1787 10

456 3437 515 3490 11
559 3437 687 3491 Len.
728 3441 778 3494 5.
822 3440 843 3490 1

346 3579 380 3630 ὃ
415 3579 743 3646 yacinthinis
790 3580 835 3631 C
870 3579 1180 3632 iacintbinis
1219 3579 1332 3632 PV
1365 3578 1671 3632 iacinctinis
1711 3577 1779 3632 S2
1815 3578 2159 3630 iacincthinis
2206 3577 2257 3629 T
2398 3577 2429 3630 8
2468 3578 2565 3630 ha-

277 3666 456 3719 buisse
499 3669 577 3728 (se
619 3668 745 3721 add.
787 3686 854 3721 m.
894 3669 954 3728 2)
993 3667 1038 3721 S
1142 3671 1176 3723 9
1214 3669 1491 3738 Incipiunt
1528 3669 1828 3721 locutiones
1868 3667 2106 3719 eiusdem
2133 3666 2241 3733 fol.
2274 3670 2350 3719 97
2384 3664 2430 3718 G
2462 3665 2564 3717 Ex-

278 3756 507 3825 pliciunt
544 3757 856 3826 questiones
895 3756 1067 3810 Exodi
1107 3757 1386 3826 Incipiunt
1423 3758 1735 3826 questiones
1763 3757 1994 3809 Leuitici
2024 3755 2121 3822 fol.
2156 3758 2231 3806 96
2258 3755 2324 3815 P,
2354 3754 2452 3820 fol.
2487 3757 2599 3818 397

286 3844 346 3906 V,
375 3844 483 3912 sol.
528 3848 603 3898 95
649 3846 698 3898 T
729 3841 1007 3913 Incipiunt
1045 3847 1394 3914 quaestiones
1451 3846 1682 3898 Leuitici
1726 3862 1857 3913 pay.
1899 3849 2010 3897 :371
2048 3843 2094 3897 S
2135 3843 2372 3912 Explicit
2416 3843 2565 3896 locu-

277 3934 451 3986 tiones
487 3933 614 3987 libri
652 3934 877 3990 leuitici.
915 3935 1118 4005 Incipit
1156 3936 1465 4004 questiones
1503 3935 1715 3987 leuitici
1750 3934 1850 3999 fol.
1896 3937 1972 3985 67
2008 3932 2071 3986 Ν

351 4024 409 4076 11
455 4024 511 4075 Si
534 4027 732 4076 *autem
764 4024 943 4076 anima
971 4041 1070 4077 om.
1097 4024 1162 4076 N
1302 4029 1397 4076 aut
1435 4023 1670 4076 audierit
1697 4021 1981 4076 PSVde
2091 4023 2156 4074 12
2192 4021 2351 4073 testis
2382 4021 2565 4088 fuerit]

275 4110 582 4182 μαρτυρήσῃ
621 4113 748 4181 Lay
933 4115 995 4167 13
1035 4115 1164 4181 non}
1205 4130 1308 4165 non
1355 4114 1544 4182 utique
1584 4111 1884 4166 PSNVTb
2103 4110 2469 4162 enuntiauerit
2507 4110 2565 4160 N

275 4203 334 4264 et
365 4201 418 4253 V
506 4201 570 4254 14
594 4203 725 4269 non]
758 4219 862 4254 non
890 4204 1079 4270 utique
1110 4203 1320 4270 (utique
1350 4219 1390 4255 s.
1425 4202 1457 4254 l.
1489 4220 1555 4254 m.
1585 4205 1643 4264 2)
1679 4201 1814 4260 chl
1908 4202 1971 4252 15
2013 4203 2068 4263 et
2112 4198 2157 4250 V
2231 4199 2293 4252 17
2326 4198 2469 4267 quod
2507 4197 2573 4250 N

279 4291 343 4343 19
382 4293 532 4359 tunc]
559 4291 702 4344 hunc
726 4290 792 4343 N
930 4291 1137 4344 iuratus
1165 4291 1267 4344 ΒΝ
1411 4291 1575 4343 suerit
1603 4288 1888 4343 PSVde
1996 4289 2064 4341 ‘20
2103 4306 2187 4340 mo
2220 4287 2265 4341 S
2369 4288 2437 4340 23
2479 4303 2564 4338 ex-

275 4381 422 4433 stitit
457 4379 673 4433 PSTV
776 4381 843 4432 24
882 4398 1098 4449 possum
1147 4381 1195 4432 T
