3076 4976
677 514 1155 578 Quaestionum
1196 515 1304 568 lib.
1345 514 1413 568 Π.
1458 515 1829 585 (Expositio
1870 516 2336 585 tabernaculi).
2523 522 2649 583 225

355 732 540 775 11113111
611 714 852 794 partem
929 716 1252 794 cogantur,
1338 716 1411 775 ut
1494 712 1825 794 proficiant
1908 713 2262 794 operiendis
2345 714 2649 778 lateribus

353 820 760 893 tabernaculi,
831 820 939 883 sed
1008 819 1333 883 exterioris
1402 820 1565 893 atrii,
1635 820 1697 882 id
1765 824 1863 884 est
1929 821 2137 884 omnia
2199 821 2308 885 illa
2371 826 2651 888 trecenta

355 927 566 990 cubita
606 929 892 990 uelorum
933 927 1405 1006 capillaciorum
1436 927 1821 990 extrinsecus
1855 928 2333 994 tabernaculum
2374 931 2648 1014 cingant.

355 1033 667 1098 adiunctis
716 1034 947 1115 quippe
992 1033 1296 1096 lateribus
1347 1033 1488 1096 atrii
1538 1033 1859 1096 exterioris
1899 1037 2227 1098 centenum
2268 1037 2645 1113 cubitorum,

292 1140 417 1203 sid
492 1143 590 1204 est
664 1141 862 1205 austri
939 1145 1002 1204 et
1077 1140 1410 1222 aquiloniS,
1488 1140 1930 1222 quinquagena.
2012 1141 2229 1204 cubita
2313 1150 2651 1223 supersunt

354 1249 609 1312 orientis
688 1251 753 1311 et
826 1247 1192 1323 occidentis,
1269 1266 1429 1327 quae
1506 1248 1717 1309 omnia
1790 1248 1951 1310 fiunt
2030 1251 2330 1324 trecenta,
2417 1251 2647 1330 quibus

355 1355 785 1437 cooperiendis
842 1354 1313 1435 capillaciorum
1361 1357 1723 1417 trecentena
1771 1353 2115 1419 sufficiunt.
2167 1354 2287 1417 hoc
2334 1358 2431 1419 est
2481 1358 2646 1437 quod

354 1461 470 1525 ait:
514 1462 850 1525 cubitum
891 1481 968 1525 ex
1009 1462 1141 1525 hoc
1185 1465 1255 1524 et
1295 1460 1635 1524 cubitum
1675 1480 1755 1523 ex
1794 1461 1963 1537 hoc,
2006 1460 2072 1523 id
2112 1466 2242 1525 est:
2285 1462 2645 1528 distributio

350 1569 619 1632 duorum
675 1569 1052 1644 cubitorum,
1111 1567 1340 1649 quibus
1397 1567 1891 1649 unumquodque
1958 1568 2171 1631 uelum
2243 1570 2641 1650 capillacium

267 1696 313 1730 ιο
351 1675 603 1757 longius
661 1679 777 1750 est,
837 1675 957 1739 1100
1015 1681 1112 1739 est
1170 1696 1246 1739 ex
1296 1695 1377 1739 00
1428 1675 1622 1756 quod
1672 1679 1984 1755 superat
2033 1676 2228 1739 uelis
2278 1678 2362 1741 de
2411 1679 2644 1762 longi-

349 1781 612 1846 tudine
672 1784 1012 1846 uelorum
1075 1784 1220 1847 erit
1277 1786 1685 1864 contegens
1746 1802 1969 1864 super
2024 1784 2265 1847 latera
2312 1785 2644 1849 taberna-

351 1889 532 1965 culi,
592 1889 704 1953 illa
761 1890 1004 1954 scilicet
1062 1889 1385 1966 exteriora,
1444 1908 1604 1969 quae
1663 1889 1741 1952 ad
1797 1889 2029 1953 atrium
2084 1891 2420 1973 pertinent,
2471 1892 2645 1956 hinc

350 1986 578 2076 atque*
635 1996 803 2060 hinc
861 2005 940 2059 ut
996 1997 1306 2077 operiat,
1371 2015 1481 2060 nec
1530 1996 1641 2060 illa
1688 1996 1891 2076 ipsius
1941 1996 2102 2073 atrii,
2155 2016 2313 2077 quae
2363 1998 2643 2062 centenis

350 2102 582 2166 cubitis
642 2105 706 2166 et
759 2102 1001 2165 nicenis
1061 2102 1372 2166 columnis
1430 2101 1809 2174 tenduntur3
1870 2101 2008 2181 ipsa
2074 2103 2240 2165 enim
2306 2122 2425 2167 non
2496 2108 2645 2168 sunt

260 2229 307 2266 1⁵
347 2209 512 2273 facta
576 2209 861 2292 longiora
924 2228 1114 2289 quam
1177 2208 1291 2271 illa
1355 2207 1668 2271 interioris
1735 2206 2123 2271 tabernaculi
2192 2228 2350 2291 quae
2427 2210 2641 2275 decern

350 2316 589 2380 aulaeis
634 2315 981 2380 tenduntur
1025 2319 1089 2379 et
1135 2315 1387 2379 uicenas
1438 2315 1629 2378 etiam
1667 2314 1807 2396 ipsa
1843 2313 2170 2380 columnas
2207 2315 2461 2381 habent.
2502 2337 2640 2382 narn

350 2423 519 2486 sicut
572 2423 885 2487 interioris
943 2422 1333 2486 tabernaculi
1389 2422 1511 2485 duo
1570 2422 1768 2485 latera
1825 2422 1899 2485 ab
1959 2423 2251 2503 aquilone
2309 2426 2372 2487 et
2428 2427 2641 2490 austro

351 2531 626 2593 centenis
686 2531 920 2595 cubitis
976 2531 1404 2614 porriguntur,
1464 2533 1555 2595 ita
1611 2535 1676 2595 et
1731 2532 2050 2596 exterioris
2110 2531 2269 2596 atrii.
2321 2550 2441 2594 non
2492 2550 2640 2614 ergo

350 2636 426 2699 ad
482 2638 620 2719 ipsa
677 2637 980 2701 exteriora
1027 2637 1294 2700 totidem
1345 2639 1779 2701 columnarum
1828 2640 2025 2704 latera
2070 2638 2341 2722 tegenda
2389 2637 2640 2719 capilla-

254 2768 307 2804 20
348 2743 586 2807 ciorum
635 2744 920 2807 uelorum
969 2743 1219 2825 proficit
1261 2743 1617 2826 longitudO,
1668 2763 1791 2823 qua
1836 2743 2297 2826 longitudinem
2345 2749 2643 2824 superant

347 2851 727 2914 aulaeorum.
785 2853 1031 2913 tantum
1089 2850 1252 2913 enim
1303 2849 1452 2914 dant
1499 2850 1907 2914 exterioribus
1955 2850 2281 2924 lateribuS,
2332 2854 2640 2930 quantum

348 2963 408 3020 et
475 2957 881 3021 interioribus
956 2957 1195 3032 darent,
1273 2956 1336 3020 id
1411 2960 1509 3020 est
1583 2957 1798 3019 cubita
1873 2960 2156 3030 centena,
2235 2976 2392 3036 quae
2477 2956 2641 3020 fiunt

345 3063 633 3129 ducenta.
695 3064 804 3127 sed
863 3063 1012 3145 quia
1067 3063 1370 3127 lateribus
1432 3063 1692 3128 orientis
1752 3068 1815 3126 et
1873 3063 2217 3127 occidentis
2277 3063 2641 3128 sufficerent

341 3170 539 3233 latera
587 3170 1007 3254 quadragena,
1057 3170 1111 3233 si
1158 3170 1595 3234 tantummodo
1644 3171 1912 3233 interius
1962 3170 2437 3233 tabernaculum
2476 3170 2638 3234 uelis

251 3301 306 3338 25
345 3277 692 3358 capillaciis
768 3278 1146 3360 cingeretur,
1224 3275 1455 3340 additis
1533 3280 1745 3340 autem
1826 3277 2132 3340 lateribus
2208 3277 2351 3340 atrii
2438 3279 2639 3341 creuit

341 3384 732 3449 tabernaculi
775 3384 1070 3456 latitudo,
1121 3387 1193 3446 ut
1237 3384 1528 3466 tegendis
1576 3384 1882 3448 lateribus
1925 3384 2212 3448 orientali
2252 3388 2315 3447 et
2354 3384 2637 3448 occiden-

339 3491 454 3554 tali
509 3491 634 3553 iam
693 3510 812 3555 non
871 3490 1289 3572 quadragena,
1340 3490 1452 3553 sed
1501 3490 1941 3572 quinquagena
1990 3491 2203 3554 cubita
2252 3491 2379 3554 sint
2424 3510 2637 3554 neces-

341 3597 523 3671 saria,
583 3597 656 3659 ad
718 3616 790 3661 ea
845 3596 1114 3680 tegenda
1171 3596 1465 3677 proficere
1525 3597 1735 3678 potuit
1801 3597 2276 3678 capillaciorum
2345 3598 2634 3662 uelorum

339 3703 668 3786 longitudo
745 3703 1013 3785 amplior
1086 3723 1272 3785 quam
1350 3703 1737 3779 aulaeorum,
1816 3708 1886 3767 ut
1961 3724 2078 3767 non
2148 3705 2329 3768 ambo
2399 3705 2632 3779 cubita,

248 3835 301 3872 30
341 3810 570 3891 quibus
628 3809 794 3874 binis
851 3794 1137 3893 longiora
1195 3813 1363 3886 sunt,
1424 3829 1493 3872 ex
1543 3829 1667 3873 una
1714 3815 1888 3892 parte
1935 3810 2438 3892 impenderentur,
2489 3812 2634 3875 sed:

341 3918 681 3982 cubitum
751 3935 828 3980 ex
886 3917 1023 3980 hoc
1081 3920 1153 3979 et
1212 3917 1549 3981 cubitum
1613 3938 1690 3982 ex
1749 3919 1913 3996 hoc,
1974 3939 2043 3982 ac
2102 3920 2191 3982 sic
2253 3920 2509 3982 haberet
2564 3938 2631 3981 ex

336 4024 476 4106 ipsa
523 4022 1102 4106 superabundantia
1148 4025 1317 4087 latus
1368 4024 1668 4088 orientale
1720 4025 1934 4090 cubita
1983 4026 2195 4090 decem
2247 4030 2310 4088 et
2349 4026 2634 4088 occiden-

406 4251 439 4304 2
477 4250 572 4304 illa
608 4269 710 4306 om.
761 4251 812 4304 V
984 4253 1019 4304 4
1058 4255 1271 4305 centum
1311 4252 1423 4304 PV
1600 4254 1631 4306 5
1673 4253 1898 4305 australi
1936 4252 1982 4306 S
2142 4251 2537 4320 quinquaginta
2586 4251 2635 4300 Γ

337 4342 367 4393 7
405 4344 652 4394 trecenta
684 4341 898 4395 PSVT
1001 4341 1034 4393 8
1074 4341 1257 4394 cubito
1299 4341 1425 4407 (bis)
1474 4340 1518 4394 0
1628 4343 1692 4394 12
1732 4342 1971 4409 pertinet
2002 4342 2047 4395 C
2147 4342 2211 4394 16
2249 4342 2362 4409 ipse
2408 4339 2455 4392 O
2487 4340 2630 4407 ipsas

333 4429 535 4483 SP¹V¹
570 4430 677 4500 ipsi
721 4431 772 4483 T
877 4431 946 4483 20
987 4447 1144 4499 quam
1187 4429 1231 4484 S
1336 4431 1405 4482 24
1445 4430 1793 4483 interioribus
1839 4431 1885 4484 O

443 4556 636 4596 xxvm
667 4557 784 4604 Aug.
818 4560 924 4595 nect.
957 4557 1026 4596 111
1058 4567 1160 4606 pm
1191 4557 1214 4594 3
2418 4535 2481 4586 15
