3076 4976
968 486 1496 541 Adnotationum
1540 488 1603 540 in
1642 489 1758 541 Iob
1798 488 1971 542 liber
2007 489 2051 542 Ι.
2524 495 2650 557 585

364 685 520 747 sint
577 704 612 748 a
667 688 755 748 te.
817 683 879 747 si
938 683 1304 766 peccasti,
1365 683 1542 764 quid
1599 684 1811 767 agis?
1859 685 2191 749 confirmat
2237 685 2402 766 quod
2452 686 2528 749 ab
2578 705 2651 750 eo

361 790 603 854 dictum
661 796 792 854 est:
852 791 913 854 si
974 809 1106 874 ego
1166 789 1512 872 peccaui,
1575 790 1751 872 quid
1810 810 2119 872 possum
2165 792 2310 855 tibi
2360 792 2651 856 facere?

362 901 490 962 aut
535 898 596 962 si
645 898 879 961 multa
924 897 1214 960 iniusta
1261 897 1551 972 fecisti,
1603 898 1779 979 quid
1827 900 2117 981 poteris
2167 899 2462 963 facere?
2500 899 2648 981 plus

360 1006 459 1068 est
540 1005 814 1076 „multa
885 1003 1175 1066 iniusta
1250 1001 1576 1076 fecisti“,
1645 1021 1831 1084 quam
1898 1003 2068 1085 quod
2136 1005 2427 1085 superius
2496 1005 2650 1069 dixit

294 1123 317 1157 ⁵
365 1111 806 1191 „peccasti“.
866 1109 976 1173 sed
1033 1113 1243 1174 tamen
1303 1109 1453 1191 quid
1508 1109 1748 1190 poteris
1806 1110 2008 1173 facere
2069 1109 2205 1186 deo,
2266 1111 2513 1192 quando
2573 1131 2648 1175 ne

357 1216 556 1279 nubes
605 1215 858 1298 quidem
905 1219 1088 1296 potes
1135 1215 1429 1279 laedere?
1480 1219 1554 1278 et
1599 1215 1661 1279 si
1722 1215 1974 1279 iustus
2034 1235 2139 1292 es,
2199 1216 2377 1297 quid
2435 1217 2648 1281 dabis

358 1323 471 1385 ei?
539 1342 570 1385 e
637 1321 984 1386 contrario:
1044 1320 1358 1402 quomodo
1415 1321 1667 1385 iustitia
1721 1325 1834 1385 tua
1888 1321 2047 1385 nihil
2105 1323 2163 1386 ei
2218 1322 2497 1406 prodest,
2557 1324 2647 1388 sic

357 1428 674 1492 iniustitia
728 1427 887 1490 nihil
944 1431 1148 1490 nocet.
1209 1430 1338 1490 aut
1404 1425 1582 1508 quid
1650 1426 1731 1490 de
1800 1446 2013 1491 manu
2082 1431 2209 1490 tua
2276 1429 2646 1510 accipiet?

356 1535 605 1600 etiamsi
656 1534 800 1597 dare
849 1534 1047 1607 uelis;
1096 1536 1353 1615 propter
1400 1532 1728 1609 sacrificia,
1772 1552 1933 1615 quae
1972 1534 2156 1598 stulti
2194 1537 2422 1616 putant
2461 1534 2645 1598 deum

267 1659 318 1695 ¹0
358 1661 606 1706 sumere
656 1642 838 1705 uelut
885 1640 975 1703 eis
1021 1639 1430 1721 indigentem.
1480 1639 1642 1702 uiro
1694 1640 1930 1703 simili
1980 1640 2092 1704 tui
2143 1640 2470 1722 inpietas
2519 1645 2651 1706 tua

355 1753 427 1814 et
492 1749 663 1812 filio
730 1747 1056 1810 hominis
1123 1746 1435 1809 iustitia
1498 1750 1660 1810 tua:
1726 1747 1834 1809 uel
1898 1746 2010 1809 illa
2075 1752 2260 1810 nocet
2324 1747 2427 1811 uel
2495 1747 2646 1812 haec

351 1855 627 1938 prodest.
704 1854 814 1917 sed
888 1853 987 1916 his
1060 1853 1353 1916 uersibus
1420 1852 1819 1917 confirmauit
1879 1853 2095 1934 potius
2164 1872 2349 1934 quam
2415 1854 2650 1917 refellit

356 1961 736 2026 sententiam
784 1980 972 2042 quam
1023 1960 1180 2023 dixit
1224 1959 1372 2024 Iob:
1423 1959 1486 2024 si
1535 1978 1668 2042 ego
1717 1960 2060 2042 peccaui,
2111 1960 2289 2041 quid
2336 1979 2643 2043 possum

352 2068 496 2133 tibi
544 2068 834 2131 facere?
884 2070 1342 2149 consequenter
1389 2086 1536 2149 ergo
1588 2069 1837 2147 oportet
1882 2070 1955 2131 ut
2003 2067 2296 2132 ostendat
2343 2087 2532 2148 quare
2580 2067 2643 2131 in

263 2193 312 2228 ¹⁵
352 2176 468 2238 hac
541 2175 677 2238 uita
741 2175 1030 2238 homines
1096 2173 1483 2255 adfliguntur
1548 2174 1793 2237 iniuriis
1861 2175 2193 2249 malorum,
2260 2175 2423 2238 inter
2485 2193 2644 2255 quos

354 2283 546 2345 etiam
604 2281 896 2345 diabolus
955 2300 1099 2344 eum
1158 2281 1397 2363 angelis
1457 2281 1592 2344 suis
1649 2284 2035 2356 numeratur,
2092 2281 2384 2363 princeps
2432 2280 2646 2344 iniuri-

353 2407 530 2450 arum
598 2393 662 2452 et
724 2388 1135 2468 iniquitatum
1202 2388 1505 2451 omnium.
1574 2407 1718 2451 cum
1787 2387 1953 2451 enim
2018 2387 2134 2452 deo
2198 2407 2321 2452 non
2397 2388 2647 2470 possint

351 2514 574 2560 nocere
611 2499 967 2578 peccanteS‚
1008 2514 1120 2558 cur
1157 2514 1264 2558 eos
1302 2495 1498 2559 tradit
1532 2495 1596 2558 in
1636 2498 1954 2577 potestate
1993 2496 2381 2579 adfligendos
2413 2495 2640 2559 malis?

355 2606 420 2666 et
484 2603 736 2683 exponit
800 2602 1094 2683 deinceps
1162 2603 1407 2666 dicens:
1485 2622 1521 2665 a
1594 2602 2094 2666 multitudine
2170 2602 2637 2675 clamabunt,

265 2728 318 2763 κο
356 2709 986 2773 uociferabuntur
1032 2728 1068 2771 a
1114 2709 1419 2771 brachio
1467 2709 1901 2772 multorum.
1954 2714 2026 2772 et
2074 2728 2206 2772 non
2250 2708 2472 2773 dixit:
2512 2708 2641 2770 ubi

356 2819 472 2879 est
537 2815 718 2879 deus
778 2815 902 2896 qui
959 2815 1148 2879 fecit
1205 2816 1360 2881 me?
1417 2815 1494 2878 ad
1550 2815 1669 2880 hoc
1730 2815 1896 2878 enim
1954 2815 2281 2896 patiuntur
2334 2814 2511 2889 haec,
2570 2817 2644 2879 ut

357 2922 545 2986 deum
604 2925 928 3003 quaerant,
978 2940 1097 2986 non
1148 2926 1220 2984 ut
1266 2922 1533 2986 inaniter
1581 2922 2030 2988 uociferentur.
2081 2921 2248 3002 quod
2296 2924 2509 2985 autem
2558 2922 2647 2984 ait

366 3028 587 3103 „fecit
649 3035 826 3106 me“‚
891 3047 1002 3109 pro
1071 3028 1451 3092 documento
1519 3031 1638 3104 est,
1707 3030 1856 3110 quia
1920 3032 2323 3111 quaerentem
2390 3048 2456 3092 se
2522 3048 2643 3092 non

355 3136 687 3217 relinquet,
737 3155 922 3217 quem
973 3135 1108 3215 ipse
1156 3135 1327 3198 fecit.
1392 3135 1516 3217 qui
1575 3135 1979 3200 distribuit
2036 3134 2427 3199 custodias
2485 3152 2645 3198 noc-

264 3265 319 3303 25
359 3246 653 3306 turnas:
693 3245 976 3324 tempora
1014 3242 1205 3305 huius
1247 3241 1484 3305 saeculi
1519 3241 1637 3305 sub
1671 3242 1859 3305 certis
1887 3242 2315 3323 potestatibus
2343 3240 2643 3313 ordinata,

360 3349 506 3429 quia
545 3367 658 3412 nec
704 3348 766 3411 in
806 3348 930 3412 ista
968 3348 1193 3412 erroris
1234 3352 1414 3411 nocte
1453 3348 1771 3430 relinquet
1805 3349 2123 3412 hominem
2163 3348 2299 3412 sine
2338 3346 2645 3419 custodia,

360 3455 468 3536 qui
517 3474 662 3518 eum
708 3455 881 3519 fecit.
933 3455 1056 3536 qui
1116 3458 1418 3536 separat
1473 3473 1581 3518 me
1641 3476 1677 3519 a
1733 3454 2347 3538 quadrupedibus
2404 3456 2646 3517 terrae

361 3566 435 3624 et
482 3580 518 3624 a
562 3561 1022 3625 uolatilibus
1074 3562 1268 3624 caeli
1318 3562 1862 3643 sapientiorem
1907 3580 2016 3625 me
2065 3561 2283 3625 fecit:
2334 3560 2425 3625 sic
2482 3559 2647 3623 enim

361 3667 755 3749 quaerendus
807 3671 905 3731 est
952 3667 1246 3731 dominus
1295 3668 1356 3730 in
1407 3667 1878 3731 adflictionibus
1928 3668 2097 3731 uitae
2146 3667 2359 3742 huiuS‚
2408 3670 2481 3729 ut
2526 3684 2647 3730 non

544 3908 586 3959 1.
621 3909 652 3961 3
691 3908 787 3960 Iob
827 3910 914 3971 35,
953 3910 986 3961 6
1079 3910 1112 3961 6
1150 3908 1247 3961 Ιο1)
1289 3912 1373 3967 35.
1415 3911 1444 3962 7
1540 3910 1571 3963 8
1609 3909 1706 3963 Iob
1747 3911 1832 3972 35,
1874 3912 1902 3963 7
1984 3911 2047 3963 10
2086 3910 2182 3963 Iob
2223 3912 2307 3971 35,
2348 3910 2381 3963 8
2460 3910 2523 3963 19
2552 3908 2651 3962 Iob

363 3996 448 4055 35,
488 3996 520 4048 9
631 3998 702 4050 20
736 3997 834 4050 Iob
874 3999 958 4059 35,
1003 3998 1068 4051 10
1178 3999 1246 4051 ‘24
1283 3998 1380 4051 Iob
1421 4000 1506 4057 35,
1553 3999 1617 4052 10
1727 4000 1795 4051 27
1834 3998 1930 4051 Iob
1972 4000 2056 4059 35,
2101 4001 2159 4053 ll

439 4119 463 4172 1
507 4123 633 4172 sunt
669 4120 770 4174 PS
945 4138 1073 4189 ages
1112 4121 1254 4175 Hier
1397 4124 1429 4176 2
1477 4124 1600 4191 ego]
1654 4140 1780 4191 ergo
1821 4123 1874 4175 P
2015 4124 2047 4176 3
2086 4123 2429 4176 aut—facere
2466 4139 2566 4176 om.
2613 4123 2660 4176 C

362 4210 522 4277 potes
559 4207 604 4261 S
673 4211 707 4262 5
743 4210 993 4278 poteritis
1033 4212 1064 4263 b
1139 4212 1170 4264 6
1209 4212 1253 4263 si
1293 4227 1392 4264 om.
1426 4211 1471 4264 S
1544 4212 1573 4263 7
1596 4229 1684 4278 pr.
1717 4212 1788 4279 ei]
1822 4211 1923 4264 tibi
1958 4211 2108 4266 TPC
2181 4213 2245 4264 18
2276 4212 2655 4280 potestatemb

365 4295 658 4364 affligendo
701 4297 775 4349 Cb
883 4298 1053 4350 malos
1093 4298 1124 4350 b
1203 4300 1267 4351 19
1305 4298 1656 4352 multitudine
1704 4299 2128 4352 calumnantium
2167 4299 2352 4353 SHier
2459 4300 2655 4352 clama-

364 4385 502 4437 bant
546 4384 592 4437 C
669 4386 732 4439 21
777 4386 846 4438 ad
882 4386 1002 4455 hoc]
1045 4404 1075 4439 a
1114 4386 1213 4440 «leo
1257 4388 1337 4441 (al‘
1376 4388 1441 4441 ad
1481 4388 1603 4453 hoc)
1647 4388 1677 4440 b
1761 4389 1829 4441 26
1867 4374 2127 4457 relinquit
2170 4388 2271 4441 TC
2340 4388 2408 4441 28
2446 4388 2581 4442 facit
2618 4389 2663 4442 S
