3076 4976
880 597 1405 651 Adnotationum
1446 599 1511 651 in
1549 598 1665 652 Iob
1705 598 1877 653 liber
1913 599 1956 652 Ι.
2435 604 2557 667 581

271 791 611 856 admodum
651 791 837 855 uobis
876 792 1255 873 respondere
1293 810 1415 856 non
1455 792 1681 873 possit.
1724 792 1897 874 quia
1947 812 2120 876 ergo
2171 793 2563 876 expectaui

271 901 345 962 et
400 918 536 963 non
597 904 775 962 sunt
830 897 1106 962 locuti:
1158 899 1338 980 quasi
1389 898 1464 962 ad
1511 899 1626 962 Iob
1677 918 2023 964 conuersus
2073 900 2247 966 dicit.
2298 904 2565 965 uenter

267 1024 475 1069 meus
516 1004 721 1068 sicut
756 1009 926 1068 uter
961 1010 1210 1069 musto
1251 1005 1556 1088 plenus:
1598 1005 1996 1070 commendat
2033 1008 2196 1070 hunc
2228 1009 2560 1087 scriptura,

270 1112 421 1192 quia
477 1112 536 1174 in
595 1112 929 1194 prophetia
984 1114 1320 1177 locuturus
1390 1113 1494 1176 sit.
1562 1116 1634 1176 et
1697 1114 1944 1177 ueluti
2012 1114 2224 1178 follis
2291 1112 2562 1177 aerarii

200 1244 229 1280 5
269 1218 706 1300 disruptus:
790 1220 866 1282 ad
925 1218 1223 1282 duritiam
1283 1219 1655 1283 soluendam
1715 1218 1789 1282 de
1848 1219 1913 1281 ui
1970 1220 2227 1300 loquor;
2286 1219 2429 1282 inde
2497 1222 2560 1281 et

264 1324 466 1388 iratus
524 1324 776 1389 dicitur.
834 1344 956 1389 non
1015 1325 1180 1388 enim
1241 1344 1402 1406 opus
1452 1329 1644 1398 esset,
1694 1329 1769 1389 ut
1816 1345 1933 1408 ego
1981 1326 2292 1406 loquerer,
2343 1325 2396 1389 si
2445 1344 2561 1389 uos

268 1430 326 1494 ei
381 1430 856 1513 responderitis.
917 1431 1252 1511 alioquin
1312 1434 1385 1494 et
1438 1451 1545 1495 me
1604 1432 1851 1495 tineae
1911 1431 2162 1495 edent:
2223 1436 2334 1495 aut
2395 1432 2563 1496 sicut

265 1558 386 1601 uos
433 1541 544 1600 aut
592 1537 760 1600 sicut
807 1555 1024 1601 omnes
1074 1537 1180 1617 qui
1228 1537 1540 1600 mirantur
1586 1556 1908 1619 personas,

357 1643 651 1707 XXXIII.
701 1643 1057 1707 Mundum
1107 1646 1223 1706 est
1261 1662 1386 1706 cor
1423 1662 1663 1706 meum
1704 1643 1773 1706 in
1815 1644 2105 1709 uerbis:
2148 1664 2269 1708 non
2309 1643 2556 1726 duplex.

171 1776 228 1813 ιο
273 1750 599 1833 spiritus
667 1750 974 1813 diuinus
1044 1749 1167 1830 qui
1233 1749 1420 1812 fecit
1477 1768 1617 1813 me:
1680 1751 1985 1814 subaudis
2052 1755 2251 1827 „est“‚
2310 1755 2384 1814 ut
2440 1752 2556 1815 sit:

268 1857 600 1939 spiritus
650 1856 957 1920 diuinus
1008 1859 1106 1920 est
1146 1856 1270 1936 qui
1309 1856 1499 1920 fecit
1536 1876 1667 1921 me.
1710 1857 2074 1938 quomodo
2117 1877 2290 1942 ergo
2331 1858 2557 1923 dicis:

264 1965 519 2027 iustus
607 1982 793 2038 sum,
880 1965 953 2025 et
1028 1980 1165 2026 non
1243 1963 1634 2026 exaudiuit
1707 1968 1864 2027 me?
1942 1964 2123 2046 quasi
2199 1964 2557 2029 aduersario

266 2070 492 2133 dixerit
539 2069 670 2133 Iob.
725 2069 957 2133 semel
1005 2069 1197 2133 enim
1243 2069 1590 2150 loquitur
1637 2069 2018 2134 dominus:
2079 2070 2258 2152 quasi
2317 2072 2555 2135 uocati-

266 2195 450 2240 onem
509 2177 788 2240 omnium
839 2176 1152 2240 iustorum
1203 2177 1402 2240 semel
1450 2177 1605 2239 fecit
1653 2177 1944 2241 dominus
2012 2181 2076 2240 et
2131 2179 2563 2260 temporaliter

165 2310 220 2348 ιε,
266 2284 433 2348 circa
489 2283 776 2365 singulos
844 2283 963 2347 boc
1030 2284 1164 2367 agit
1229 2283 1446 2347 diuina
1509 2284 1929 2365 prouidentia.
1996 2304 2125 2366 per
2191 2285 2556 2349 somnium

266 2395 395 2453 aut
460 2390 528 2453 in
600 2390 1052 2454 uisitatione
1117 2393 1518 2454 nocturna:
1591 2395 1703 2454 aut
1766 2391 1826 2454 in
1895 2392 2251 2474 ignorantia
2318 2396 2428 2455 aut
2493 2393 2554 2457 in

261 2498 694 2562 tribulatione.
746 2502 877 2561 aut
923 2498 1126 2562 sicut
1172 2498 1445 2562 incidit
1493 2518 1768 2562 saeuus
1810 2500 2038 2562 timor
2076 2500 2148 2562 in
2190 2500 2532 2565 homines

258 2622 423 2670 cum
485 2604 867 2668 dormiunt
923 2605 992 2668 in
1052 2605 1467 2670 cubiculis:
1528 2607 1755 2670 securi.
1816 2611 1888 2670 et
1953 2626 2221 2689 corpus
2291 2607 2453 2671 eius
2523 2627 2555 2670 a

254 2711 472 2774 ruina
538 2713 784 2775 eruat:
851 2712 1155 2775 translate
1223 2712 1390 2776 sicut
1455 2731 1621 2777 ossa.
1692 2716 1763 2776 et
1839 2714 2184 2796 pepercit
2254 2714 2539 2778 animae

147 2847 207 2885 20
252 2817 417 2881 eius
466 2837 498 2880 a
546 2819 813 2881 morte:
865 2836 1007 2881 cum
1058 2837 1203 2881 eum
1251 2819 1655 2895 conuerterit‚
1693 2822 1911 2900 parcet
1948 2820 2023 2883 ei.
2067 2820 2243 2902 quia
2281 2826 2544 2884 uentu-

250 2943 410 2986 rum
469 2928 585 2987 est
641 2924 921 2987 bellum
981 2928 1053 2987 et
1110 2924 1384 2988 iterum
1435 2930 1703 3009 arguet
1751 2945 1911 2989 eum
1961 2927 2030 2989 in
2081 2927 2538 2990 infirmitate

252 3031 322 3093 in
366 3030 636 3094 cubili:
678 3033 826 3112 post
863 3032 1343 3094 conuersionem
1383 3032 1504 3095 iam
1547 3033 1792 3113 probat,
1833 3051 1908 3097 ne
1949 3032 2023 3095 de
2064 3053 2130 3097 se
2160 3038 2545 3116 praesumat.

254 3139 328 3200 et
413 3136 826 3200 multitudo
915 3137 1199 3201 ossium
1278 3138 1438 3201 eius
1517 3140 1917 3203 emarcuit:
1996 3139 2228 3203 fiducia
2303 3140 2379 3204 de
2457 3161 2545 3205 se.

253 3262 687 3325 omnemque
738 3262 982 3306 escam
1029 3263 1166 3307 non
1217 3246 1501 3326 poterit
1551 3266 1871 3310 sumere:
1922 3247 2414 3311 consolationem
2458 3248 2532 3311 de

150 3381 210 3419 25
256 3350 736 3430 temporalibus,
789 3354 861 3413 et
907 3352 1311 3415 renouabit
1360 3371 1633 3434 corpus
1684 3372 1897 3417 suum
1949 3354 2152 3418 sicut
2197 3354 2434 3417 litura
2480 3353 2550 3417 in

251 3457 582 3540 pariete:
623 3457 1040 3521 mutationem
1081 3458 1285 3531 uitae;
1329 3462 1393 3521 et
1425 3458 1526 3522 hic
1558 3460 1859 3523 translate
1891 3463 2146 3542 propter
2173 3459 2550 3535 aedificium,

437 3666 462 3716 1
502 3664 600 3717 Iob
640 3665 726 3728 32,
770 3667 832 3718 16
1005 3667 1037 3719 2
1074 3666 1171 3719 Iob
1212 3668 1297 3722 32.
1341 3668 1405 3719 19
1578 3669 1611 3720 4
1649 3667 1746 3721 Iob
1785 3670 1871 3724 32.
1914 3670 1979 3721 19
2151 3671 2180 3723 7
2220 3668 2316 3722 Iob
2357 3670 2442 3729 32,
2484 3670 2551 3721 22

251 3755 284 3803 9
325 3753 422 3807 Iob
463 3754 549 3820 33,
590 3754 622 3807 3
739 3756 802 3807 10
840 3754 937 3807 Iob
978 3756 1062 3817 33,
1102 3759 1134 3808 4
1252 3757 1310 3809 11
1352 3756 1450 3810 Iob
1491 3758 1577 3818 33,
1623 3759 1685 3809 12
1802 3759 1864 3811 13
1904 3757 2000 3810 101)
2042 3757 2127 3819 33,
2172 3759 2238 3810 14
2351 3759 2414 3810 15
2452 3757 2550 3809 Iob

252 3843 448 3897 33.15
599 3844 662 3895 17
702 3841 799 3895 Iob
839 3844 924 3904 33,
968 3846 1030 3897 15
1182 3846 1245 3897 18
1283 3844 1380 3897 Iob
1420 3847 1509 3903 33.
1554 3846 1615 3898 17
1766 3847 1830 3899 19
1871 3846 1967 3899 Iob
2009 3847 2094 3906 33,
2138 3848 2201 3899 18
2348 3847 2415 3899 20
2455 3845 2550 3898 Iob

251 3932 341 3998 33,
388 3931 467 3984 18.
512 3931 575 3985 19
688 3933 755 3985 23
796 3932 891 3986 Iob
932 3934 1016 3995 33,
1063 3935 1125 3986 19
1234 3935 1306 3986 24
1344 3935 1438 3987 Iob
1478 3936 1564 3999 33,
1604 3935 1673 3989 20
1782 3938 1848 3988 25
1887 3936 1983 3988 Iob
2024 3937 2109 3997 33,
2150 3937 2217 3988 24

331 4055 355 4107 1
400 4055 769 4122 quia—locuti
808 4073 909 4110 om.
952 4056 1137 4110 SHier
1318 4057 1408 4125 qui
1453 4058 1500 4111 G
1658 4060 1690 4112 2
1731 4059 1867 4112 dixit
1905 4059 1935 4110 b
2103 4062 2291 4111 uenter
2330 4060 2469 4111 enim
2510 4059 2556 4113 S

252 4145 285 4196 3
325 4145 530 4212 musto]
569 4148 696 4197 ueto
742 4145 787 4197 0
928 4148 959 4199 5
1000 4144 1247 4213 diruptus
1287 4146 1317 4198 b
1467 4149 1494 4199 7
1535 4146 1933 4216 responderetis
1970 4148 2064 4201 Pd
2206 4148 2374 4200 edunt
2411 4147 2554 4200 Hier

259 4232 324 4285 10
363 4249 449 4284 me
487 4231 620 4284 fecit
657 4232 837 4285 Pde
980 4234 1073 4301 sit}
1112 4234 1188 4285 sic
1228 4234 1258 4285 b
1419 4235 1475 4287 ll
1521 4236 1744 4303 spiritus
1783 4236 1856 4288 sit
1900 4236 2052 4289 TPC
2192 4241 2275 4289 est
2310 4253 2412 4289 om.
2452 4236 2557 4289 PC

251 4337 338 4372 mc
379 4320 512 4373 fecit
547 4321 675 4373 Pbd
787 4323 850 4373 14
889 4323 1111 4375 istorum
1159 4322 1206 4375 C
1312 4324 1375 4376 16
1415 4325 1623 4376 uisionc
1664 4325 1709 4377 S
1851 4329 2082 4377 noturna
2125 4325 2170 4377 0
2283 4324 2348 4377 18
2387 4324 2551 4377 cubili

254 4408 445 4463 SHier
518 4411 585 4463 20
625 4410 764 4477 eum]
807 4412 945 4463 enirn
987 4411 1017 4462 b
1129 4412 1530 4481 quia—bellum
1569 4430 1669 4466 om.
1712 4413 1850 4466 Hier
1886 4431 1983 4466 nec
2022 4413 2088 4466 ad
2129 4412 2195 4467 ad
2234 4414 2289 4466 in
2326 4413 2469 4466 bollo
2510 4414 2555 4465 S

254 4499 319 4551 21
367 4498 550 4566 arguit
594 4498 640 4552 C
717 4500 785 4551 23
827 4517 1040 4552 ossuum
1083 4500 1128 4553 S
1235 4503 1501 4570 emarguit
1540 4502 1583 4554 S
1663 4503 1731 4555 25
1769 4503 2050 4555 renouauit
2089 4502 2135 4555 S
2253 4502 2471 4555 lituram
2510 4502 2556 4556 S
