3076 4976
623 498 1096 562 Quaestionum
1136 495 1249 549 lib.
1289 495 1390 549 vn
1431 493 1719 562 (Quaest.
1763 494 1838 547 de
1875 494 2257 562 Iudicibus).
2455 497 2587 560 489

297 695 433 757 91113
484 694 559 756 (19
610 691 816 756 3311119
862 691 1084 774 populi
1129 690 1253 754 iam
1306 690 1585 766 locutus,
1628 689 1746 753 hoc
1788 689 2195 771 potissimum
2238 689 2314 752 de
2354 690 2589 753 uellere

297 801 472 881 prius
532 799 852 879 0031111110,
920 797 1328 881 postmodum
1388 796 1560 861 sicco
1621 800 1685 859 et
1732 795 1807 859 de
1867 815 2010 859 area
2065 796 2338 878 primum
2398 797 2587 872 sicca,

296 911 519 989 postea
565 907 769 988 rigata
826 904 1072 968 ueniret
1116 904 1178 966 in
1225 906 1546 966 mentem?
1606 906 1696 980 ut,
1756 902 1924 985 quod
1982 902 2339 967 subdefecit
2386 921 2420 965 a
2467 902 2588 966 fide

295 1012 647 1077 infirmitati
714 1011 849 1075 eius
900 1011 1259 1091 delictoque
1326 1009 1695 1093 deputetur;
1765 1009 1934 1091 quod
2001 1029 2150 1073 uero
2219 1009 2407 1073 etiam
2473 1009 2590 1073 tali

230 1148 255 1184 5
297 1120 433 1184 eius
483 1119 691 1182 animo
742 1118 818 1181 ad
866 1118 985 1180 hoc
1036 1117 1203 1198 quod
1254 1118 1464 1199 generi
1524 1117 1798 1180 humano
1859 1116 2200 1199 significari
2259 1118 2592 1197 oportebat

296 1246 452 1290 usus
493 1228 593 1288 est
629 1224 806 1302 (19113,
849 1223 924 1287 ad
966 1224 1102 1287 eius
1142 1224 1553 1306 intellegatur
1594 1222 2090 1287 misericordiam
2132 1225 2197 1286 et
2232 1223 2587 1286 mirabilem

294 1331 757 1414 prouidentiam
803 1330 1140 1412 pertinere.

388 1438 455 1503 Si
486 1438 623 1520 quis
656 1441 868 1501 autem
905 1435 1059 1500 dicit
1099 1436 1312 1501 omnia
1349 1436 1656 1500 scientem
1694 1436 1924 1500 fecisse
1966 1440 2029 1500 et
2067 1437 2300 1500 dixisse
2333 1436 2586 1502 Gedeon

296 1564 367 1608 ex
406 1544 790 1608 reuelatione
828 1542 1217 1626 prophetica,
1257 1546 1332 1606 ut
1358 1562 1469 1625 per
1497 1562 1643 1607 eum
1673 1544 1856 1627 signa
1883 1543 2038 1608 talia
2065 1546 2587 1620 monstrarentur,

205 1683 258 1720 ιο
296 1671 411 1715 1190
479 1650 787 1715 defecisse
855 1670 891 1714 a
952 1650 1075 1714 fide
1142 1654 1207 1714 et
1280 1649 1449 1732 quod
1515 1651 1573 1713 ei
1637 1649 1765 1713 iam
1838 1651 2216 1731 promiserat
2291 1650 2588 1715 dominus

297 1757 661 1833 credidisse,
714 1757 824 1820 sed
873 1756 1120 1820 actione
1178 1756 1551 1839 prophetica
1596 1756 1659 1820 in
1709 1757 1946 1820 uellere
2004 1756 2288 1820 uoluisse
2343 1759 2588 1820 tentare

298 1868 485 1945 atque
532 1864 620 1926 ita
675 1862 849 1926 illius
909 1863 1319 1927 tentationem
1377 1863 1579 1926 fuisse
1636 1863 2082 1945 inculpabilem
2145 1862 2316 1926 sicut
2371 1863 2585 1926 dolum

299 1971 483 2034 Iacob
518 1974 581 2034 et
607 1969 768 2034 illud
806 1970 976 2052 quod
1018 1969 1267 2034 domino
1309 1969 1426 2033 ait:
1476 1989 1625 2033 non
1666 1971 2082 2034 irascatur
2118 1969 2587 2052 indignatio

297 2081 434 2140 tua
488 2077 564 2140 in
621 2095 757 2155 me,
814 2096 936 2142 non
995 2076 1137 2140 ideo
1197 2076 1450 2148 dixisse,
1510 2076 1678 2157 quod
1736 2076 1892 2139 iram
1949 2075 2085 2139 eius
2143 2075 2416 2150 timeret,
2477 2074 2582 2137 sed

202 2216 256 2254 15
297 2183 466 2265 quod
515 2203 657 2247 eum
710 2183 1053 2247 confideret
1099 2202 1221 2246 non
1270 2182 1480 2256 irasci,
1542 2201 1687 2245 cum
1737 2201 1808 2245 ea
1855 2182 2094 2244 faceret
2140 2200 2298 2262 quae
2357 2181 2582 2261 spiritu

299 2291 436 2354 eius
487 2290 762 2355 dictante
811 2290 1096 2354 facienda
1144 2308 1283 2353 esse
1330 2293 1655 2370 tamquam
1698 2288 2004 2371 propheta
2056 2288 2345 2351 sentiret:
2396 2286 2584 2360 dicat,

296 2400 371 2460 ut
415 2396 688 2472 uidetur,
748 2396 899 2459 dum
946 2395 1133 2461 modo
1189 2395 1371 2472 illud,
1436 2395 1604 2477 quod
1653 2394 1728 2456 de
1776 2395 1944 2458 facto
2004 2393 2212 2476 ephud
2269 2393 2582 2474 scriptura

295 2505 437 2586 ipsa
476 2504 760 2587 culpauit
798 2504 1128 2586 quodlibet
1156 2503 1475 2587 significet
1502 2521 1624 2566 non
1659 2502 1888 2565 audeat
1918 2520 2212 2565 excusare
2240 2521 2276 2564 a
2303 2504 2587 2582 peccato,

297 2632 437 2675 nam
489 2615 553 2674 et
598 2610 779 2687 illud,
815 2611 984 2692 quod
1023 2610 1289 2674 trecenti
1328 2610 1451 2673 uiri
1490 2609 1570 2671 ad
1610 2609 1864 2690 signum
1904 2608 2110 2671 crucis
2150 2608 2287 2689 ipso
2327 2625 2587 2670 numero

197 2751 254 2790 20
296 2718 683 2801 pertinentes
733 2717 990 2800 hydrias
1037 2717 1268 2781 fictiles
1318 2719 1700 2798 acceperunt
1745 2716 1960 2798 eisque
2009 2714 2298 2778 ardentes
2346 2713 2590 2777 faculas

294 2825 709 2901 incluserunt,
772 2824 1001 2905 quibus
1069 2823 1309 2905 hydriis
1374 2822 1591 2886 fractis
1651 2827 1905 2904 repente
1959 2822 2201 2886 lumina
2256 2839 2590 2884 numerose

296 2931 596 2995 micantia
653 2933 893 2994 tantam
954 2929 1233 2994 hostium
1294 2929 1772 2993 multitudinem
1830 2932 2206 3006 terruerunt,
2265 2934 2590 3008 tamquam

296 3057 372 3101 ex
431 3057 545 3100 suo
605 3037 860 3101 arbitrio
928 3036 1185 3100 uidetur
1246 3036 1474 3100 fecisse
1535 3034 1820 3112 Gedeon3
1876 3055 1998 3099 non
2059 3036 2222 3099 enim
2282 3035 2596 3115 scriptura

296 3144 458 3207 dicit
523 3144 845 3207 dominum
915 3142 1341 3219 admonuisse,
1418 3146 1492 3206 ut
1555 3143 1674 3206 hoc
1740 3143 1995 3206 faceret.
2075 3146 2138 3206 et
2183 3147 2393 3205 tamen
2460 3145 2589 3204 tam

196 3287 253 3325 25
297 3250 531 3333 grande
580 3250 833 3333 signum
884 3250 1025 3331 quis
1077 3250 1213 3313 eius
1263 3251 1470 3314 animo
1520 3256 1710 3331 atque
1759 3250 2022 3314 consilio
2071 3248 2426 3312 faciendum
2467 3247 2590 3310 nisi

296 3356 594 3420 dominus
633 3356 1013 3437 inspirauit‘?
1064 3357 1169 3439 qui
1218 3357 1672 3440 praefigur-anit
1719 3361 1971 3420 sanctos
2022 3374 2172 3419 31103
2221 3355 2590 3417 thesaurum

298 3464 654 3547 euangelici
692 3463 956 3527 luminis
996 3464 1058 3527 in
1099 3464 1273 3527 uasis
1313 3463 1618 3526 fictilibus
1665 3463 2014 3537 habiturOS,
2057 3463 2224 3525 sicut
2261 3459 2590 3541 apostolus

299 3571 487 3633 dicit:
563 3570 948 3633 habemus
1028 3574 1291 3633 autem
1358 3570 1831 3633 thesaurum
1908 3569 2154 3632 istum
2224 3567 2297 3630 in
2367 3565 2589 3629 uasis

296 3676 759 3740 fictilibus:
819 3677 1049 3758 quibus
1107 3677 1170 3740 in
1217 3676 1509 3758 passione
1575 3676 1857 3758 martyrii
1918 3679 2243 3756 tamquam
2309 3672 2590 3737 uasculis

191 3822 248 3858 30
294 3783 519 3847 fractis
566 3784 768 3846 maior
815 3802 1032 3847 eorum
1082 3784 1315 3867 gloriae
1364 3783 1581 3867 fulgor
1628 3783 1905 3857 emicuit,
1958 3802 2116 3863 quae
2164 3782 2366 3863 inpios
2407 3798 2591 3842 euan-

487 4070 552 4122 12
590 4069 656 4122 cf.
699 4068 830 4122 Gen.
871 4071 957 4135 27,
996 4071 1076 4122 15.
1120 4072 1184 4123 16
1299 4071 1364 4122 13
1400 4068 1518 4122 Iud.
1558 4072 1609 4129 6,
1651 4070 1718 4122 39
1833 4069 1896 4121 19
1938 4068 2001 4121 cf.
2043 4086 2094 4137 p.
2125 4070 2246 4129 471,
2275 4069 2307 4120 9
2418 4068 2485 4120 20
2525 4068 2592 4122 cf.

290 4157 421 4210 Iud.
464 4158 512 4218 7,
557 4158 766 4210 16-22
876 4158 942 4210 28
984 4156 1037 4209 ΙΙ
1078 4155 1198 4211 Cor.
1238 4157 1289 4219 4,
1332 4158 1361 4209 7

380 4336 401 4385 1
446 4332 597 4385 locus
638 4332 687 4384 V
826 4333 1029 4385 bellere
1058 4332 1122 4385 N
1229 4332 1295 4385 10
1332 4349 1398 4385 ne
1426 4332 1584 4384 P¹V¹
1693 4332 1762 4384 20
1799 4331 1980 4399 ydrias
2010 4331 2278 4385 PSNVT
2385 4334 2447 4385 21
2482 4331 2594 4386 fac-

289 4423 375 4474 tis
413 4420 481 4472 N
584 4422 653 4474 23
694 4421 773 4490 ex]
817 4438 847 4474 3
883 4421 939 4474 Ρ
1044 4421 1113 4475 30
1151 4420 1335 4490 fulgor
1373 4421 1595 4473 emicuit
1634 4423 1792 4488 (111391
1834 4421 2046 4489 fulgore
2088 4426 2284 4489 atquae
2322 4421 2388 4473 N
