3076 4976
879 533 1407 588 Adnotationum
1445 535 1511 587 in
1548 533 1663 588 Iob
1704 534 1877 588 liber
1912 534 1955 589 1.
2418 541 2547 602 595

257 731 605 812 accipiatur
675 730 737 793 in
813 729 1114 793 memoria
1188 728 1323 792 eius
1399 729 1479 793 ad
1552 729 1973 793 imitationem
2039 730 2420 796 humilitatis
2489 735 2553 796 et

257 837 700 903 formationem
739 837 1042 901 caritatis.
1094 839 1170 900 et
1228 839 1678 917 tempestas
1736 837 2071 918 pluuiae
2130 842 2205 901 et
2264 843 2551 921 tempe-

261 948 434 1009 stas
481 943 860 1007 imbrium
911 941 1364 1025 potestatis
1416 942 1627 1006 eius:
1678 945 1778 1006 est
1825 943 1989 1007 enim
2046 946 2244 1008 nubes
2294 946 2548 1027 quidem

260 1071 453 1133 super
507 1054 773 1125 terram3
823 1050 935 1114 sed
984 1049 1230 1131 quando
1281 1049 1665 1130 exprimatur
1711 1049 1787 1111 ad
1835 1048 2165 1133 inliganda
2212 1052 2397 1115 corda
2444 1073 2555 1135 per

200 1184 226 1222 5
261 1159 549 1243 pluuiam
605 1158 968 1238 imbresque
1026 1155 1354 1231 sermoniS,
1406 1155 1577 1237 quod
1624 1154 1696 1218 fit
1742 1174 1887 1218 cum
1937 1160 2328 1222 sacramenta
2372 1159 2557 1224 intel-

261 1268 580 1350 leguntur,
621 1283 741 1328 non
780 1263 842 1327 in
883 1267 1117 1340 nostra,
1159 1261 1269 1326 sed
1308 1263 1371 1325 in
1418 1263 1625 1344 ipsius
1673 1266 1989 1345 potestate
2038 1266 2154 1328 est.
2203 1265 2279 1329 in
2327 1285 2555 1330 manu

266 1373 522 1439 omnis
570 1371 921 1436 hominis
973 1371 1276 1453 signat:
1326 1369 1645 1454 significat
1690 1369 1746 1432 ei
1795 1389 1905 1452 per
1953 1389 2142 1451 opera
2188 1371 2324 1436 eius
2365 1391 2555 1455 quam

264 1501 413 1545 reus
471 1481 573 1558 sit,
633 1485 706 1544 ut
763 1479 925 1543 sciat
985 1477 1188 1542 omnis
1237 1478 1424 1541 homo
1472 1477 1902 1541 infirmitatem
1953 1497 2133 1542 suam
2181 1483 2247 1542 et
2291 1481 2556 1545 clamet:

267 1587 562 1652 infelix
628 1606 771 1670 ego
839 1588 1101 1662 hom0,
1170 1585 1351 1666 quis
1416 1605 1530 1648 me
1598 1584 1998 1648 liberabit
2064 1585 2151 1648 de
2219 1603 2557 1668 corpore

175 1717 229 1755 10
266 1692 558 1756 mortis
615 1691 909 1758 huius?
955 1691 1472 1755 introierunt
1518 1692 1783 1754 autem
1833 1690 2153 1755 bestiae
2201 1693 2345 1756 sub
2394 1714 2558 1775 pro-

267 1799 631 1863 tectione
700 1802 777 1862 et
841 1797 1334 1879 quieuerunt
1399 1797 1475 1860 in
1547 1796 1838 1861 cubili:
1903 1797 2282 1862 introierunt
2346 1804 2558 1865 autem

266 1909 631 1989 peccatores
681 1905 797 1969 sub
838 1904 1236 1986 indulgentia
1272 1903 1514 1986 gratiae
1556 1907 1621 1966 et
1656 1904 2037 1985 quieuerunt
2074 1904 2136 1967 in
2175 1906 2564 1972 conscientia

267 2012 554 2076 remissis
601 2011 902 2093 peccatis
955 2011 1042 2075 de
1090 2009 1683 2093 promptuariis
1737 2010 2224 2092 superuenit
2270 2015 2562 2093 tempe·

272 2123 477 2182 stas:
516 2117 784 2181 tentatio
817 2117 892 2181 de
932 2117 1182 2182 occ-ulto
1216 2136 1424 2180 rerum
1455 2116 1694 2182 ordine.
1727 2119 1804 2180 et
1842 2117 1931 2180 de
1971 2117 2562 2200 promptuariis

179 2251 232 2289 ιε
271 2225 573 2307 frigus:
624 2223 699 2288 de
749 2224 1009 2287 secretis
1055 2223 1367 2286 iudicium
1417 2223 1476 2285 in
1531 2241 1638 2286 eos
1689 2222 1798 2304 qui
1845 2243 1965 2288 non
2016 2229 2443 2306 perseuerant.
2493 2227 2569 2287 ut

269 2332 644 2414 refrigescat
708 2349 922 2394 eorum
991 2329 1218 2394 caritas
1284 2348 1353 2392 ex
1422 2328 1809 2393 abundantia
1871 2329 2262 2411 iniquitatis;
2340 2331 2564 2394 merito

275 2437 443 2502 enirn
518 2437 834 2521 contingit
908 2437 1021 2513 eis,
1090 2436 1239 2501 dum
1307 2454 1481 2519 spem
1550 2454 1729 2500 suam
1800 2455 1922 2500 non
1987 2437 2049 2501 in
2118 2437 2257 2514 deo,
2324 2436 2437 2501 sed
2502 2438 2564 2502 in

273 2546 639 2609 hominibus
689 2548 951 2628 ponunt.
1003 2548 1080 2607 et
1128 2543 1216 2607 ab
1277 2543 1584 2625 spiritu
1642 2543 1767 2606 dei
1827 2543 2158 2608 dabitur
2214 2544 2564 2628 glacies:

272 2671 396 2715 non
476 2650 681 2715 solum
759 2670 829 2715 ex
902 2649 1289 2713 abundantia
1359 2649 1719 2730 iniquorum
1782 2650 2147 2730 frigescent,
2215 2650 2322 2730 qui
2390 2670 2567 2732 spem

179 2783 238 2822 80
274 2762 519 2841 ponunt
572 2757 634 2821 in
683 2757 1067 2832 hominibuS,
1119 2756 1229 2820 sed
1278 2756 1465 2819 etiam
1519 2776 1592 2819 ex
1641 2747 1938 2839 operibus
1984 2757 2168 2822 bonis
2219 2776 2456 2834 eorum,
2505 2757 2568 2819 in

276 2865 511 2945 quibus
559 2868 661 2929 est
705 2864 967 2946 spiritus
1015 2863 1137 2937 dei,
1187 2863 1532 2926 durescunt
1568 2862 1825 2945 quidam
1866 2864 2048 2944 quasi
2087 2863 2288 2947 glacie
2326 2864 2571 2941 liuoriS,

277 2972 511 3055 quibus
577 2976 678 3035 est
730 2971 971 3034 Paulus
1031 2970 1183 3035 odor
1237 2970 1461 3035 mortis
1518 2972 1581 3035 in
1639 2974 1929 3036 mortem.
1990 2973 2055 3033 et
2101 2970 2180 3034 ad
2225 2972 2379 3035 haec
2429 2972 2571 3051 quis

278 3079 567 3155 idoneus,
627 3081 703 3141 ut
756 3077 1090 3159 intellegat
1146 3075 1442 3158 quoniam
1500 3080 1673 3140 recte
1730 3095 1801 3139 ac
1847 3076 2016 3142 iuste
2067 3077 2144 3141 ab
2195 3077 2424 3160 spiritu
2473 3077 2574 3140 dei

279 3184 536 3248 dabitur
601 3184 887 3268 glacies?
953 3184 1123 3247 sicut
1178 3183 1343 3247 enim
1403 3182 1760 3247 carnalibus
1818 3182 2107 3247 homines
2162 3181 2576 3246 laudantibus

177 3315 239 3355 25
280 3292 594 3375 contingit
658 3311 729 3355 ex
797 3290 1134 3372 iniquitate
1200 3289 1528 3352 hominum
1597 3289 1935 3372 frigescere
2004 3288 2411 3370 desperando,
2488 3289 2581 3352 ita

279 3399 640 3464 carnalibus
718 3397 794 3463 ab
869 3396 1236 3461 hominibus
1310 3396 1557 3460 laudari
1632 3396 2036 3478 cupientibus
2114 3396 2429 3480 contingit
2505 3416 2574 3461 ex

278 3506 612 3571 hominum
674 3504 930 3569 iustitia
994 3504 1323 3567 durescere
1399 3502 1763 3566 inuidendO.
1840 3502 2244 3585 gubernat
2318 3506 2577 3567 autem

461 3750 495 3802 2
533 3747 630 3802 Iob
669 3748 754 3811 37,
794 3748 826 3800 5
920 3749 951 3801 6
991 3746 1086 3800 Iob
1127 3746 1212 3805 37,
1253 3748 1284 3798 6
1377 3747 1409 3799 9
1448 3745 1602 3799 Rom.
1644 3747 1691 3808 7,
1732 3747 1801 3799 24
1887 3745 1953 3798 10
1989 3746 2087 3798 Iob
2128 3746 2213 3807 37,
2255 3745 2284 3798 7
2376 3746 2441 3797 13
2479 3743 2581 3796 Iob

281 3840 369 3901 37,
409 3838 442 3890 8
574 3838 640 3889 14
677 3835 773 3889 Iob
815 3836 899 3899 37,
940 3836 972 3887 8
1104 3836 1167 3886 15
1209 3833 1275 3887 cf.
1314 3833 1512 3886 Matth.
1552 3835 1637 3897 24,
1684 3834 1766 3887 12.
1811 3835 1873 3887 13
2009 3834 2070 3886 17
2111 3832 2177 3886 cf.
2218 3832 2379 3887 Prou.
2422 3834 2505 3896 16,
2546 3834 2578 3886 3

285 3928 353 3982 18
390 3926 489 3980 Iob
529 3927 616 3989 37,
655 3926 688 3978 9
799 3926 867 3978 22
906 3924 972 3977 cf.
1013 3923 1067 3976 ΙΙ
1107 3922 1226 3977 Cor.
1267 3924 1316 3985 2,
1361 3924 1425 3975 16
1534 3922 1603 3975 27
1641 3921 1739 3975 Iob
1780 3923 1867 3985 37,
1906 3923 1938 3976 9

357 4089 391 4141 2
429 4086 864 4140 informationem
905 4083 979 4137 bd
1120 4083 1310 4152 pluuia
1346 4080 1393 4136 S
1530 4085 1889 4150 tempestates
1928 4080 2064 4134 PCb
2209 4081 2241 4134 3
2279 4083 2581 4149 potestates

290 4176 423 4231 ch
570 4176 676 4244 est]
718 4179 774 4227 et
816 4173 862 4226 0
1003 4171 1220 4241 quidam
1264 4170 1340 4224 Cb
1452 4171 1482 4222 7
1522 4170 1695 4222 omnis
1733 4186 1833 4223 om.
1874 4168 1921 4222 S
2038 4169 2103 4222 10
2139 4169 2504 4238 introigerunt
2543 4168 2595 4221 S

286 4269 356 4322 14
392 4264 777 4335 promontoriis
815 4262 862 4316 S
997 4263 1061 4314 17
1101 4260 1178 4314 eis
1217 4276 1318 4314 om.
1366 4259 1466 4313 TC
1602 4259 1667 4311 18
1704 4259 1912 4327 gracies
1950 4256 1997 4311 S
2120 4256 2189 4309 20
2226 4256 2461 4325 ipsorum
2505 4255 2591 4308 Cb

282 4357 354 4411 23
394 4356 479 4423 ac]
518 4358 616 4407 aut
652 4354 684 4406 b
832 4369 864 4404 a
905 4350 981 4405 Cb
1090 4352 1156 4405 24
1199 4350 1362 4418 enim]
1401 4349 1485 4402 illi
1523 4348 1563 4401 d
1703 4346 2013 4400 hominibus
2052 4346 2083 4399 b
2201 4344 2511 4398 labentibus
2550 4343 2587 4396 b

283 4446 355 4499 25
395 4442 671 4496 hominum
710 4441 1001 4511 iniquitate
1041 4439 1115 4493 bd
1221 4439 1288 4492 26
1329 4438 1396 4491 ab
1434 4436 1745 4490 hominibus
1783 4451 1886 4488 om.
1927 4434 2004 4489 Cb

2372 4540 2471 4593 38*
