3076 4976
397 502 526 563 272
1102 498 1153 550 S.
1215 496 1490 550 Aureli
1548 495 1985 564 Augustini

487 693 874 756 XXXVIIII.
952 691 1120 772 Quid
1186 695 1284 756 est
1351 691 1520 773 quod
1586 693 1676 755 ait
1742 692 1817 755 de
1882 692 2146 755 muliere
2204 710 2363 773 quae
2418 693 2689 775 peperit:

398 819 620 863 omne
680 803 1051 863 sanctum
1110 817 1257 862 non
1317 802 1600 881 tanget
1661 802 1739 862 et
1793 799 1868 862 in
1927 799 2488 863 sanctuarium
2545 820 2689 863 non

397 906 830 971 introibit?
890 906 1058 988 quod
1108 906 1533 969 sanctuarium
1585 906 1732 969 uult
1777 905 2085 989 intellegi,
2137 924 2281 969 oum
2330 906 2584 988 legatur
2630 908 2688 970 in

397 1013 874 1077 tabernaoulum
931 1013 1183 1077 nonnisi
1241 1013 1605 1077 sacerdotes
1665 1014 1867 1076 solere
1923 1011 2168 1096 ingredi
2238 1015 2302 1076 et·
2365 1031 2568 1094 usque
2618 1013 2693 1076 ad

396 1120 613 1183 uelum
659 1121 925 1184 interius
975 1119 1343 1197 secundum,
1384 1121 1551 1184 ultra
1599 1120 1810 1183 uelum
1863 1122 2074 1183 autem
2123 1119 2356 1201 ipsum,
2406 1118 2515 1182 ubi
2563 1123 2695 1183 erat
2755 1126 2779 1164 ὃ

395 1246 557 1303 arca,
606 1228 856 1291 nonnisi
904 1248 1098 1291 unum
1147 1246 1465 1291 summum
1524 1226 1965 1291 sacerdotem?
2043 1245 2116 1289 an
2177 1229 2241 1291 et
2295 1230 2438 1290 ante
2492 1226 2694 1290 taber-

396 1334 714 1409 naculum,
748 1334 856 1397 ubi
889 1337 1022 1397 erat
1051 1335 1244 1397 alt-are
1285 1332 1759 1405 sacrificiorum,
1802 1333 2233 1396 sanctuarium
2274 1332 2397 1396 diei
2436 1333 2694 1415 potuit?

394 1460 536 1504 nam
615 1460 803 1521 saepe
880 1441 1236 1522 appellatur
1307 1440 1486 1505 loeus
1564 1445 1820 1505 sanetus
1889 1441 2079 1504 etiarn
2144 1441 2353 1521 ipsum
2440 1441 2690 1512 atrium,

398 1568 544 1613 cum
612 1546 876 1610 dicitur:
955 1548 1028 1610 in
1095 1547 1275 1611 loco
1345 1550 1627 1611 sancto
1696 1547 1934 1611 edent
2001 1566 2104 1610 ea.
2189 1547 2345 1611 illuc
2399 1548 2689 1612 fortassis

396 1654 685 1719 solebant
740 1654 970 1717 intrare
1029 1654 1349 1728 mulieres,
1411 1653 1659 1735 quando
1721 1654 2065 1717 offerebant
2123 1653 2281 1717 dona
2338 1673 2472 1729 sua,
2532 1674 2689 1735 quae
2732 1670 2781 1705 10

393 1762 846 1843 inponerent-ur
892 1762 1093 1825 altari.

485 1868 615 1932 XL.
703 1868 870 1948 Quid
938 1874 1035 1932 est
1101 1868 1268 1950 quod
1337 1869 1525 1932 dicit:
1604 1868 1670 1931 si
1748 1868 2195 1932 masculum
2271 1869 2686 1951 pepererit

395 1975 713 2040 mulier.
764 1975 1144 2039 inmunda
1192 1976 1351 2039 erit-
1399 1980 1707 2058 septem
1758 1974 1965 2039 dies:
2029 1975 2465 2039 seeundum
2515 1975 2686 2039 dies

400 2082 914 2146 secessionis
974 2083 1147 2146 eius
1208 2082 1586 2146 inmunda
1646 2082 1821 2146 erit.
1901 2085 1976 2145 et
2032 2082 2158 2146 die
2209 2086 2498 2145 octauo
2548 2083 2687 2146 cir·

393 2188 806 2253 eumeidet
883 2207 1200 2252 carnem
1279 2189 1695 2272 praeputii
1766 2189 1972 2263 eius;
2051 2194 2127 2252 et
2191 2188 2545 2272 triginta
2612 2194 2778 2253 et¹⁵

393 2298 559 2357 tres
630 2294 804 2359 dies
874 2296 1199 2359 sedebit
1265 2296 1338 2359 in
1409 2297 1807 2379 sanguine
1875 2315 2013 2360 suo
2073 2296 2381 2360 mundo.
2467 2315 2685 2360 omne.

392 2402 604 2482 quod
655 2405 1025 2466 sanctum
1082 2406 1205 2466 est
1244 2423 1388 2467 non
1431 2403 1861 2486 continget
1901 2406 1971 2466 et
2009 2403 2084 2466 in
2128 2404 2681 2467 sanctuarium

394 2528 537 2571 non
585 2508 1023 2573 introibit?
1084 2529 1243 2591 quae
1290 2509 1640 2574 differentia
1689 2514 1788 2574 est
1833 2511 1996 2573 inter
2042 2515 2281 2592 septeni
2334 2510 2469 2573 dies
2516 2511 2684 2586 illos,

394 2614 626 2695 quibus
676 2633 810 2677 eam
864 2615 1018 2678 dicit
1065 2616 1452 2692 inmundam,
1503 2621 1565 2681 et
1614 2617 1875 2700 triginta
1930 2622 2078 2693 11118,
2139 2617 2371 2698 quibus
2428 2617 2489 2680 in
2547 2636 2687 2681 san-

394 2721 582 2804 gnine
631 2741 748 2785 suo
797 2722 1029 2786 mundo
1081 2723 1372 2789 sedebit?
1424 2723 1477 2786 si
1528 2723 1693 2786 enim
1739 2724 1865 2786 iam
1911 2723 2214 2788 inmunda
2261 2743 2379 2787 non
2434 2728 2533 2787 est
2577 2743 2689 2805 per
2723 2747 2773 2782 ευ

390 2828 648 2909 triginta
709 2833 836 2891 tres
897 2828 1052 2902 dies,
1113 2848 1300 2910 quare.
1359 2849 1477 2894 non
1536 2831 1744 2913 tangit
1802 2830 1968 2912 quod
2028 2835 2320 2895 sanctum
2388 2834 2531 2895 est?
2611 2851 2683 2894 an

390 2934 510 2998 hoc
563 2935 765 2998 adhuc
816 2935 1097 3010 interest,
1149 2937 1294 3016 quia
1341 2937 1403 2999 in
1455 2937 1762 3019 sauguine
1802 2941 1901 3001 est
1937 2938 2089 3001 licet
2125 2936 2407 3001 mundo?
2458 2942 2529 3001 ut
2567 2938 2682 3000 hoe

390 3040 602 3116 distet,
663 3043 808 3122 quia
868 3061 1012 3105 cum
1071 3042 1369 3106 inmunda
1428 3046 1547 3118 est,
1609 3043 1995 3126 ubicumque
2055 3045 2242 3108 etiarn
2296 3044 2548 3108 sederit.
2596 3045 2684 3106 in-

386 3148 689 3210 mundum
725 3147 895 3223 facit,
932 3168 1077 3212 eum
1119 3168 1266 3214 uero
1307 3150 1428 3213 iam
1469 3151 1530 3212 111
1576 3151 1881 3232 sanguine
1921 3150 2154 3214 mundo
2195 3151 2393 3227 sedet,
2434 3154 2679 3214 tantun]

390 3254 560 3335 quod
627 3261 915 3318 sanctum
986 3260 1085 3318 est
1149 3276 1267 3320 non
1336 3257 1391 3319 ei
1456 3256 1607 3320 lieet
1674 3260 1930 3339 tangere
1997 3262 2059 3321 et
2124 3258 2183 3319 in
2254 3258 2677 3322 sanctuarium
2720 3281 2774 3319 εὖ

388 3360 668 3425 intrare?
748 3361 865 3424 hoo
917 3365 1016 3425 est
1063 3363 1251 3436 enim,
1301 3363 1468 3444 quod
1519 3364 1638 3426 ait:
1701 3364 2131 3427 secundun]
2194 3364 2366 3428 dies
2427 3382 2675 3428 seces·

563 3587 594 3638 2
633 3585 758 3639 Leu.
804 3587 885 3642 12.
925 3588 959 3639 4
1129 3588 1160 3639 9
1200 3587 1329 3640 Leu.
1370 3588 1420 3649 6,
1459 3588 1527 3640 26
1721 3589 1784 3640 12
1834 3588 1961 3642 Leu.
2006 3590 2087 3644 12.
2128 3591 2292 3652 2—4;
2338 3590 2403 3644 cf.
2445 3590 2569 3644 Loc,
2612 3590 2675 3642 do

385 3674 558 3726 Leuit.
600 3674 782 3727 xxm
821 3692 868 3743 p.
911 3676 1014 3728 575

456 3798 486 3848 2
528 3799 706 3866 tangit
743 3796 788 3849 C
930 3801 985 3848 et
1022 3814 1122 3850 om.
1167 3797 1217 3848 Γ
1312 3798 1342 3851 3
1382 3799 1614 3853 intrabit
1640 3799 1707 3852 N
1802 3803 1835 3854 4
1875 3801 2170 3854 sacerdotis
2220 3805 2262 3850 ('
2351 3805 2383 3856 5
2410 3805 2674 3857 secundus

389 3885 562 3938 ΕῬΓ1
601 3884 861 3938 secundos
904 3893 956 3940 (o
996 3902 1062 3938 ea:
1100 3889 1154 3952 u)
1196 3886 1376 3946 SAZT
1526 3890 1627 3941 erit
1677 3889 1729 3941 V
1851 3892 1881 3942 7
1923 3892 2249 3944 sacrifiurum
2290 3892 2336 3946 S
2479 3895 2545 3946 12
2584 3911 2676 3963 pe-

384 3974 524 4042 perit
562 3973 826 4027 P¹S¹NV
932 3976 994 4027 13
1032 3974 1094 4026 in
1132 3975 1329 4028 Locut.
1372 3976 1436 4028 de
1472 3976 1606 4029 Leu.
1647 3979 1882 4032 XXIII
1914 3980 2136 4048 leyitur:
2184 3983 2237 4033 et
2275 3982 2536 4035 inmunda
2575 3984 2675 4034 erit

389 4065 452 4116 14
489 4064 542 4115 in
584 4063 670 4116 die
709 4062 994 4116 PSVde
1137 4063 1326 4117 octabo
1373 4065 1418 4117 C
1571 4068 1635 4119 17
1678 4068 1782 4136 est]
1826 4072 1880 4120 et
1919 4069 1977 4121 N
2123 4070 2390 4138 contingit
2436 4069 2481 4122 C
2622 4078 2677 4122 ct

383 4168 484 4205 om.
525 4151 631 4205 NS
780 4152 834 4204 in
875 4168 976 4206 om.
1018 4152 1173 4206 PSV
1353 4153 1417 4206 18
1458 4155 1749 4209 introhibit
1791 4156 1837 4210 C
1879 4156 2105 4210 intrabit
2143 4157 2415 4211 PSNVT
2553 4160 2676 4212 illos

384 4241 498 4294 dies
549 4240 667 4293 NT
865 4244 928 4295 19
982 4242 1113 4295 dicit
1164 4258 1278 4294 eain
1327 4241 1615 4296 PSVde
1830 4247 1892 4299 21
1953 4248 2326 4301 aii—interest
2373 4265 2473 4302 om.
2523 4249 2680 4302 PSV

383 4330 451 4382 522
490 4328 662 4381 adhoc
700 4329 907 4384 P¹S1V
1010 4330 1078 4382 23
1128 4331 1253 4397 quia
1303 4331 1517 4399 quando
1577 4333 1621 4384 Γ
1730 4335 1784 4386 111
1826 4335 2023 4388 mundo
2075 4335 2142 4386 ΙΝ
2182 4337 2461 4391 immundo
2491 4355 2580 4406 pr.
2633 4339 2682 4391 T

382 4419 450 4471 24
489 4419 596 4471 iam
637 4436 761 4472 uero
801 4418 847 4472 S
988 4418 1129 4471 sedit
1174 4419 1218 4472 C
1361 4425 1573 4474 tantum
1614 4439 1686 4477 er.
1729 4428 1780 4475 et
1814 4439 1855 4476 8.
1899 4424 1933 4476 l.
1978 4427 2160 4477 tamen
2192 4440 2313 4493 12⁰⁸·
2356 4424 2401 4479 S
