3076 4976
739 480 1217 546 Quaestionum
1263 478 1374 534 lib.
1422 479 1534 533 1111
1584 478 1870 548 (Quaest.
1911 477 1985 532 de
2024 477 2370 544 Numeris).
2564 482 2692 545 325

405 675 737 760 scripturis
785 678 884 740 est
928 674 1481 739 inusitatissimus.
1562 693 1706 738 nam
1761 673 1974 737 uerbis
2022 672 2345 755 praeteriti
2390 672 2695 754 temporis

406 804 594 868 saepe
660 785 875 848 futura
938 782 1259 866 praedicta
1321 801 1463 846 esse
1527 782 1854 857 nouimus;
1922 780 2093 845 sicut
2148 784 2275 846 est:
2342 780 2697 845 foderunt

402 910 664 955 manus
712 908 911 954 meas
962 891 1036 953 et
1079 888 1336 972 pedes,
1387 891 1478 952 et:
1540 888 1744 952 sicut
1791 887 1955 952 ouis
2013 886 2100 950 ad
2156 886 2691 951 immolandum

403 998 679 1062 ductus
729 1001 846 1062 est
893 999 959 1061 et
1001 996 1486 1060 innumerabilia
1538 995 1723 1071 talia;
1780 999 1856 1059 ut
1901 999 2113 1060 autem
2158 998 2438 1058 narrator
2480 1012 2691 1071 rerum

337 1130 363 1167 5
404 1108 726 1189 gestarum
786 1103 999 1168 uerbis
1055 1105 1274 1167 utatur
1319 1103 1625 1184 temporis
1673 1102 1891 1177 futuri,
1942 1102 2111 1165 sicut
2156 1101 2277 1165 hoc
2320 1101 2486 1177 loco,
2533 1099 2691 1163 diffi-

401 1212 637 1276 cillime
683 1211 748 1274 in
796 1210 1128 1293 scripturis
1174 1209 1449 1273 inueniri
1495 1212 1734 1291 potest.

486 1320 652 1402 Ergo
711 1321 1129 1400 posteaquam
1190 1315 1346 1381 dixit
1405 1317 1481 1381 de
1541 1316 1641 1380 die
1697 1320 1761 1380 et
1807 1320 1990 1380 nocte
2040 1335 2163 1397 quo
2214 1315 2397 1398 signo
2442 1334 2690 1396 promo-

398 1429 578 1491 ueret
628 1425 904 1507 populus
964 1424 1068 1488 uel
1125 1427 1427 1500 maneret,
1478 1442 1554 1487 ne
1601 1426 1976 1506 putarentur
2018 1441 2131 1505 per
2175 1426 2425 1486 noctem
2473 1422 2690 1485 ambu-

399 1517 528 1597 lare
579 1534 643 1596 et
687 1551 800 1614 per
847 1531 1015 1595 diem
1063 1530 1265 1595 solere
1315 1529 1641 1595 considere
1690 1533 1879 1612 atque
1935 1530 2057 1594 hoc
2114 1528 2338 1593 diebus
2398 1528 2687 1593 omnibus

308 1665 360 1704 ιο
397 1640 630 1715 facere,
703 1641 963 1703 secutus
1030 1636 1314 1701 adiunxit
1378 1641 1443 1699 et
1507 1637 1625 1700 ait:
1707 1656 1957 1701 omnes
2033 1636 2193 1700 dies
2267 1636 2337 1699 in
2415 1635 2685 1717 quibus

399 1745 806 1812 obumbrat
844 1744 1077 1809 nubes
1129 1762 1356 1826 super
1400 1744 1976 1807 tabernaculum
2023 1743 2094 1806 in
2145 1742 2422 1807 castris
2470 1744 2687 1805 erunt

395 1853 555 1918 filii
600 1852 919 1917 Israhel.
972 1853 1045 1915 et
1082 1850 1376 1931 quando
1414 1850 1877 1932 protraxerit
1913 1850 2147 1914 nubes
2189 1869 2413 1933 super
2448 1849 2683 1913 taber-

396 1960 748 2024 naculum
797 1958 959 2021 dies
1006 1958 1287 2039 plures,
1336 1957 1563 2021 deinde
1611 1957 1954 2022 admonens
2001 1977 2121 2021 non
2160 1958 2281 2021 hoc
2320 1976 2391 2021 ex
2427 1956 2683 2021 illorum

396 2065 776 2132 necessitate
824 2064 980 2141 fieri,
1031 2064 1142 2129 sed
1189 2083 1260 2128 ex
1310 2063 1410 2128 dei
1456 2064 1810 2141 uoluntate,
1851 2068 1923 2129 et
1961 2064 2413 2141 custodient,
2453 2064 2681 2145 inquit,

306 2196 357 2236 ιε,
396 2172 554 2236 filii
601 2170 892 2235 Israhel
941 2168 1366 2234 custodiam
1416 2169 1557 2247 dei,
1604 2169 1671 2233 id
1719 2174 1818 2234 est
1864 2170 2220 2234 custodiam
2272 2189 2461 2252 quam
2507 2189 2684 2252 prae·

395 2278 564 2361 cepit
619 2277 797 2355 deus,
855 2279 928 2341 et
981 2295 1120 2340 non
1175 2276 1750 2358 promouebunt.
1826 2279 1890 2340 et
1954 2279 2281 2359 tamquam
2339 2276 2678 2341 diceretur:

394 2383 641 2467 quando
702 2402 850 2467 ergo
904 2383 1417 2465 promouebunt‘?
1499 2386 1574 2447 et
1637 2382 1809 2460 erit,
1874 2383 2110 2465 inquit,
2177 2402 2340 2447 cum
2405 2383 2681 2447 texerit

394 2492 626 2556 nubes
677 2491 839 2555 dies
888 2509 1191 2555 numero
1251 2510 1476 2572 super
1530 2491 2105 2556 tabernaculum
2151 2528 2240 2537 -—-
2286 2491 2350 2555 id
2397 2494 2498 2555 est
2543 2491 2679 2555 dies

393 2600 566 2662 certo
611 2616 895 2673 numero,
944 2597 1052 2680 qui
1098 2616 1397 2661 numerus
1443 2597 1668 2680 utique
1715 2597 1831 2663 deo
1875 2599 2090 2680 placet
2123 2635 2209 2644 —
2248 2616 2375 2680 per
2418 2615 2679 2662 uocem

297 2733 350 2772 20
395 2703 676 2769 domini
740 2704 811 2768 in
880 2704 1155 2768 castris
1225 2708 1443 2769 erunt
1508 2708 1582 2769 et
1645 2724 1773 2788 per
1843 2709 2330 2787 praeceptum
2397 2704 2678 2769 domini

389 2811 961 2894 promouebunt.
1036 2810 1196 2874 hanc
1254 2809 1512 2875 uidetur
1567 2812 1775 2877 dicere
1831 2831 2055 2877 uocem
2115 2812 2352 2876 domini
2399 2812 2676 2895 signum,

388 2917 559 3001 quod
607 2917 716 2981 dat
761 2916 837 2981 de
886 2916 1159 2981 statione
1217 2920 1517 2983 et'motu
1578 2919 1788 2997 nubis,
1846 2919 1995 3001 quia
2050 2921 2113 2983 et
2170 2938 2291 2983 uox
2354 2918 2675 3001 loquentis

385 3025 607 3106 procul
664 3023 855 3089 dubio
915 3023 1169 3107 signum
1227 3027 1326 3088 est
1380 3025 1754 3089 uoluntatis
1834 3026 2000 3107 quod
2050 3045 2197 3109 ergo
2245 3026 2361 3089 ait:
2412 3029 2485 3089 et
2548 3045 2677 3107 per

387 3134 904 3212 praeceptum,
955 3131 1076 3194 hoc
1120 3129 1289 3194 idem
1339 3131 1595 3214 signum
1653 3137 1807 3214 puto
1864 3132 2381 3215 intellegendum.
2458 3151 2673 3214 quam·

296 3268 349 3308 2⁵
388 3256 577 3320 quam
643 3240 865 3319 posset
928 3256 1051 3301 uox
1133 3241 1242 3312 „et
1306 3242 1791 3320 praeceptum
1859 3239 2176 3303 domini“
2250 3238 2441 3302 etiam
2512 3238 2674 3302 illud

387 3343 608 3426 accipi,
660 3343 830 3425 quod
885 3343 1175 3419 „locutus
1224 3347 1388 3420 est“‚
1445 3346 1520 3408 ut
1575 3346 1759 3422 solet,
1825 3345 1942 3420 „ad
1986 3345 2289 3428 Moyscn“
2346 3348 2409 3408 et
2462 3364 2673 3427 „prae-

386 3449 553 3531 cepit
607 3450 726 3513 hoc
775 3448 974 3512 fieri“.
1051 3468 1252 3531 neque
1311 3451 1474 3514 enim
1534 3451 1767 3515 scirent
1819 3451 1916 3516 illi
1973 3451 2474 3534 promouendum
2530 3470 2671 3516 esse

384 3556 550 3621 nube
602 3560 1012 3639 promouente
1062 3560 1126 3619 et
1174 3556 1472 3620 standum
1530 3577 1672 3622 esse
1726 3558 1896 3622 nube
1954 3560 2182 3634 stante,
2240 3557 2362 3621 nisi
2412 3558 2530 3621 hoc
2578 3557 2671 3621 eis

384 3666 525 3726 ante
573 3663 1055 3745 praeciperetur.

559 3837 592 3889 2
629 3838 718 3892 Ps.
758 3838 843 3902 21,
887 3838 950 3890 17
1061 3838 1095 3891 3
1131 3837 1222 3891 Es,
1262 3838 1347 3896 53.
1388 3840 1417 3892 7

450 3961 482 4013 3
513 3960 731 4014 meased
758 3961 826 4015 N
928 3965 984 4014 et
1014 3962 1110 4015 alt.
1143 3978 1244 4016 om.
1275 3962 1458 4016 P¹SV
1522 3965 1558 4016 4
1597 3966 1845 4017 narratur
1874 3963 1920 4018 S
1990 3965 2019 4015 7
2058 3967 2344 4033 postquam
2384 3962 2433 4015 Τ
2506 3963 2572 4016 10
2612 3967 2668 4016 et

380 4050 458 4102 ait
495 4065 613 4118 exp.
663 4050 715 4103 V
821 4051 881 4103 11
924 4050 1093 4104 nubes
1132 4067 1232 4105 om.
1272 4051 1322 4104 T
1462 4051 1868 4106 tabernaculum
1910 4068 2072 4121 super
2109 4051 2280 4105 nubes
2318 4051 2371 4104 V
2477 4052 2550 4104 12
2580 4055 2662 4104 ta·

378 4136 727 4191 hex-naculum
764 4138 934 4192 nubes
973 4138 1090 4193 dies
1127 4139 1174 4194 S
1281 4141 1347 4195 13
1386 4140 1567 4209 plures
1605 4158 1706 4196 om.
1749 4141 1798 4194 S
1901 4142 1965 4195 15
2006 4140 2112 4210 dei]
2154 4140 2357 4193 domini
2394 4140 2670 4195 PSNVT

379 4227 561 4295 quam]
594 4244 713 4280 cum
750 4227 796 4281 0
884 4228 951 4281 18
980 4227 1095 4282 dies
1125 4230 1220 4296 fin.
1248 4245 1349 4284 om.
1379 4228 1566 4284 P¹SN
1570 4230 1622 4282 V
1700 4232 1765 4283 19
1796 4229 2034 4300 placeret
2068 4229 2191 4282 Vbd
2271 4229 2340 4282 22
2369 4230 2663 4283 testatione

376 4313 498 4367 NV
598 4317 666 4370 25
700 4333 798 4386 per
824 4321 1168 4388 praeceptum
1198 4318 1295 4373 ΡΒ
1437 4319 1575 4372 illud
1604 4319 1768 4372 etiam
1797 4318 2036 4372 1²17de
2144 4317 2212 4372 28
2242 4322 2663 4388 promouente—

376 4402 518 4457 nube
555 4420 657 4458 om.
698 4403 760 4457 N
