3076 4976
907 486 1434 540 Adnotationum
1470 487 1538 539 in
1575 485 1690 540 Iob
1731 486 1905 539 liber
1942 485 1985 538 1.
2457 489 2585 551 565

288 683 683 765 possessio
769 702 946 747 uero
1032 682 1465 765 potentium
1549 681 1809 746 ueniet
1890 681 1974 744 ab
2064 679 2586 763 omnipotente

292 810 523 873 super
587 810 740 855 eos:
800 794 873 853 ut
927 788 1297 872 possideant
1362 808 1469 852 eos
1518 791 1832 871 potentes,
1901 787 1969 851 id
2016 789 2117 852 est
2180 787 2473 853 diabolus
2523 791 2587 852 et

291 897 500 981 angeli
549 897 706 962 eiuS.
756 899 1045 979 potentes
1095 899 1309 960 autem
1357 894 1500 959 ideo
1552 894 1725 973 dicit,
1767 894 1916 977 quia
1953 894 2064 958 isti
2102 895 2588 959 infirmabuntur

290 1007 629 1087 sequentes
706 1003 1077 1074 uanitatem,
1154 1006 1228 1066 ut
1301 1002 1362 1065 in
1444 1021 1552 1066 eos
1619 1002 1712 1065 illi
1779 1003 2189 1083 praeualeant
2261 1001 2455 1067 duces
2523 1006 2587 1065 et

221 1136 250 1173 5
287 1110 605 1193 principes
655 1109 980 1184 uanitatis‚
1030 1108 1345 1192 quomodo
1396 1111 1461 1171 et
1507 1108 1799 1172 dominus
1847 1108 2074 1172 fortem
2124 1128 2268 1172 eum
2307 1109 2586 1191 appellat

290 1237 410 1281 non
454 1217 531 1281 ob
573 1216 746 1280 aliud
782 1216 904 1279 nisi
945 1215 1094 1298 quia
1130 1217 1309 1280 tenet
1345 1215 1682 1279 inualidos,
1725 1215 1997 1296 quodsi
2035 1216 2256 1279 multi
2295 1214 2586 1280 fuerint

290 1322 448 1388 filii
497 1323 681 1399 eiuS‚
730 1322 801 1385 in
852 1321 1317 1386 occisionem
1365 1322 1613 1385 erunt:
1664 1320 1828 1385 filios
1879 1321 2015 1385 eius
2065 1321 2240 1397 dicit,
2281 1321 2390 1404 qui
2438 1341 2585 1386 eum

289 1430 368 1493 ad
415 1428 846 1493 seducendum
893 1428 1186 1505 inuitant,
1235 1428 1537 1492 falsorum
1599 1427 1972 1511 dogmatum
2028 1447 2466 1511 persuasorem
2521 1429 2585 1492 in

290 1537 778 1600 damnationem.
811 1535 874 1599 si
905 1538 1149 1598 autem
1182 1534 1501 1599 iuuenes
1533 1534 1720 1597 facti
1759 1534 2067 1612 fuerint,
2107 1534 2581 1618 indigebunt,

199 1671 249 1710 ιο
287 1643 355 1707 id
403 1646 529 1707 est:
580 1642 634 1707 si
682 1642 1035 1707 confirmati
1091 1641 1329 1705 fuerint
1374 1641 1436 1704 in
1486 1659 1714 1718 errore,
1771 1640 2179 1724 indigebunt;
2237 1660 2358 1706 non
2415 1641 2585 1705 enim

290 1770 398 1815 eos
449 1751 711 1815 satiauit
755 1750 1029 1814 uanitas.
1081 1754 1155 1813 et
1201 1749 1329 1832 qui
1377 1749 1581 1813 circa
1629 1768 1790 1813 eum
1844 1751 2037 1826 sunt,
2085 1754 2324 1814 morte
2373 1751 2582 1814 mori-

287 1861 531 1923 entur:
605 1857 715 1939 qui
790 1855 1102 1921 simillimi
1179 1856 1234 1919 ei
1303 1859 1453 1918 sunt
1518 1855 1598 1918 ad
1661 1854 2117 1920 seducendum.
2185 1861 2258 1920 et
2322 1857 2581 1921 uiduis

287 1983 540 2027 eorum
591 1982 729 2028 non
778 1962 1297 2026 miserebitur:
1361 1962 1680 2044 plebibus,
1740 1982 1897 2043 quas
1958 1963 2210 2027 seduxit
2264 1984 2410 2028 cum
2466 1963 2580 2042 eie,

286 2069 408 2133 uiri
475 2072 676 2134 morte
744 2068 1034 2147 desertiS‚
1104 2067 1285 2153 quasi
1342 2068 1529 2133 fidem
1588 2069 1720 2132 illis
1777 2069 2172 2152 coniugalem
2232 2071 2293 2133 in
2352 2071 2579 2135 erroris

196 2204 245 2242 ιε»
284 2176 703 2259 promissione
772 2177 1144 2240 seruauerit.
1210 2176 1481 2258 quodsi
1551 2179 1624 2239 et
1691 2176 2105 2260 collegerit
2168 2182 2250 2241 ut
2306 2181 2579 2241 terrani

286 2287 708 2366 argentum,
774 2283 839 2346 id
897 2289 1021 2347 est:
1091 2283 1145 2347 si
1209 2283 1551 2365 prudentes
1621 2287 1685 2346 et
1751 2283 2092 2367 sapienteS‚
2162 2304 2304 2347 cum
2373 2283 2580 2347 adhuc

280 2395 451 2455 terra
515 2394 579 2454 et
623 2392 834 2454 lutum
900 2393 1067 2466 sunt,
1129 2389 1193 2453 id
1243 2393 1359 2467 est,
1428 2410 1575 2453 cum
1641 2390 1850 2453 adhuc
1916 2391 2117 2455 stulta
2181 2395 2242 2456 et
2307 2391 2581 2455 carnalia

283 2497 588 2574 sentiunt,
637 2498 729 2561 eis
779 2497 1233 2573 consenserint,
1290 2500 1515 2578 postea
1572 2496 1837 2560 correcti
1887 2500 1950 2559 et
1998 2502 2451 2580 cognoscentes
2501 2499 2580 2562 ad

284 2604 492 2668 iustos
551 2606 1019 2668 conuertentur.
1097 2606 1332 2667 erunt
1388 2603 1594 2668 enim
1665 2623 1935 2667 eorum
2011 2604 2289 2669 domus
2357 2606 2581 2669 sicut

188 2741 244 2779 ρο
284 2710 510 2776 tinea
558 2714 636 2773 et
682 2729 989 2786 aranea,
1050 2729 1280 2791 quam
1330 2709 1734 2775 seruauit:
1792 2730 1898 2775 cor
1944 2712 2049 2774 uel
2105 2711 2574 2776 conscientiam.

283 2821 395 2881 aut
469 2818 696 2881 domus
773 2816 929 2880 dixit
1000 2817 1395 2880 munimenta
1469 2817 1702 2899 quibus
1778 2836 1846 2882 se
1917 2820 2281 2902 protegunt,
2356 2837 2576 2883 uerum

284 2926 500 2987 astuta
546 2927 609 2987 et
653 2923 991 3001 latebrosa,
1052 2923 1163 2987 sed
1219 2923 1707 3001 inualidissima‚
1766 2925 1935 2988 sicut
1987 2925 2195 2989 tineae
2251 2925 2578 2989 folliculus

283 3050 409 3112 quo
458 3049 526 3093 se
583 3029 919 3094 abscondit
965 3034 1029 3094 et
1086 3049 1345 3095 araneae
1404 3050 1695 3107 cauerna‚
1743 3032 1806 3094 in
1857 3051 2046 3113 quam
2096 3051 2162 3096 se
2217 3032 2576 3114 recipiendo

279 3137 562 3220 cooperit
608 3140 672 3201 et
719 3137 961 3201 claudit
1008 3156 1167 3201 eam.
1216 3156 1446 3220 quam
1497 3138 1878 3202 seruauit
1925 3142 2137 3203 autem
2184 3139 2580 3222 intellegitur

183 3275 238 3312 ,ω
278 3263 347 3308 se
394 3244 600 3325 ipsam
648 3243 712 3307 in
762 3243 875 3307 illa
913 3262 1199 3321 caucina,
1241 3244 1391 3326 quia
1427 3264 1549 3308 non
1591 3263 1808 3308 omnes
1849 3264 2109 3310 araneae
2147 3244 2265 3309 hoc
2305 3245 2575 3310 faciunt:

276 3352 533 3433 propter
589 3353 997 3431 spontaneam
1058 3355 1122 3415 et
1172 3350 1540 3415 interiorem
1596 3351 2061 3433 corruptionem
2107 3351 2359 3433 iniquae
2408 3352 2578 3434 cogi-

275 3457 537 3520 tationis
606 3460 671 3521 et
734 3460 990 3539 propter
1052 3456 1306 3521 inutilia
1370 3476 1580 3539 opera,
1647 3476 1807 3539 quae
1874 3458 2055 3539 quasi
2123 3458 2458 3540 diligenter
2514 3458 2573 3521 in

459 3700 484 3753 1
525 3698 623 3752 Iob
664 3702 751 3762 27,
795 3701 858 3754 13
978 3702 1010 3752 5
1050 3700 1115 3753 cf.
1155 3701 1282 3754 Luc.
1326 3701 1409 3758 11.
1449 3701 1513 3754 21
1647 3701 1678 3753 6
1719 3701 1814 3754 Iob
1854 3701 1940 3765 27,
1986 3703 2050 3756 14
2167 3704 2201 3756 9
2239 3701 2338 3755 Iob
2378 3702 2464 3765 27,
2509 3703 2574 3754 14

275 3790 338 3843 11
380 3788 480 3842 Iob
523 3789 608 3852 27,
653 3790 717 3843 15
833 3790 896 3842 12
933 3789 1030 3842 Iob
1071 3790 1158 3856 27,
1200 3790 1265 3842 15
1380 3792 1444 3845 15
1482 3791 1580 3844 Iob
1621 3792 1705 3855 27,
1748 3793 1812 3845 16
1925 3793 1991 3845 19
2028 3792 2124 3845 Iob
2165 3792 2251 3856 27,
2294 3792 2358 3845 18

345 3965 379 4018 3
426 3964 548 4019 ideo
597 3981 698 4018 om.
747 3966 791 4017 Ο
968 3966 1003 4018 4
1049 3967 1426 4034 praeualerent
1469 3968 1516 4021 0
1691 3969 1725 4021 8
1762 3969 2023 4037 inuitant]
2070 3970 2355 4023 imitantur
2400 3968 2574 4022 TPbd

269 4056 302 4107 9
344 4058 523 4107 autem
566 4061 622 4107 et
660 4053 844 4108 SHier
986 4055 1118 4108 facti
1156 4072 1257 4109 om.
1304 4056 1353 4109 0
1432 4056 1497 4109 10
1534 4056 1992 4125 id—indigebunt
2029 4076 2130 4114 om.
2176 4058 2223 4111 Ο
2296 4059 2355 4111 11
2398 4064 2571 4111 morte

268 4158 374 4195 om.
422 4141 467 4194 Ο
610 4143 676 4196 13
716 4141 842 4211 ηοῐι]
883 4159 1038 4196 nemo
1076 4143 1263 4197 SHier
1407 4144 1618 4198 seducit
1662 4146 1708 4198 G
1851 4147 1914 4199 15
1956 4146 2099 4216 quod
2140 4150 2198 4198 et
2233 4147 2280 4199 si
2320 4147 2350 4198 b
2515 4149 2571 4197 et

269 4247 372 4286 om.
420 4229 468 4284 0
577 4234 639 4284 19
680 4230 871 4283 (lomus
912 4248 1091 4284 eorum
1131 4232 1205 4285 bd
1348 4234 1416 4287 20
1452 4234 1636 4287 tineae
1675 4234 1758 4288 Sd
1902 4252 2096 4288 aranea
2132 4235 2303 4288 Hier:
2341 4250 2568 4287 araneae

274 4318 553 4373 TPCde
696 4336 856 4389 quam
901 4321 1100 4388 scripsi
1144 4338 1264 4375 cum
1302 4322 1363 4375 b.-
1410 4338 1547 4390 quae
1596 4330 1645 4377 et
1692 4340 1794 4392 que
1833 4323 1988 4377 codd.
2099 4323 2340 4377 seruabit
2387 4322 2569 4376 TPCb

269 4410 603 4462 conscientia
641 4410 672 4462 b
781 4410 851 4462 24
892 4425 1027 4478 quae
1075 4409 1163 4463 Ta
1269 4412 1335 4463 25
1375 4411 1494 4479 ipsa
1532 4411 1571 4465 d
