3076 4976
484 528 612 590 614
1209 524 1260 576 S,
1319 523 1596 576 Aureli
1652 521 2088 591 Augustini

486 717 785 781 fratribus
844 717 934 781 ita
982 717 1112 781 sint
1160 717 1323 781 dona
1370 716 1643 793 diuersa,
1692 719 1765 779 ut
1810 716 1986 779 nulla
2030 715 2307 779 inuidiae
2357 714 2781 798 discrepantia

488 823 863 886 cohaereant
928 823 1070 896 sibi,
1142 821 1651 886 sufferentes
1718 821 2072 885 inuicem
2138 821 2212 885 in
2282 821 2777 896 dilectione,

488 930 919 994 studentes
988 948 1315 994 seruare
1385 929 1781 992 unitatem
1857 929 2211 1010 spiritus
2287 929 2363 992 in
2438 929 2778 993 uinculo

484 1037 734 1120 pacis.
795 1043 933 1101 aut
992 1038 1173 1120 quis
1234 1040 1358 1101 est
1414 1037 1549 1119 qui
1596 1040 1964 1101 numeret
2011 1037 2265 1100 nubes
2314 1036 2780 1118 sapientia?

485 1143 723 1208 nouit
788 1146 952 1207 enim
1023 1144 1393 1208 dominus
1462 1143 1597 1225 qui
1664 1146 1853 1207 sunt
1916 1143 2127 1226 eius;
2189 1143 2331 1225 quis
2388 1146 2601 1206 autem
2661 1142 2782 1206 hoc
2845 1166 2873 1203 5

485 1249 836 1326 hominum,
910 1251 1136 1333 inquit,
1212 1250 1438 1314 nouit?
1515 1253 1593 1313 et
1667 1268 1965 1333 organa
2039 1249 2248 1313 caeli
2323 1249 2398 1312 in
2483 1251 2783 1312 terram

487 1356 990 1421 declinauit?
1075 1357 1333 1441 angelos
1420 1357 1747 1432 caeleste8‚
1832 1375 1943 1437 per
2026 1375 2186 1437 quos
2263 1355 2511 1419 diuinae
2586 1374 2784 1419 uoces

486 1463 796 1526 enuntiari
862 1465 1085 1528 solent.
1153 1484 1272 1528 non
1340 1463 1503 1526 enim
1575 1462 1939 1526 ceciderunt
2005 1463 2176 1526 sicut
2238 1462 2345 1525 ille
2410 1481 2598 1538 unus,
2668 1462 2784 1525 sed

484 1568 646 1632 flexu
704 1570 1135 1634 oboedientiae
1193 1569 1489 1634 declinati
1547 1573 1697 1634 sunt
1750 1569 1813 1632 in
1870 1572 2121 1640 terram,
2179 1568 2448 1633 maxime
2505 1587 2651 1631 cum
2719 1572 2785 1632 et

485 1673 621 1756 ipse
678 1674 969 1740 dominus
1029 1678 1202 1739 esset
1264 1675 1327 1737 in
1393 1678 1577 1739 terra.
1646 1693 1791 1737 nam
1858 1674 2275 1758 euangelista,
2326 1678 2403 1737 et
2463 1673 2782 1757 angeli.
2822 1702 2876 1739 ιο

486 1779 713 1862 inquit,
779 1782 1375 1846 ministrabant
1440 1782 1530 1845 ei.
1601 1781 1968 1845 diffusus
2037 1784 2162 1845 est
2225 1784 2492 1844 autem
2561 1781 2785 1844 sicut

488 1888 709 1951 terra
766 1888 1015 1965 cini8‚
1075 1892 1154 1951 et
1208 1888 1784 1972 adglutinauit
1841 1907 2011 1951 eum
2071 1887 2296 1951 sicut
2356 1886 2783 1968 lapidibus

488 1991 771 2058 cibum.
820 1995 1048 2058 diffusa
1097 1997 1193 2058 est
1240 1995 1367 2058 late
1418 1997 1608 2076 atque
1659 1994 2048 2057 abundanter
2094 1994 2422 2057 humilitas
2462 1994 2785 2075 paeniten-

486 2098 613 2163 tiae
689 2101 765 2164 ad
840 2102 980 2177 hoc,
1065 2105 1141 2164 ut
1223 2102 1635 2179 dominu8‚
1722 2101 1858 2182 qui
1943 2101 2323 2182 superbis
2407 2101 2785 2176 resistit,

488 2204 942 2271 humilibus
993 2210 1259 2272 autem
1309 2207 1443 2272 dat
1491 2208 1870 2290 gratiam,
1922 2207 2287 2272 cohaereret
2326 2207 2415 2271 eis
2457 2210 2787 2290 tamquam
2826 2236 2881 2274 ιε

488 2311 729 2395 glutine
788 2315 1089 2393 caritaffis,
1151 2315 1336 2379 homo
1395 2315 1782 2391 hominibuS‚
1841 2317 1914 2378 ut
1968 2315 2369 2378 mediator
2423 2319 2597 2378 esset
2659 2315 2787 2377 dei

489 2424 567 2484 et
622 2423 1060 2501 hominum,
1122 2443 1188 2487 se
1246 2424 1459 2505 ipsum
1505 2421 1637 2486 illis
1688 2420 1843 2486 dans
1893 2420 2104 2486 cibum
2153 2441 2263 2505 per
2311 2424 2783 2486 sacramentum

492 2531 770 2612 corporis
829 2533 892 2594 et
948 2532 1276 2614 sanguinis
1335 2530 1456 2608 sui,
1519 2530 1783 2593 stulta
1837 2530 2107 2594 mundi
2165 2533 2490 2611 tamquam
2537 2529 2787 2611 lapides

490 2635 752 2720 eligens,
813 2640 898 2701 ut
961 2638 1410 2702 confundat
1458 2638 1900 2719 sapientes.
1951 2636 2193 2721 angelis
2244 2637 2409 2701 enim
2458 2637 2640 2700 cibus
2689 2640 2790 2699 est

489 2741 552 2805 in
603 2747 908 2824 quantum
959 2748 1059 2808 est
1105 2745 1438 2809 uerbum
1487 2745 1589 2809 dei
1638 2744 1845 2826 apud
1894 2744 2153 2819 deum,
2202 2743 2523 2825 lapidibus
2573 2744 2787 2805 autem
2825 2768 2886 2808 20

494 2851 568 2911 ut
615 2849 796 2913 cibus
846 2853 1036 2924 esset,
1089 2851 1416 2914 uerbum
1467 2868 1649 2913 caro
1699 2851 2005 2914 factum
2056 2854 2183 2913 est
2230 2853 2310 2911 et
2364 2848 2791 2913 habitauit

490 2954 565 3017 in
623 2955 877 3019 nobiS.
940 2975 1086 3039 ergo
1145 2955 1649 3040 adglutinabitur
1703 2953 2070 3019 hominibus
2124 2954 2535 3034 praecedente
2582 2952 2793 3037 paeni-

495 3061 713 3129 tentia,
765 3065 1092 3144 tamquam
1141 3063 1298 3125 cinis
1350 3062 1741 3126 diffundatur
1784 3061 2021 3125 faciens
2071 3060 2124 3123 ei
2166 3060 2360 3124 uiam.
2400 3060 2548 3124 hinc
2586 3065 2651 3124 et
2684 3060 2794 3123 ille

490 3167 597 3249 qui
639 3168 923 3233 dicebat:
965 3169 1231 3233 facite
1275 3187 1455 3252 ergo
1496 3169 1821 3231 fructus
1862 3167 2154 3250 dignos
2193 3166 2793 3248 paenitentiae,

490 3278 566 3338 et
621 3294 709 3339 ne
768 3274 1150 3339 dixeritis
1209 3274 1476 3339 uobis:
1535 3277 1844 3358 patrem
1903 3273 2289 3337 habemus
2335 3273 2854 3345 Abi-aham;2s

502 3385 791 3463 potens
841 3384 966 3445 est
1012 3383 1217 3446 enim
1257 3382 1451 3446 deus
1492 3381 1581 3445 de
1619 3380 2044 3463 lapidibus
2085 3379 2500 3443 suscitare
2552 3379 2791 3443 filios

491 3487 892 3553 Abrahae:
961 3489 1193 3571 quibus
1257 3489 1577 3570 lapidibus
1644 3508 1790 3552 eum
1853 3490 2179 3569 tamquam
2245 3486 2458 3551 cibum
2518 3486 2794 3570 adgluti-

487 3595 765 3658 nandum
842 3615 980 3659 esse
1057 3596 1412 3659 nuntiabat.
1481 3595 1535 3658 si
1603 3598 1816 3658 autem
1888 3613 2010 3658 non
2074 3593 2398 3677 praecedit
2461 3593 2792 3657 humilitas

490 3701 870 3783 paenitendi,
929 3721 1050 3765 non
1112 3700 1635 3785 adglutinabitur,
1694 3701 1843 3783 quia
1900 3699 2221 3763 excelsa
2282 3720 2315 3763 a
2369 3698 2611 3783 longe
2680 3718 2792 3763 co-

667 3894 699 3945 2
740 3892 805 3945 cf.
847 3892 1042 3962 Ephes.
1083 3894 1134 3955 4,
1176 3894 1225 3948 2.
1265 3894 1297 3947 3
1407 3895 1438 3945 4
1478 3892 1574 3945 Iob
1616 3893 1703 3953 38,
1742 3893 1809 3946 37
1919 3893 1950 3945 5
1993 3891 2058 3944 cf.
2098 3891 2153 3943 11
2191 3890 2328 3943 Tim.
2368 3891 2418 3949 2,
2463 3892 2527 3944 19
2622 3893 2654 3946 6
2692 3890 2789 3944 Iob

489 3979 574 4041 38,
614 3980 680 4033 37
795 3982 859 4034 10
899 3981 1092 4036 matth.
1131 3983 1183 4043 4,
1226 3983 1284 4034 ll
1435 3980 1532 4033 Iob
1574 3980 1659 4041 38,
1700 3980 1767 4033 38
1899 3981 1963 4033 14
2004 3979 2070 4033 cs.
2110 3979 2137 4032 1
2173 3979 2319 4033 Pctr.
2361 3982 2411 4037 5.
2452 3983 2485 4035 5
2622 3983 2684 4035 16
2725 3980 2788 4033 cf.

490 4068 514 4119 1
554 4067 688 4124 Tim.
728 4069 778 4129 2,
818 4072 849 4122 5
948 4070 1010 4121 18
1052 4070 1117 4124 cf.
1158 4070 1183 4122 I
1225 4068 1343 4123 Cor.
1387 4071 1433 4133 1,
1473 4069 1541 4120 27
1636 4068 1705 4121 20
1742 4068 1857 4121 Ioh.
1905 4070 1950 4125 1.
1992 4070 2037 4121 1.
2082 4069 2148 4121 14
2240 4069 2310 4121 24
2347 4069 2547 4123 Matth.
2586 4069 2637 4131 3,
2678 4069 2727 4123 8.
2758 4070 2789 4121 9

489 4157 557 4209 29
597 4156 662 4209 cs.
702 4157 790 4213 ΡΒ.
836 4159 954 4219 137,
996 4160 1027 4211 6

564 4263 587 4315 1
631 4268 757 4317 sunt
808 4263 993 4317 TPCb
1098 4265 1162 4318 10
1199 4266 1392 4333 inquit,
1423 4263 1497 4316 Et
1536 4263 1717 4331 angeli
1758 4263 1831 4315 bd
1933 4265 1990 4315 11
2038 4264 2179 4316 sicut
2219 4281 2322 4318 om.
2356 4265 2401 4318 C
2503 4265 2567 4318 13
2597 4264 2786 4317 cubum

493 4351 574 4414 (al
613 4351 808 4404 cibum)
849 4352 993 4406 Hier
1178 4355 1239 4407 15
1280 4352 1532 4406 cohaeret
1579 4352 1624 4403 0
1800 4353 1868 4404 22
1908 4351 2366 4422 adglutinabitur]
2419 4352 2785 4422 agglutinabig

489 4445 552 4491 tu
599 4439 782 4493 TPCb
928 4439 1237 4493 hominibus
1275 4456 1376 4493 om.
1419 4438 1461 4491 C
1570 4440 1638 4492 23
1674 4439 1821 4507 hinc]
1859 4456 1981 4491 nam
2021 4439 2127 4493 PC
2269 4444 2324 4492 et
2360 4456 2463 4494 om.
2504 4440 2578 4493 bd
