3076 4976
306 1646 356 1684 10

305 2180 357 2219 15

305 2713 357 2749 20

302 3244 356 3283 25

1017 466 1542 520 Adnotationum
1584 466 1648 518 in
1686 464 1799 518 10b
1838 465 2015 519 liber
2052 465 2091 517 Ι.
2563 466 2691 529 617

395 662 582 725 ritate
623 660 1035 743 praedicauit.
1087 663 1163 724 et
1210 660 1537 723 dolores
1588 678 1855 722 earum
1906 658 2305 721 soluisti?
2354 678 2476 722 non
2526 657 2692 722 enim

397 768 530 832 sine
572 768 784 832 dolore
824 767 1181 831 dicebatur:
1232 767 1405 830 filii
1452 767 1639 842 mei,
1691 784 1888 847 quos
1937 766 2235 829 iterum
2284 765 2688 847 partu1·i0‚

398 874 644 938 donec
714 873 1104 938 Christus
1161 875 1557 938 formetur
1623 874 1697 937 in
1761 872 2020 936 uobis,
2082 872 2420 937 soluuntur
2476 875 2688 935 autem

394 981 503 1045 isti
552 981 820 1056 dolores,
870 1000 1014 1044 cum
1062 980 1256 1044 fuerit
1301 983 1521 1063 partus
1572 980 1804 1051 editus,
1855 979 1920 1042 id
1968 982 2068 1042 est
2112 979 2349 1043 ueritas
2389 996 2693 1060 persuasa

398 1087 509 1161 eis,
585 1106 695 1168 pro
777 1087 1009 1167 quibus
1075 1087 1167 1150 ita
1229 1086 1674 1168 ingemiscitur
1732 1084 1798 1149 id
1863 1089 2089 1168 agente
2155 1085 2217 1148 in
2286 1083 2688 1147 interioribus

396 1193 816 1258 conscientiae
851 1195 1044 1257 uerbo
1087 1193 1206 1258 dei.
1258 1197 1338 1256 et
1383 1192 1737 1256 nutristi
1777 1192 2167 1256 hinnulos
2207 1210 2473 1255 earum
2515 1190 2689 1253 sine

394 1304 652 1365 metu?
729 1300 792 1363 in
867 1302 1032 1364 lacte
1108 1303 1645 1363 sacramentorum
1716 1318 1835 1362 non
1904 1298 2198 1372 timidos;
2265 1316 2413 1361 non
2484 1297 2688 1361 enim

395 1411 773 1488 acceperunt
848 1407 1234 1489 spiritum
1311 1405 1761 1470 seruitutis
1837 1406 2133 1470 iterum
2215 1404 2290 1467 in
2375 1404 2687 1468 timore.

394 1517 675 1594 partus
741 1533 1007 1578 earum
1067 1513 1448 1577 emittes?
1515 1513 1576 1575 in
1632 1512 1992 1576 libertatem
2047 1510 2357 1575 uberioris
2413 1528 2688 1591 pascuae

398 1619 723 1700 spiritalis,
775 1620 1251 1701 abrumpent
1296 1619 1471 1682 filii
1523 1638 1826 1683 earum:
1879 1618 2139 1683 uincula
2186 1615 2684 1699 concupiscenti·

396 1745 571 1789 arum
632 1725 1077 1789 saecularium.
1135 1725 1929 1806 multiplicabuntur
1975 1725 2044 1788 in
2095 1724 2421 1794 tritico:
2472 1721 2686 1786 solidi-

396 1851 501 1896 ore
540 1831 680 1895 cibo
736 1832 1081 1913 sapientiae
1130 1835 1277 1915 post
1324 1832 1711 1895 nutrimenta
1756 1832 1963 1896 lactis.
2035 1830 2370 1895 exibunt
2417 1833 2495 1893 et
2537 1849 2685 1894 non

394 1942 921 2002 reuertentur
958 1939 1110 2003 eis:
1154 1939 1489 2002 exibunt
1525 1941 1853 2019 tamquam
1894 1957 1964 2001 ex
2003 1938 2315 2021 angustiis
2346 1936 2684 2012 doctrinae,

395 2064 555 2126 quae
587 2064 698 2126 per
725 2045 1012 2109 homines
1047 2045 1500 2127 incipientibus
1532 2045 1836 2120 t1·aditur;
1870 2048 1947 2109 et
1977 2065 2011 2108 n
2032 2065 2119 2109 on
2160 2047 2687 2108 reuertentur

394 2150 706 2215 matribus
764 2152 921 2227 suis,
977 2171 1099 2216 non
1154 2152 1280 2216 iam
1340 2172 1499 2235 opus
1559 2152 1860 2215 habentes
1915 2153 2080 2215 lacte
2137 2170 2252 2214 nec
2319 2151 2683 2215 doctoribus

394 2257 754 2322 hominibus
802 2258 1180 2341 indigentes,
1232 2277 1380 2322 sane
1432 2258 1540 2322 isti
1587 2264 1717 2322 tres
1767 2277 1991 2322 uersus
2033 2277 2153 2322 non
2195 2276 2303 2341 per
2340 2258 2684 2341 interroga-

393 2362 629 2428 tionem
688 2365 1134 2446 pronuntiandi
1190 2369 1356 2430 sunt.
1419 2366 1598 2447 quis
1657 2368 1928 2428 autem
1986 2369 2112 2430 est
2168 2365 2300 2447 qui
2360 2363 2686 2428 dimisit

395 2488 778 2553 onagrum
826 2471 1222 2536 liberum?
1271 2471 1502 2536 mirum
1544 2471 1665 2535 nisi
1707 2492 1813 2536 eos
1852 2493 1963 2555 per
2002 2492 2307 2556 onagrum
2347 2470 2681 2556 siguificat,

396 2576 506 2658 qui
550 2579 739 2658 pauci
786 2578 862 2641 ab
913 2579 1084 2642 omni
1131 2579 1385 2661 negotio
1436 2578 1619 2642 liberi
1678 2579 1792 2643 deo
1853 2580 2160 2645 seruiunt.
2221 2582 2296 2643 et
2351 2579 2685 2642 uincula

395 2685 568 2748 eius
600 2685 779 2766 quis
814 2684 1215 2750 resoluit?
1247 2685 1651 2750 affectionum
1683 2685 2027 2750 carnalium
2052 2691 2243 2767 atque
2264 2685 2680 2769 popularium.

392 2792 632 2873 posui
689 2792 894 2856 enim
949 2792 1516 2857 habitaculum
1568 2792 1976 2857 desertum
2026 2795 2103 2856 et
2148 2791 2684 2857 tabernacula

394 2897 574 2961 eius
643 2899 1163 2982 salsuginem.
1232 2899 1396 2964 unde
1465 2899 1729 2963 clamet:
1799 2899 2090 2963 sitiuit
2152 2898 2225 2963 in
2293 2904 2367 2962 te
2426 2897 2686 2961 anima

393 3024 578 3069 mea.
627 3004 999 3068 inridens
1047 3005 1670 3069 multitudinem
1722 3005 2145 3070 ciuitatis:
2195 3025 2384 3088 quam
2416 3004 2682 3087 Babylo·

392 3110 560 3174 niam
619 3111 933 3193 scriptura
991 3111 1165 3185 dicit,
1227 3113 1767 3192 perambulantem
1827 3132 1939 3195 per
1991 3113 2186 3176 latam
2247 3112 2436 3186 uiam,
2488 3130 2684 3192 quae

395 3218 626 3282 ducit
682 3219 773 3282 ad
829 3219 1399 3299 perditionem.
1462 3224 1540 3282 et
1597 3220 2007 3301 querelam
2067 3218 2475 3283 exactoris
2534 3237 2683 3282 non

395 3325 767 3389 audiens:
808 3326 1044 3391 nemini
1084 3326 1431 3408 quidquam
1473 3326 1728 3392 debenS.
1772 3326 2336 3391 considerauit
2370 3330 2683 3390 montes

393 3450 741 3513 pascuae
783 3452 1008 3497 suae:
1048 3433 1553 3515 magnitudinem
1591 3434 2075 3499 reuelationum.
2118 3436 2194 3497 et
2229 3435 2418 3515 post
2464 3451 2683 3495 omne

576 3693 598 3744 1
642 3691 755 3745 Iob.
795 3693 880 3754 29,
921 3692 954 3745 2
1099 3694 1131 3745 2
1172 3692 1289 3747 Gal.
1328 3695 1378 3750 4.
1422 3695 1485 3747 19
1635 3696 1665 3747 6
1704 3693 1800 3746 Iob
1841 3696 1928 3757 39,
1967 3695 1999 3747 3
2149 3696 2177 3747 7
2228 3694 2292 3747 cf.
2337 3694 2485 3747 Rom.
2525 3693 2577 3753 8,
2618 3694 2682 3747 15

393 3781 425 3832 9
461 3779 558 3833 Iob
598 3782 684 3845 39,
722 3783 754 3834 3
896 3783 961 3835 10
998 3782 1094 3835 Iob
1134 3784 1218 3845 39,
1259 3787 1290 3836 4
1426 3786 1481 3836 ll
1526 3782 1622 3835 Iob
1663 3785 1746 3845 39,
1786 3785 1819 3835 4
1952 3784 2017 3836 12
2053 3783 2150 3836 Iob
2191 3783 2276 3837 39.
2318 3785 2350 3835 4
2481 3783 2543 3834 17
2584 3781 2680 3834 Iob

392 3870 476 3929 39,
517 3871 548 3923 5
689 3870 753 3922 19
791 3870 888 3922 Iob
928 3871 1013 3933 39,
1053 3874 1083 3925 5
1221 3873 1284 3924 21
1328 3870 1426 3924 Iob
1467 3873 1551 3934 39,
1592 3873 1622 3925 6
1762 3874 1830 3925 22
1870 3872 1956 3925 Ps.
1998 3874 2083 3933 62,
2124 3874 2156 3924 2
2285 3871 2352 3924 23
2390 3871 2486 3924 Iob
2527 3872 2611 3935 39,
2651 3872 2681 3924 7

391 3957 462 4010 24
498 3957 563 4010 cf.
602 3958 797 4011 Matth.
838 3961 885 4023 7,
929 3960 994 4013 13
1103 3961 1172 4013 25
1208 3960 1306 4013 Iob
1346 3961 1431 4023 39,
1473 3961 1502 4012 7
1615 3961 1682 4013 26
1720 3960 1817 4013 Iob
1856 3962 1942 4024 39,
1981 3962 2014 4013 8
2124 3961 2190 4014 27
2231 3959 2325 4012 lob
2365 3960 2450 4021 39,
2490 3960 2522 4013 8

462 4116 495 4169 3
535 4118 854 4169 autem'om.
900 4117 976 4171 Cb
1087 4119 1118 4172 6
1156 4118 1404 4186 hyrculos
1449 4117 1496 4171 0
1591 4118 1624 4171 8
1660 4118 1857 4171 iterum
1895 4135 1996 4173 om.
2043 4118 2091 4173 G
2176 4120 2207 4169 9
2247 4118 2485 4187 emittes]
2528 4118 2683 4171 emit·

389 4209 512 4256 tens
550 4204 604 4257 P
639 4209 829 4258 euntes
871 4205 948 4258 Cb
1132 4208 1196 4260 10
1236 4207 1490 4275 abrumpe
1527 4210 1583 4260 te
1629 4207 1675 4261 C
1708 4206 2089 4276 abrumpentes
2128 4207 2158 4260 b
2323 4223 2507 4259 eorum
2551 4207 2683 4259 TPb

396 4293 461 4345 15
500 4291 832 4361 doctoribus]
869 4292 1141 4347 doloribus
1179 4294 1232 4346 P
1339 4296 1404 4348 16
1443 4295 1692 4348 humanis
1731 4296 1784 4348 P
1875 4297 1938 4349 17
1980 4300 2065 4348 est
2101 4313 2202 4352 om.
2242 4296 2347 4349 PC
2425 4297 2488 4348 21
2530 4294 2682 4349 habi-

343 4398 346 4399 ’
391 4383 657 4452 taculum]
692 4384 1097 4438 tabernaculum
1139 4385 1251 4437 eius
1289 4384 1431 4438 Hier
1610 4385 1923 4439 habitacula
1959 4386 2102 4440 Hier
2281 4388 2348 4439 27
2388 4401 2600 4439 omnem
2642 4384 2690 4439 Ο
