3076 4976
733 440 1212 507 Quaestionum
1252 441 1362 495 lib.
1400 440 1455 494 11
1499 441 1788 508 (Quaest.
1829 442 1903 495 de
1942 442 2203 509 Exodo).
2498 447 2624 511 189

420 639 703 706 Gratiam
751 658 903 703 uero
952 658 1131 702 suam
1176 639 1238 702 in
1288 657 1360 702 eo
1407 638 1548 719 ipso
1588 639 1774 702 ualde
1813 638 2214 703 commendat
2251 658 2396 703 cum
2437 639 2625 704 dicit:

333 752 403 812 et
457 747 744 813 uocabo
805 745 1097 811 nomine
1157 744 1437 809 domini
1494 745 1567 809 in
1626 747 2038 827 conspectu
2086 748 2245 822 tuo,
2295 751 2621 828 tamquam

326 854 389 917 in
447 856 792 936 conspectu
849 851 1068 934 populi
1127 851 1386 923 Israhel,
1447 851 1630 914 cuius
1680 851 1936 933 Moyses
1986 870 2129 915 cum
2176 852 2332 915 haec
2381 853 2627 917 audiret

325 963 545 1043 typum
607 960 883 1044 gerebat.
941 958 1004 1021 in
1063 960 1406 1039 conspectu
1465 958 1629 1021 enim
1687 956 1893 1040 gentis
1950 957 2155 1038 ipsius
2214 958 2449 1041 ubique
2500 959 2624 1023 dis-

264 1091 288 1128 5
323 1087 543 1150 persae
573 1070 840 1132 uocatur
869 1065 1163 1130 dominus
1205 1064 1496 1130 Christus
1533 1064 1597 1127 in
1640 1064 1930 1128 omnibus
1972 1066 2293 1148 gentibus,
2337 1068 2621 1131 uocabo

324 1182 534 1238 autem
604 1173 779 1249 dixit,
845 1190 967 1236 non
1042 1171 1412 1246 „uocabor‚“
1486 1170 1767 1234 actiuum
1833 1173 2100 1235 uerbum
2174 1192 2284 1254 pro
2362 1174 2620 1255 passiuo

322 1300 559 1364 ponens
620 1300 847 1363 genere
906 1277 1250 1342 locutionis
1307 1277 1648 1342 inusitato:
1709 1278 1769 1341 in
1827 1298 1950 1359 quo
2000 1278 2301 1342 nimirum
2347 1299 2619 1364 magnus

323 1407 544 1452 sensus
591 1389 770 1454 latet.
820 1385 914 1449 sic
962 1384 1129 1448 enim
1177 1385 1450 1449 fortasse
1499 1383 1851 1467 significare
1899 1385 2110 1449 uoluit
2146 1405 2212 1449 se
2249 1387 2462 1467 ipsum
2502 1387 2621 1451 hoc

321 1495 546 1570 facere,
594 1494 660 1557 id
707 1498 806 1558 est
854 1492 1056 1576 gratia
1102 1510 1220 1555 sua
1265 1490 1422 1566 fieri,
1473 1494 1548 1554 ut
1585 1495 1849 1555 uocetur
1888 1492 2179 1573 dominus
2219 1493 2282 1556 in
2324 1493 2618 1558 omuibus

239 1623 286 1662 ιο
321 1601 640 1684 gentibus.

407 1708 593 1787 Quod
647 1726 797 1771 uero
858 1706 1133 1770 addidit:
1193 1708 1264 1770 et
1318 1705 1733 1769 miserebor
1789 1705 1909 1768 cui
1956 1704 2325 1768 misertus
2376 1724 2495 1770 ero
2545 1713 2619 1773 et

317 1814 925 1879 misericordiam
989 1814 1394 1895 praestabo
1464 1813 1584 1876 cui
1640 1811 2246 1876 misericordiam
2302 1815 2617 1894 praesti-

317 1924 503 1995 tero,
536 1920 623 1983 ibi
653 1920 838 2002 plane
871 1920 1226 2000 expressius
1260 1919 1542 1982 ostendit
1580 1919 2003 1993 uocationem,
2044 1938 2167 2001 qua
2203 1938 2316 1982 nos
2356 1921 2618 1983 uocauit

313 2026 374 2090 in
424 2046 614 2090 suum
663 2046 927 2109 regnum
977 2029 1040 2089 et
1088 2025 1372 2109 gloriam,
1425 2046 1544 2090 non
1592 2044 1703 2107 pro
1752 2024 1996 2089 meritis
2045 2026 2300 2103 nostriS‚
2350 2025 2465 2089 sed
2500 2046 2613 2108 pro

234 2157 281 2196 ιε
317 2131 746 2196 misericordia
820 2152 953 2196 sua.
1031 2131 1325 2213 quoniam
1401 2131 1567 2194 enim
1652 2150 1719 2195 se
1803 2135 2021 2215 gentes
2105 2131 2615 2196 introducturum

313 2239 738 2321 pollicebatur
775 2238 1022 2302 dicens:
1064 2238 1349 2302 uocabo
1399 2237 1694 2301 nomine
1745 2237 2022 2301 domini
2070 2238 2140 2300 in
2192 2243 2613 2321 conspectu

314 2347 469 2422 tuo,
512 2344 986 2408 commendauit
1022 2343 1143 2407 hoc
1182 2358 1248 2407 se
1288 2343 1777 2407 misen'corditer
1812 2344 2036 2421 facere,
2078 2344 2248 2408 sicut
2284 2347 2611 2426 apostolus

313 2450 498 2516 dicit:
561 2450 729 2515 dico
792 2451 982 2514 enim
1043 2450 1429 2516 Christum
1485 2450 1921 2514 ministrum
1985 2451 2230 2516 fuisse
2298 2451 2612 2516 circum-

312 2559 633 2623 cisionis
691 2561 1002 2641 propter
1057 2559 1466 2623 ueritatem
1524 2557 1642 2622 dei
1702 2557 1788 2622 ad
1837 2558 2404 2622 confirmandas
2451 2580 2610 2641 pro-

224 2665 719 2733 eomissiones
776 2668 1104 2746 patrum,
1164 2671 1428 2747 gentes
1486 2669 1733 2729 autem
1794 2685 2021 2747 super
2081 2666 2610 2730 misericordia

307 2771 737 2855 glorificare
778 2771 1013 2835 deum.
1052 2772 1173 2835 hoc
1205 2791 1350 2855 ergo
1389 2772 1782 2852 praedictum
1823 2776 1955 2837 est:
1986 2777 2152 2847 <et>
2193 2773 2611 2837 miserebor

308 2879 427 2942 cui
497 2878 863 2941 misertus
936 2898 1063 2942 ero
1151 2882 1222 2942 et
1304 2878 1905 2943 misericordiam
1990 2881 2394 2962 praestabo
2483 2879 2605 2945 cui

304 2984 906 3048 misericordiam
955 2986 1440 3067 praestitero.
1492 2986 1723 3068 quibus
1774 2987 1985 3050 uerbis
2033 2987 2361 3068 prohibuit
2400 2986 2607 3051 homi-

302 3111 447 3170 nem
503 3091 688 3155 uelut
744 3090 819 3154 de
874 3091 1267 3173 propriarum
1322 3093 1637 3156 uirtutum
1693 3092 1935 3156 meritis
1996 3093 2270 3176 gloriari,
2338 3099 2413 3159 ut
2477 3092 2608 3175 qui

221 3230 270 3269 2⁵
306 3197 715 3282 gloriatur,
763 3198 834 3261 in
886 3197 1181 3262 domino
1222 3199 1620 3282 glorietur.
1662 3218 1781 3262 non
1823 3199 1989 3262 enim
2030 3200 2150 3265 ait:
2190 3200 2608 3264 miserebor

303 3304 540 3368 talibus
585 3304 691 3368 uel
741 3305 999 3380 talibus,
1051 3305 1161 3368 sed
1218 3305 1376 3381 „cui
1424 3306 1860 3370 misericors
1899 3307 2139 3385 fuere,
2179 3311 2254 3370 ut
2290 3307 2605 3370 neminem

301 3411 826 3492 praecedentibus
864 3411 1046 3476 bonis
1087 3413 1384 3493 operibus
1432 3412 1567 3477 suis
1614 3412 2111 3477 misericordiam
2158 3416 2372 3477 tantae
2421 3433 2605 3478 uoca-

302 3518 495 3582 tionis
558 3518 869 3582 meruisse
939 3518 1348 3583 demonstret.
1419 3519 1651 3583 etenim
1718 3518 2069 3585 Christus
2145 3540 2278 3603 pro
2358 3520 2601 3602 inpiis

300 3627 639 3688 mortuus
690 3628 826 3690 est.

221 3775 270 3812 30
397 3729 521 3794 Sed
607 3734 819 3794 utrum
904 3732 1023 3795 hoc
1108 3732 1277 3797 idem
1358 3735 1643 3814 repetere
1721 3733 2026 3810 uoluerit,
2104 3752 2247 3798 cum
2323 3733 2600 3799 addidit:

302 3836 912 3901 misericordiam
979 3839 1383 3919 praestabo
1443 3838 1563 3902 cui
1621 3838 2222 3903 misericordiam
2280 3840 2599 3921 praesti-

484 3993 549 4045 18
587 3993 740 4046 Rom.
788 3994 867 4052 15,
909 3993 958 4046 8.
1001 3995 1033 4046 9
1143 3995 1214 4047 24
1251 3994 1306 4048 ΙΙ
1345 3993 1464 4049 Cor.
1508 3996 1590 4058 10,
1634 3996 1699 4048 17
1812 3995 1880 4048 28
1918 3996 2073 4048 Rom.
2117 3997 2167 4057 5,
2211 3995 2243 4048 6

370 4099 403 4152 2
441 4115 638 4151 nomen
688 4099 742 4151 V
878 4101 910 4152 6
950 4101 1174 4153 uerbum
1213 4116 1316 4155 om.
1366 4100 1416 4152 T
1559 4100 1624 4152 12
1663 4101 1863 4170 parabo
1905 4100 1965 4152 N
2109 4101 2173 4154 13
2212 4100 2288 4153 ibi
2327 4117 2428 4154 om.
2468 4102 2598 4170 Euq

298 4187 367 4240 20
406 4187 828 4240 misericordiam
868 4187 936 4240 N
945 4187 1074 4257 Euy
1201 4189 1267 4243 21
1310 4188 1634 4257 glorificare]
1678 4189 1852 4258 gloria
1897 4192 1940 4240 (κ’
2084 4191 2139 4241 et
2178 4189 2406 4243 addidi:
2445 4194 2501 4254 et
2537 4190 2605 4244 N

297 4291 398 4330 om.
444 4274 903 4346 CPSVdeEuy
975 4277 1043 4330 26
1083 4278 1172 4330 uel
1209 4277 1415 4330 talibus
1454 4295 1557 4333 om.
1608 4279 1659 4332 V
1726 4279 1794 4332 28
1833 4279 2091 4331 meruisse
2132 4293 2189 4342 se
2218 4278 2271 4331 P
2342 4281 2406 4332 31
2440 4296 2597 4348 prae-

301 4363 457 4417 stabo
497 4363 648 4435 (tabo
687 4364 748 4417 in
787 4381 896 4418 rae.
936 4382 1003 4419 m.
1045 4367 1103 4435 2)
1145 4365 1190 4418 Ο
1333 4367 1819 4437 eui—praestitero
1862 4367 1923 4420 in
1962 4384 2060 4437 my.
2100 4385 2168 4421 m.
2208 4370 2249 4421 2
2285 4367 2418 4421 add.
2466 4369 2511 4420 C
