3076 4976
606 463 1086 529 Quaestionum
1123 463 1235 517 lib.
1276 463 1329 516 11
1370 463 1659 533 (Quaest.
1702 462 1777 517 de
1817 461 2077 530 Exodo).
2361 467 2481 529 157

203 659 559 721 dominus
611 660 1009 723 faciemus
1060 663 1135 723 et
1184 659 1636 724 audiemus,
1687 678 1889 740 usque
1940 659 2017 722 ad
2065 659 2227 723 hunc
2275 660 2486 722 locum

203 767 529 846 scripturae
578 766 1068 830 iustificationes
1117 767 1575 848 intelleguntur
1622 785 1779 848 quae
1830 765 2010 829 datae
2061 771 2209 830 sunt
2255 766 2487 848 populo

202 871 268 934 ad
313 872 803 940 obseruandum.
852 874 1163 955 incipiunt
1214 879 1447 946 aut-em,
1498 877 1804 955 quantum
1853 873 1992 954 ipsa
2050 872 2242 935 uerba
2299 873 2489 955 serip-

200 983 361 1042 turae
409 979 718 1045 indicant.
770 978 930 1043 unde
979 981 1093 1044 hoe
1154 999 1378 1043 nomen
1438 978 1959 1042 iustificationum
2023 998 2312 1042 exorsum
2371 984 2486 1051 est,

147 1085 267 1148 aab
329 1085 434 1149 illo
495 1104 687 1149 seruo
748 1086 1013 1151 hebraeo
1075 1087 1174 1150 cui
1235 1087 1402 1150 auris
1463 1086 1540 1149 ad
1604 1091 1855 1167 postem
1925 1085 2344 1168 pertunditur.
2424 1086 2485 1150 in

200 1192 410 1273 quibus
460 1192 764 1257 omnibus
812 1193 1374 1258 iustificationibus
1423 1192 1942 1257 considerandum
1992 1198 2108 1268 est,
2150 1214 2307 1275 quae
2346 1194 2487 1258 inde

200 1297 268 1362 ad
320 1298 627 1382 agendam
686 1300 885 1364 uitam
947 1303 1009 1363 et
1062 1320 1308 1364 morum
1367 1300 1672 1363 bonorum
1742 1300 2283 1363 conseruationem
2343 1300 2490 1363 duci

199 1406 446 1484 possint.
523 1407 738 1470 multa
806 1407 1035 1490 quippe
1101 1407 1163 1469 in
1234 1408 1323 1470 eis
1392 1410 1542 1469 sunt
1608 1409 1994 1469 sacramenta
2071 1406 2488 1489 significantia

200 1512 392 1591 potius
441 1513 691 1596 aliquid
740 1534 928 1595 quam
976 1513 1174 1577 uitam
1224 1515 1499 1577 nostram
1549 1512 1944 1576 instruentia.
2004 1513 2487 1577 iustificationes

130 1638 169 1675 ιο
202 1637 334 1680 sane
371 1619 551 1683 latini
593 1620 970 1701 interpretes
1011 1640 1115 1685 eas
1157 1639 1294 1683 esse
1337 1619 1644 1695 dixerunt,
1679 1638 1837 1701 quae
1869 1620 2076 1703 graeci
2117 1619 2488 1703 δικαιώματα

202 1725 521 1804 appellant.

276 1830 491 1895 XCVI.
560 1832 935 1896 Notandum
984 1835 1082 1895 est
1130 1830 1295 1913 quod
1355 1831 1584 1894 iterum
1641 1830 1914 1913 populus
1974 1831 2062 1894 ita
2119 1830 2488 1912 respondet:

203 1938 441 2001 omnia
501 1939 753 2002 uerba
812 1958 1013 2019 quae
1072 1937 1404 2001 loeutus
1464 1942 1589 2001 est
1647 1937 2024 2001 dominus
2090 1937 2487 2000 faciemus

204 2048 268 2106 et
321 2044 775 2113 audiemus,
839 2065 981 2108 eum
1039 2044 1333 2107 uideatur
1389 2044 1536 2108 ordo
1595 2046 1953 2127 postulare,
2013 2047 2083 2107 ut
2142 2043 2486 2108 diceretur:

134 2171 173 2209 ιδ
212 2150 559 2216 ,audiemus
613 2154 679 2215 et
725 2152 1101 2214 faciemus“.
1179 2150 1288 2213 sed
1346 2151 1577 2214 mirum
1637 2151 1758 2214 nisi
1817 2151 2047 2230 aliquis
2105 2168 2328 2213 seusus
2384 2150 2485 2213 hic

202 2254 359 2319 latet.
442 2278 586 2320 narn
652 2257 707 2320 si
776 2257 1271 2332 „audiemus“
1348 2277 1457 2340 pro
1517 2277 1590 2320 eo
1648 2258 1928 2339 positum
1995 2263 2092 2320 est
2159 2255 2325 2337 quod
2392 2261 2489 2320 est

207 2362 661 2446 intellegemu5‚
710 2363 885 2446 prius
937 2369 1184 2446 oportet
1230 2364 1442 2428 uerbis
1494 2364 1593 2427 dei
1650 2364 1908 2427 reddere
1966 2363 2236 2428 faciendi
2295 2363 2489 2426 serui-

204 2471 408 2543 tutem,
467 2474 541 2534 ut
601 2469 682 2535 ad
744 2470 1237 2555 intellegentiam
1300 2491 1510 2535 earum
1572 2492 1797 2547 rerum,
1857 2490 2014 2553 quae
2064 2470 2200 2553 ipso
2250 2469 2485 2552 praeci-

202 2575 392 2654 piente
439 2577 625 2655 fiunt,
677 2579 897 2642 merito
948 2578 1326 2653 deuotionis,
1376 2598 1499 2659 qua
1547 2598 1666 2642 non
1717 2581 2089 2653 contemtae,
2130 2578 2239 2641 sed
2281 2577 2483 2641 factae

135 2686 355 2759 emunt,
409 2684 548 2765 ipse
607 2685 933 2767 perducat.
993 2685 1103 2749 sed
1159 2685 1503 2749 uidendum
1562 2692 1678 2761 est,
1740 2690 1954 2749 utrum
2022 2686 2142 2749 iste
2208 2685 2484 2767 populus

204 2786 283 2849 illi
345 2790 470 2855 filio
540 2792 774 2856 similis
841 2792 1198 2856 inueniatur
1264 2792 1370 2873 qui
1435 2792 1597 2875 patri
1664 2792 1907 2855 iubenti
1965 2791 2152 2854 dixit:
2221 2791 2349 2853 ibo
2407 2790 2482 2853 in

206 2893 493 2961 uineam
547 2900 632 2961 et
679 2917 825 2961 non
873 2898 993 2962 iit.
1072 2902 1358 2982 gentes
1407 2899 1595 2975 enim,
1646 2918 1802 2980 quae
1853 2898 2175 2961 dominum
2232 2896 2484 2978 penitus

207 3004 678 3077 contemserunt,
708 3007 929 3085 postea
968 3025 1079 3087 per
1116 3006 1303 3069 unius
1344 3005 1804 3069 oboedientiam
1844 3004 2243 3079 iustificatae‚
2286 3023 2483 3085 quae

209 3126 335 3171 non
384 3111 927 3175 sectabantur
972 3111 1420 3189 iustitiam,
1482 3111 2197 3195 adprehenderunt
2252 3110 2479 3174 iusti·

136 3235 178 3274 ετ)
207 3213 400 3279 tiam.

286 3320 530 3388 XCVII.
611 3324 975 3389 Notandum
1045 3325 1211 3406 quod
1280 3326 1601 3408 Moyses
1664 3324 2158 3390 aedificauit
2224 3323 2483 3388 altare

211 3428 339 3491 sub
375 3434 645 3495 moute
688 3435 766 3494 et
804 3431 1231 3495 duodecim
1280 3431 1599 3514 lapides
1639 3432 1713 3495 in
1755 3430 2172 3495 duodecim
2215 3429 2483 3495 tribus

209 3532 526 3601 Israhel.
578 3538 973 3621 intellegitur
1020 3538 1181 3601 enim
1235 3559 1304 3603 ex
1354 3538 1689 3602 duodecim
1728 3538 2045 3619 lapidibus
2088 3539 2281 3601 altare
2323 3537 2485 3601 aedi-

368 3726 398 3778 5
437 3726 502 3782 cf.
546 3727 640 3780 Ex.
679 3728 767 3789 21,
807 3728 838 3780 6
917 3727 983 3780 10
1024 3726 1089 3780 cs.
1130 3727 1226 3780 Ex.
1266 3728 1355 3789 21,
1396 3730 1423 3781 1
1504 3728 1570 3781 13
1607 3728 1701 3782 Ex.
1735 3730 1819 3790 24,
1860 3728 1892 3780 3
1968 3729 2028 3781 21
2074 3729 2269 3781 Matth.
2299 3731 2385 3791 21,
2417 3729 2485 3782 30

214 3811 272 3863 22
306 3812 449 3868 Rom.
488 3816 540 3882 9,
581 3815 650 3870 30
759 3815 827 3869 26
865 3815 959 3871 Ex.
999 3817 1086 3881 24,
1124 3818 1159 3869 4

277 3936 296 3986 1
336 3940 387 3989 et
426 3937 707 3991 audiemus
747 3954 849 3991 om.
896 3938 962 3992 0¹
1072 3940 1103 3991 3
1141 3939 1577 3992 uerba—nomen
1616 3956 1717 3994 om.
1757 3938 1823 3991 N
1934 3941 1969 3991 4
2007 3956 2249 3992 exorsum
2290 3957 2389 3993 om.
2428 3939 2495 3991 N

215 4022 239 4072 ’ἲ
276 4025 531 4092 agendum
570 4026 638 4079 N
776 4032 831 4091 et
871 4028 1042 4080 uitam
1082 4028 1161 4093 (et
1198 4046 1317 4096 erp.
1358 4046 1424 4081 m.
1464 4033 1521 4093 2)
1566 4029 1680 4081 ΡΥ
1795 4030 1826 4081 8
1865 4030 2042 4097 possit
2084 4032 2126 4095 (t
2169 4030 2229 4080 in
2266 4030 2401 4091 ras.)
2448 4028 2491 4081 C

216 4116 323 4165 sunt
358 4132 457 4168 om.
497 4115 571 4168 P²
709 4120 1049 4169 sacramenta
1087 4120 1214 4169 sunt
1264 4116 1313 4168 V
1411 4118 1476 4170 10
1516 4117 1821 4170 diceomata
1857 4116 2073 4169 CPNV
2106 4116 2418 4169 dikeomata
2446 4115 2492 4170 S

217 4197 480 4257 diciomata
524 4203 575 4257 T
688 4205 751 4257 12
790 4205 897 4258 ista
936 4203 1071 4257 P²V
1180 4206 1245 4259 15
1284 4206 1452 4274 aliqui
1493 4206 1602 4258 PT
1637 4205 1843 4274 aliquid
1883 4204 1946 4257 N
2055 4206 2116 4257 17
2159 4208 2406 4273 oportere
2447 4204 2492 4257 S

219 4286 273 4338 19
308 4294 569 4345 contemta
610 4290 656 4344 C
850 4291 1199 4345 sed—utrum
1237 4309 1338 4346 om.
1378 4292 1443 4346 N
1583 4293 1653 4347 20
1691 4293 1783 4346 sed
1822 4309 1924 4346 om.
1964 4291 2036 4343 P¹
2187 4293 2254 4344 22
2295 4292 2398 4344 iuit
2444 4292 2494 4345 T

217 4371 352 4431 deum
389 4379 543 4433 SVT
649 4380 718 4433 28
758 4379 1052 4434 duodecem
1098 4381 1143 4435 C
