3076 4976
470 445 596 507 260
1181 439 1233 491 S.
1292 438 1566 491 Aureli
1621 437 2056 506 Augustini

466 635 826 699 faciendum
877 634 1044 715 quod
1092 653 1202 716 pro
1250 636 1531 716 peccam,
1593 631 1815 696 deinde
1871 632 2340 709 holocaustum,
2387 650 2532 695 oum
2579 631 2766 696 sacri-

465 743 608 807 ficia
685 760 796 824 pro
875 741 1152 824 peccatis
1221 760 1409 822 super
1472 740 1849 803 holocausta
1914 739 2206 822 superius
2273 739 2490 802 iubeat
2552 738 2765 820 inponi

467 852 727 930 excepto
777 847 950 930 quod
1010 846 1085 911 de
1144 847 1371 910 auibus
1429 846 1771 928 praecepit.
1856 866 1932 909 an
1988 847 2148 910 forte
2207 846 2307 935 hio
2365 844 2533 926 quod
2588 844 2763 926 prius

466 957 674 1028 fiebat,
716 954 779 1017 id
819 957 920 1018 est
956 954 1425 1030 holocaustum,
1467 953 1785 1035 posterius
1826 952 2388 1016 commemorauit?
2435 972 2556 1016 non
2597 950 2763 1015 enim

463 1062 998 1144 quemadmodum
1051 1060 1125 1124 de
1175 1060 1401 1124 auibus
1441 1058 1625 1123 dixit:
1674 1059 1771 1123 fac
1811 1059 1986 1142 prius
2024 1059 2183 1123 illud
2222 1063 2288 1122 et
2322 1062 2545 1142 postea
2580 1057 2761 1139 illud,
2828 1082 2853 1119 5

463 1169 604 1233 sed:
661 1168 758 1231 fae
816 1166 978 1231 illud
1038 1170 1226 1248 atque
1283 1166 1464 1233 illud.
1552 1166 1703 1248 quid
1760 1170 1974 1229 autem
2030 1166 2206 1248 prius
2260 1165 2615 1230 faciendum
2676 1165 2762 1227 sit

460 1276 702 1339 indicat
776 1275 1067 1357 superius
1145 1274 1430 1357 exposita
1502 1273 1861 1349 inst1·uoti0‚
1938 1274 2050 1337 ubi
2115 1272 2271 1336 dicit
2333 1292 2523 1356 super
2586 1271 2759 1337 holo-

462 1385 758 1448 caustum
824 1381 1038 1462 inponi
1105 1381 1486 1445 sacrificium
1552 1400 1662 1462 pro
1727 1380 2030 1462 peceatiS.
2124 1399 2503 1461 quamquam
2570 1378 2758 1443 ualde

459 1492 738 1564 moueat,
789 1487 959 1570 quod
1019 1488 1210 1551 etiam
1266 1488 1357 1551 ita
1410 1490 1622 1551 narrat
1678 1488 1991 1569 scriptura
2047 1487 2278 1551 fecisse
2325 1486 2530 1551 Aaron
2588 1485 2759 1567 quod

459 1595 726 1673 audiuit,
767 1599 841 1659 ut
886 1594 1061 1677 prius
1112 1597 1565 1658 commemoret
1612 1614 1757 1658 eum
1803 1594 2007 1658 faeere
2054 1614 2164 1678 pro
2212 1596 2493 1677 peccam,
2533 1593 2756 1656 deinde
2799 1627 2849 1665 ,ο

457 1702 926 1767 holocaustum.
1005 1701 1174 1782 quod
1220 1703 1437 1764 utrum
1486 1705 1549 1763 et
1596 1701 1733 1783 ipse
1781 1701 1956 1782 prius
2003 1701 2225 1765 fecerit
2272 1720 2346 1764 an
2403 1701 2578 1783 prius
2634 1699 2753 1763 hoc

456 1810 767 1892 scriptura
823 1809 1172 1872 narrauerit
1228 1809 1397 1891 quod
1451 1811 1675 1889 postea
1730 1807 1969 1871 factum
2029 1811 2146 1883 est,
2206 1807 2375 1872 sicut
2418 1808 2482 1870 in
2530 1806 2753 1870 multis

455 1918 659 1980 facere
737 1917 927 1991 solet,
996 1915 1331 1979 haberetur
1404 1915 1746 1990 incertum,
1823 1914 1947 1977 nisi
2017 1915 2185 1996 quod
2261 1914 2384 1978 dixi
2461 1914 2757 1995 superius

455 2024 792 2107 legeretur,
873 2041 1014 2085 cum
1084 2025 1299 2105 ageret
1367 2022 1441 2085 de
1510 2019 1817 2084 sacrificio
1883 2041 1993 2102 pro
2058 2024 2338 2103 peccato,
2423 2021 2513 2084 ita
2588 2020 2750 2084 enim

461 2129 732 2213 legitur:
819 2133 893 2192 et
967 2133 1427 2212 superponet
1503 2127 1700 2191 illud
1779 2127 2129 2192 sacerdos
2206 2147 2429 2209 super
2511 2128 2749 2192 altare
2792 2163 2843 2199 15,

457 2256 690 2320 super
727 2237 1307 2300 holocaustoma
1346 2235 1657 2311 domini3
1709 2238 1783 2298 et
1820 2235 2159 2299 exorabit
2205 2255 2331 2317 pro
2383 2255 2461 2299 eo
2512 2254 2749 2299 saeer-

457 2343 589 2407 dos
667 2363 796 2425 pro
875 2346 1189 2423 peceato
1271 2342 1466 2424 quod
1538 2342 1895 2423 peccauit
1958 2347 2031 2407 et
2097 2342 2533 2407 dimittetur
2605 2342 2744 2406 illi.

453 2450 765 2532 quomodo
835 2469 981 2534 ergo
1049 2453 1269 2530 posset
1332 2450 1452 2514 hoe
1519 2468 1709 2531 super
1774 2450 2253 2515 holocaustoma
2316 2450 2559 2532 inponi,
2626 2450 2749 2513 nisi

455 2559 939 2621 holocaustoma
984 2557 1159 2638 prius
1208 2557 1655 2639 inponeretur?
1731 2558 2052 2639 praecepit
2107 2562 2318 2621 autem
2374 2558 2495 2621 hoc
2553 2562 2617 2621 et
2671 2557 2745 2620 de

451 2663 759 2729 sacrificio
819 2664 1137 2738 salutarie,
1195 2666 1268 2726 ut
1334 2683 1525 2745 super
1586 2665 2071 2728 holocaustoma
2133 2664 2556 2746 inponeretur.
2634 2663 2744 2728 sed
2784 2699 2837 2736 20

453 2771 600 2853 quia
649 2771 765 2834 hoe
816 2789 935 2833 non
986 2770 1223 2851 ubique
1273 2770 1444 2846 dicit,
1493 2790 1615 2835 non
1667 2790 1777 2852 per
1825 2771 2033 2835 omnia
2089 2771 2397 2835 sacrificia,
2451 2773 2743 2836 salutaris

449 2896 564 2942 neo
612 2895 723 2958 per
771 2877 980 2940 omnia
1028 2876 1332 2941 sacrificia
1379 2897 1486 2959 pro
1535 2881 1818 2959 peccam,
1866 2883 2079 2961 potest
2123 2879 2381 2943 forsitan
2444 2878 2567 2942 diei
2622 2899 2742 2943 non

449 2986 568 3049 hoc
628 2983 999 3066 regulariter
1057 2983 1257 3047 fuisse
1314 2989 1751 3066 praeceptum:
1820 2985 1930 3049 sed
1987 2986 2119 3050 illie
2174 2986 2613 3051 tantummodo
2670 2991 2745 3048 ut

447 3091 624 3154 fieret
694 3090 936 3153 dietum
1002 3094 1118 3166 est,
1186 3090 1251 3153 id
1317 3095 1418 3155 est
1473 3091 1534 3154 in
1594 3092 1899 3155 sacrificio
1960 3094 2277 3168 salutaris,
2337 3113 2482 3157 cum
2537 3093 2610 3158 fit
2666 3094 2741 3157 de

447 3197 657 3261 bubus
700 3232 785 3242 —-
822 3196 911 3259 ibi
961 3196 1125 3259 enim
1175 3196 1239 3260 id
1279 3198 1599 3279 praecepit
1636 3235 1721 3243 —
1762 3203 1825 3262 et
1862 3199 1921 3262 in
1965 3199 2269 3263 sacrificio
2308 3219 2419 3281 pro
2458 3204 2740 3282 peccata
2780 3236 2833 3275 25

449 3323 592 3368 eum
642 3303 715 3366 fit
764 3301 840 3366 de
888 3303 1121 3366 femina
1171 3323 1240 3367 ex
1290 3304 1547 3378 ouibus;
1608 3309 1812 3368 cetera
1858 3325 2008 3371 uero
2067 3307 2203 3370 siue
2260 3307 2388 3370 sint
2445 3307 2738 3371 salutaris

445 3412 583 3475 siue
651 3429 759 3490 pro
829 3415 1085 3493 peccato
1153 3431 1275 3474 non
1336 3431 1474 3475 esse
1533 3430 1789 3476 necesse
1848 3417 1921 3476 ut
1975 3433 2166 3495 super
2220 3414 2595 3479 holocausta
2648 3415 2737 3479 in-

441 3521 771 3599 ponantur.

619 3743 651 3793 2
691 3740 757 3794 cf.
797 3741 926 3794 Leu.
965 3742 1015 3796 4.
1057 3742 1125 3795 35
1236 3744 1267 3795 3
1310 3742 1374 3796 cf.
1415 3744 1545 3797 Leu.
1585 3747 1635 3802 5.
1674 3743 1723 3797 8.
1765 3745 1815 3798 9.
1860 3745 1924 3797 10
2029 3747 2093 3799 15
2131 3745 2261 3800 Leu.
2301 3748 2352 3809 4,
2387 3747 2454 3800 35
2548 3749 2633 3800 ⁷19
2663 3747 2729 3800 cs.

440 3828 570 3880 Leu.
611 3829 658 3888 3,
700 3831 731 3882 5

516 4006 538 4056 1
583 4006 801 4072 peccato
841 4008 924 4057 est
959 4003 1025 4059 N
1109 4005 1142 4058 8
1182 4006 1414 4075 imponit
1455 4007 1509 4058 N
1595 4008 1658 4061 10
1698 4015 2137 4062 commemoraret
2175 4010 2404 4063 PKVT
2486 4012 2549 4064 16
2579 4010 2730 4063 bolo-

439 4099 689 4146 cautoma
729 4093 846 4156 (sic,
885 4092 946 4146 id
984 4100 1060 4146 est
1096 4111 1120 4146 s
1159 4111 1280 4160 om.‚
1319 4097 1381 4148 in
1415 4103 1651 4165 sequent.
1682 4099 2020 4166 plerumque)
2067 4101 2112 4152 0
2284 4101 2347 4154 18
2386 4101 2727 4154 holocausto-

438 4184 587 4234 mata
623 4180 762 4234 P¹V
904 4182 950 4234 si
986 4181 1051 4235 0¹
1130 4184 1194 4237 19
1233 4186 1933 4256 praecepit—inponeretur
1969 4205 2069 4243 om.
2102 4187 2162 4241 N
2234 4190 2301 4242 24
2340 4193 2400 4250 ut
2440 4189 2639 4242 dictum
2670 4187 2737 4241 N

427 4287 516 4338 pr.
557 4274 641 4323 est-
677 4287 777 4323 om.
826 4271 877 4324 T
1062 4273 1271 4326 saerifio
1309 4275 1355 4327 S
1567 4277 1639 4328 sit
1688 4275 2013 4330 CPSVde
2227 4280 2293 4331 ‘25
2332 4277 2506 4330 bobus
2553 4277 2732 4330 Vde

437 4359 505 4411 26
546 4359 619 4411 sit
669 4359 718 4409 Γ
