3076 4976
469 421 597 484 590
1177 417 1228 471 S.
1285 416 1561 469 Aureli
1616 415 2055 485 Augustini

467 610 757 674 lidum:
831 610 992 674 illud
1067 609 1387 674 infirmum
1463 609 1584 686 dei,
1662 609 1831 692 quod
1906 609 2136 675 fortius
2213 612 2312 673 est
2375 610 2758 674 hominibus,

469 717 870 781 iudicium
940 736 1127 781 uero
1194 722 1801 781 mansuetorum
1871 717 2228 781 statuet:
2286 716 2423 797 ipse
2471 716 2760 781 dominus

470 824 752 905 exemplo
818 823 1321 888 mansuetudinis
1390 841 1542 886 suae
1609 823 1897 887 differens
1966 823 2156 887 etiam
2222 822 2570 887 uindictam
2628 824 2763 886 imi·

471 931 744 993 tantium
792 949 879 1005 se,
931 929 1041 992 sed
1091 932 1297 993 tamen
1351 933 1520 993 certo
1570 929 1869 993 futuram.
1930 935 2007 992 et
2065 930 2253 1011 quia
2309 930 2638 1013 decepit
2692 933 2766 992 te

478 1037 565 1100 ab
617 1055 746 1100 ore
797 1036 1117 1100 inimici
1166 1037 1552 1118 abyssus:
1603 1036 1952 1119 decepit,
2004 1038 2173 1101 sicut
2220 1037 2433 1100 uisum
2484 1040 2581 1101 est
2628 1056 2762 1118 per·
2824 1061 2846 1097 ⁵

474 1143 872 1206 secutoribus
939 1142 1096 1219 61116,
1165 1143 1560 1225 profunditas
1627 1143 1819 1206 huius
1879 1144 2117 1208 saeculi
2166 1143 2490 1208 Christum
2538 1144 2616 1206 ab
2667 1163 2771 1207 ore

472 1249 617 1312 falsi
681 1248 900 1322 testis:
967 1249 1045 1313 ad
1108 1249 1321 1331 ipsum
1389 1250 1556 1313 enim
1623 1249 1949 1313 dominum
2018 1249 2333 1314 conuertit
2398 1268 2771 1314 sermonem.

475 1356 726 1419 effusi
786 1356 1069 1419 subter
1124 1376 1248 1419 ea:
1299 1355 1806 1420 subaudiendum
1864 1355 2285 1439 „deceperunt
2330 1359 2466 1423 te“:
2525 1356 2774 1439 grauati

476 1463 643 1526 enim
698 1463 963 1526 terrenis
1022 1462 1481 1543 cupiditatibus
1545 1462 1763 1526 subter
1820 1463 2116 1544 abyssum
2168 1462 2353 1526 effusi
2400 1461 2554 1526 dicti
2604 1469 2772 1526 sunt.

480 1573 557 1633 et
622 1569 1052 1632 descendit
1117 1588 1388 1633 mensa
1452 1572 1590 1632 tua
1653 1569 1894 1650 plena
1965 1569 2505 1653 pinguedine:
2573 1588 2861 1634 sacra-10

477 1680 763 1740 mentum
824 1675 1103 1757 corporis
1163 1678 1226 1738 et
1283 1675 1611 1758 sauguinis
1670 1675 1828 1750 eiuS,
1891 1675 2125 1758 panis
2193 1676 2327 1757 qui
2394 1676 2481 1739 de
2549 1676 2775 1739 caelo

482 1780 932 1847 descendit.
1000 1802 1150 1845 non
1218 1782 1567 1845 deficiet
1629 1783 1903 1846 iustos
1971 1781 2411 1847 iudicium:
2480 1783 2776 1865 quamuis

481 1890 669 1953 edant
723 1908 1030 1971 pauperes
1090 1893 1152 1953 et
1209 1891 1574 1952 saturentur
1630 1888 1707 1952 ad
1754 1889 2093 1952 imitandas
2141 1890 2469 1971 passiones
2521 1889 2777 1954 domini.

478 1994 680 2077 parati
758 1995 833 2058 de
906 1994 1301 2077 plenitudine
1376 1995 1680 2070 ca1·itati8‚
1748 2015 1870 2060 non
1947 1998 2158 2059 tamen
2232 1996 2373 2060 ideo
2440 2014 2561 2060 non
2628 1995 2782 2058 facit

479 2101 787 2165 iudicium
826 2101 1111 2182 ipsorum
1151 2101 1300 2166 cito.
1342 2105 1421 2166 et
1468 2102 1587 2165 ira
1633 2121 1875 2184 super
1915 2102 2186 2185 inpios
2236 2102 2392 2165 erit
2439 2104 2783 2185 propter
2825 2124 2869 2161 ιε)

481 2209 967 2291 inpietatem
1015 2228 1422 2272 munerum
1476 2228 1674 2290 quae
1732 2209 2256 2291 accipiebant
2313 2209 2782 2291 iniquitati-

484 2315 668 2378 bus:
728 2315 940 2378 omnia
985 2334 1248 2379 munera
1314 2314 1471 2379 dicit
1527 2334 1960 2397 quaecumque
2012 2314 2341 2380 commoda
2387 2316 2781 2398 temporalia,

486 2425 740 2506 propter
804 2441 961 2503 quae
1027 2421 1358 2485 commoda
1420 2420 1790 2503 iniquitates
1857 2421 2037 2487 fiunt.
2104 2441 2250 2486 non
2317 2427 2393 2484 te
2460 2425 2782 2486 auertat

490 2530 877 2595 uoluntas
927 2529 1209 2593 animi:
1261 2529 1512 2593 domino
1565 2530 1797 2593 dicitur
1851 2548 1973 2593 non
2031 2529 2346 2593 monentis
2406 2531 2780 2593 auctoritate

490 2641 600 2700 aut
635 2636 913 2700 iubentis
953 2635 1236 2711 audacia,
1278 2636 1387 2699 sed
1426 2635 1747 2700 locutione
1787 2635 2152 2717 prophetiae
2190 2655 2302 2718 per
2336 2636 2781 2717 imperatiuum
2818 2656 2863 2694 20

491 2743 749 2806 modum
787 2744 1002 2806 futura
1040 2742 1480 2824 p1·aedicenti8‚
1522 2742 1713 2806 sicuti
1763 2744 1897 2805 est:
1948 2742 2375 2825 accingere
2424 2743 2779 2825 gladium

491 2853 712 2913 tuum
740 2847 2777 2929 superfemur‚potentissime.aprecibusinfirmo·

493 2977 678 3033 rum,
730 2975 873 3020 cum
931 2954 1001 3018 in
1059 2955 1570 3019 necessitate
1619 2955 1955 3026 fuerint,
2015 2956 2458 3019 clamantium:
2507 2956 2781 3020 infelix

495 3083 636 3146 ego
704 3063 952 3138 home,
1021 3062 1202 3144 quis
1268 3081 1383 3125 me
1448 3061 1848 3126 liberabit
1925 3062 2013 3125 de
2089 3081 2424 3145 corpore
2500 3063 2782 3127 mortis

495 3169 788 3233 huius?
862 3171 939 3233 et
1013 3188 1281 3233 omnes
1358 3169 1493 3250 qui
1564 3169 1861 3233 habent
1924 3169 2547 3233 fortitudinem:
2618 3188 2862 3252 prae-2⁵

498 3280 821 3339 sumentes
873 3275 948 3339 de
999 3276 1296 3358 operibus
1345 3276 1479 3340 suis
1530 3280 1609 3339 et
1666 3295 1885 3340 suam
1942 3276 2358 3341 iustitiam
2408 3279 2783 3341 uolentes

500 3383 1032 3448 constituere.
1081 3382 1251 3446 noli
1303 3384 1730 3447 extrahere
1779 3403 1915 3465 per
1971 3386 2328 3447 noctem:
2377 3384 2783 3447 manifestum

499 3489 586 3552 sit
649 3489 818 3572 quod
884 3508 992 3553 eos
1041 3509 1077 3552 a
1122 3490 1357 3570 populo
1427 3489 1726 3565 secernis,
1786 3489 1923 3553 siue
1980 3490 2127 3554 illos
2185 3489 2491 3570 superbos
2551 3491 2658 3571 qui
2715 3489 2785 3552 de

682 3681 705 3732 1
751 3679 815 3733 61.
854 3679 881 3734 1
921 3664 1038 3733 cor.
1083 3681 1127 3742 1,
1168 3680 1235 3733 25
1356 3681 1389 3732 2
1428 3680 1525 3733 161)
1564 3680 1653 3745 36,
1695 3682 1760 3733 16
1878 3682 1911 3731 4
1949 3681 2044 3733 161)
2086 3681 2171 3741 36,
2215 3682 2278 3734 16
2391 3680 2424 3733 s
2462 3679 2558 3733 Iob
2600 3681 2685 3737 36.
2726 3680 2787 3732 16

504 3770 570 3823 10
607 3769 704 3822 161)
744 3770 831 3829 36,
874 3769 937 3822 16
1089 3770 1143 3822 11
1193 3769 1258 3822 cf.
1296 3769 1415 3822 Ioh.
1455 3770 1503 3832 6,
1546 3770 1614 3824 50
1763 3772 1827 3823 12
1867 3770 1962 3822 161)
2002 3771 2087 3832 36,
2130 3771 2192 3823 17
2344 3771 2408 3823 15
2454 3770 2553 3822 161)
2600 3770 2687 3830 36,
2730 3768 2789 3819 16

503 3858 570 3912 16
607 3858 703 3910 161)
741 3860 829 3918 66.
873 3859 939 3910 19
1038 3858 1102 3911 21
1143 3859 1230 3911 ps.
1269 3859 1356 3917 44.
1395 3860 1431 3910 4
1541 3859 1609 3910 22
1647 3858 1742 3911 161)
1782 3860 1868 3921 36,
1914 3859 1978 3911 19
2062 3859 2131 3912 23
2168 3859 2320 3912 Rom.
2362 3860 2409 3921 7,
2450 3859 2520 3911 24
2592 3859 2661 3911 25
2698 3855 2789 3909 161)

502 3948 590 4009 36,
628 3948 696 4000 20
796 3947 864 3999 26
896 3945 963 4002 cf.
1002 3947 1154 4001 Rom.
1198 3948 1279 4005 10.
1319 3949 1351 4000 3
1463 3948 1528 3999 27
1568 3947 1663 4000 Iob
1705 3949 1788 4007 36.
1829 3948 1897 4001 20

573 4062 605 4114 2
644 4063 841 4114 statuit
877 4061 924 4115 S
1062 4062 1096 4115 8
1133 4067 1190 4115 at
1228 4063 1381 4115 effusi
1419 4062 1450 4114 b
1490 4062 1679 4115 effusio
1719 4062 1765 4116 S
1915 4079 2031 4115 eam
2071 4062 2295 4117 SdHier
2435 4064 2500 4115 12
2538 4063 2712 4115 iustus
2750 4061 2794 4112 S

507 4151 575 4202 14
611 4149 765 4218 facit]
809 4150 942 4203 dicit
978 4150 1031 4202 P
1214 4152 1275 4204 16
1316 4151 1369 4203 111
1408 4151 1795 4219 iniquitatibus
1834 4151 1975 4204 Hier
2150 4152 2215 4203 18
2255 4152 2490 4219 auertat]
2535 4168 2566 4203 a
2595 4158 2710 4203 utas
2751 4148 2793 4200 C

504 4240 574 4291 ⁶2⁶2
613 4241 790 4308 super]
832 4240 970 4292 circa
1006 4240 1062 4292 P
1131 4242 1198 4293 26
1237 4240 1485 4292 nolentes
1530 4239 1577 4292 C
1646 4240 1713 4293 ‘28
1753 4240 1846 4309 sit]
1886 4240 1947 4293 fit
1984 4240 2039 4292 P
2144 4257 2176 4293 a
2212 4239 2436 4309 populo]
2474 4238 2715 4307 apostolo
2742 4236 2793 4289 P

505 4329 703 4397 populo
742 4332 837 4380 tuo
877 4328 915 4381 cl
1059 4329 1316 4380 sincerius
1362 4328 1408 4379 (J
