3076 4976
429 514 558 577 376
1133 509 1185 562 S.
1245 510 1519 564 Aureli
1576 510 2013 579 Augustini

432 707 509 768 et
575 704 954 788 cognitus
1022 723 1209 768 sum.
1296 704 1464 786 quod
1522 704 1713 769 etiam
1772 704 1984 787 ipsum
2043 707 2227 769 caute
2286 702 2722 786 accipiendum

432 815 559 885 est,
635 830 712 874 ne
780 813 1023 875 tantam
1096 815 1361 892 putetur
1432 811 1767 876 habiturus
1844 811 2033 876 homo
2109 810 2535 895 cognitionem
2602 809 2722 881 dei,

434 921 731 999 quantam
797 936 964 980 nunc
1029 916 1221 982 habet
1285 918 1562 983 hominis
1631 919 1806 995 deus,
1874 919 1985 984 sed
2049 938 2161 1002 pro
2220 937 2337 983 suo
2392 916 2582 982 modo
2635 916 2726 980 ita

433 1025 798 1106 perfectam,
846 1027 919 1088 ut
968 1025 1024 1089 ei
1072 1024 1237 1089 nihil*
1283 1025 1490 1090 adhuc
1537 1030 1906 1109 expectetur
1959 1026 2348 1091 addendum:
2408 1029 2482 1089 nt
2537 1043 2722 1105 quam

431 1131 708 1212 perfecte
775 1150 940 1195 nunc
1008 1131 1166 1196 deus
1232 1133 1416 1197 nouit
1479 1133 1822 1210 hominem,
1881 1134 1991 1198 sed
2055 1137 2265 1199 tamen
2334 1132 2508 1196 sicut
2569 1131 2726 1194 deus
2788 1152 2816 1190 ε»

432 1237 772 1312 hominem,
832 1238 923 1302 ita
979 1245 1131 1303 tunc
1188 1240 1468 1321 perfecte
1524 1241 1776 1305 nouerit
1830 1241 2020 1305 homo
2080 1239 2291 1315 deum,
2348 1238 2460 1303 sed
2514 1240 2726 1302 tamen

434 1343 605 1408 sicut
670 1342 861 1407 homo
930 1343 1141 1408 deum.
1226 1364 1429 1427 neque
1497 1348 1686 1417 enim,
1755 1345 1901 1427 quia
1959 1346 2202 1409 dictum
2260 1347 2391 1409 est:
2459 1346 2727 1407 estote

434 1449 825 1533 perfecti,
894 1451 1117 1515 sicut
1180 1454 1413 1533 pater
1475 1454 1755 1516 uester
1828 1452 2228 1516 caelestis
2301 1451 2726 1533 perfectus

434 1560 578 1630 est,
620 1556 762 1622 ideo
802 1557 1252 1638 aequalitatem
1294 1559 1511 1640 patris,
1544 1577 1733 1641 quam
1771 1560 2038 1624 uerbum
2077 1559 2270 1623 habet
2306 1558 2725 1641 unigenitum,

436 1683 683 1746 sperare
734 1664 1071 1741 debemus;
1131 1667 1426 1747 quamuis
1476 1685 1596 1731 non
1648 1666 1960 1731 defuerint
2009 1667 2118 1749 qui
2167 1670 2232 1730 et
2277 1666 2395 1730 hoc
2443 1665 2728 1729 futurum
2767 1688 2819 1725 10

434 1772 822 1852 putauerint‚
873 1772 994 1836 nisi
1043 1772 1203 1838 forte
1254 1773 1405 1855 quid
1454 1774 1672 1839 dicant·
1714 1793 1935 1857 parum
1983 1773 2442 1857 intellegimus.

530 1877 607 1942 X.
658 1878 827 1958 Quid
873 1884 973 1943 est
1011 1880 1179 1962 quod
1219 1882 1339 1946 ait:
1390 1884 1468 1945 et
1515 1901 1659 1964 ego
1708 1881 2018 1945 stabam
2066 1880 2283 1944 inter
2328 1878 2727 1943 dominum

444 1988 521 2049 et
578 2003 722 2049 uos
770 1986 846 2050 in
894 1990 1257 2070 tempore
1303 1988 1453 2052 illo
1504 1988 1986 2052 adnuntiare
2034 1986 2271 2051 uobis
2318 1985 2566 2049 uerba
2613 1983 2729 2047 do·

437 2093 665 2162 mini,
731 2096 1054 2176 tamquam
1113 2095 1176 2157 in
1235 2095 1375 2159 loco
1435 2098 1605 2159 esset
1662 2095 1986 2170 domium,
2045 2094 2164 2158 hoc
2223 2096 2323 2157 est
2376 2093 2439 2155 in
2496 2094 2728 2165 monte,

438 2198 604 2263 unde
650 2199 745 2263 illi
794 2219 987 2265 uoces
1036 2201 1419 2266 audiebant?
1477 2201 1647 2284 quod
1695 2202 1788 2265 sic
1836 2200 2272 2282 accipiendum
2322 2203 2441 2275 est,
2491 2201 2563 2261 ut
2608 2215 2729 2261 non
2767 2217 2818 2259 15

439 2325 509 2369 ex
558 2306 676 2370 hoc
727 2307 1128 2389 suspicemur
1173 2308 1271 2372 dei
1322 2308 1748 2372 substantiam
1795 2307 1860 2371 iu
1908 2307 2041 2371 ullo
2083 2306 2292 2388 aliquo
2333 2323 2475 2369 esse
2516 2322 2731 2385 corpo·

437 2412 553 2476 rali
609 2413 774 2491 loco,
835 2414 943 2496 qui
1003 2417 1101 2478 est
1156 2415 1391 2499 ubique
1447 2417 1648 2492 totus,
1707 2433 1821 2478 nec
1884 2433 1998 2496 per
2058 2414 2343 2477 locorum
2400 2409 2731 2474 interualla

441 2520 823 2602 propinquat
868 2525 979 2585 aut
1024 2522 1298 2593 recedit:
1358 2522 1471 2586 sed
1527 2522 2092 2586 demonstrationes
2151 2521 2287 2584 eius
2336 2519 2399 2583 in
2449 2537 2522 2582 ea
2569 2535 2731 2581 crea-

440 2628 601 2692 tura.
662 2645 821 2706 quae
879 2647 997 2692 non
1058 2631 1156 2692 est
1212 2629 1379 2710 quod
1437 2629 1594 2710 ipse.
1653 2648 1773 2694 non
1832 2628 2019 2693 aliter
2082 2626 2374 2692 humanis
2440 2623 2732 2688 sensibus

444 2732 834 2799 exhibentur.
920 2734 1086 2798 unde
1163 2735 1455 2800 dominus
1529 2736 1753 2801 uolens
1829 2736 2071 2800 auferre
2146 2734 2222 2798 ab
2298 2732 2490 2796 huius
2564 2727 2732 2794 modi
2769 2755 2820 2795 ευ

442 2839 916 2920 suspicionibus
990 2845 1267 2906 mentem
1343 2847 1644 2919 nostram,
1721 2843 1955 2925 quibus
2028 2844 2293 2924 putatur
2365 2838 2521 2903 deus
2594 2836 2732 2900 loco

443 2945 654 3026 aliquo
714 2947 1040 3025 contineri,
1100 2950 1398 3026 ueniet,
1449 2951 1679 3032 inquit,
1728 2951 1941 3024 hora,
1993 2948 2306 3033 quando
2355 2962 2608 3027 neque
2657 2943 2731 3006 in

442 3055 708 3117 monte
765 3053 913 3119 hoc
970 3076 1226 3139 neque
1283 3059 1358 3121 in
1420 3057 2027 3141 Hierosolymis
2095 3051 2561 3120 adorabitis
2617 3069 2731 3133 pa-

444 3161 666 3223 trem.
753 3180 896 3225 uos
964 3162 1329 3228 adoratis
1390 3165 1598 3247 quod
1654 3164 2043 3236 nescitis;
2111 3180 2250 3226 nos
2308 3159 2732 3224 adoramus

446 3265 652 3346 quod
703 3267 1025 3346 scimus,
1078 3271 1269 3354 quia
1318 3272 1546 3336 salus
1594 3290 1678 3335 ex
1725 3270 2059 3335 Iudaeis
2109 3272 2252 3333 est.
2322 3264 2459 3330 sed
2507 3262 2734 3329 uenit
2770 3286 2821 3327 2⁵

447 3369 638 3435 hora
698 3374 775 3436 et
832 3394 1032 3440 nunc
1093 3381 1250 3454 est,
1309 3376 1623 3460 quando
1680 3378 1859 3442 ueri
1928 3376 2402 3441 adoratores
2470 3370 2734 3435 adora-

448 3476 648 3541 bunt
704 3484 1006 3562 patrem
1068 3484 1142 3547 in
1201 3484 1509 3568 spiritu
1570 3487 1645 3549 et
1710 3485 2090 3549 ueritate.
2168 3501 2338 3545 nam
2387 3484 2463 3544 et
2509 3480 2737 3561 pater

446 3584 660 3649 tales
720 3589 1038 3667 quaerit
1095 3590 1230 3671 qui
1288 3591 1627 3656 adorent
1685 3611 1876 3655 eum.
1956 3588 2308 3672 spiritus
2369 3590 2494 3650 est
2541 3584 2734 3648 deus

450 3695 524 3755 et
604 3712 737 3757 eos
814 3695 948 3776 qui
1023 3695 1366 3761 adorant
1439 3716 1611 3762 eum
1696 3697 1771 3761 in
1848 3695 2151 3779 spiritu
2226 3697 2306 3758 et
2377 3691 2735 3756 ueritate

449 3803 775 3881 oportet
822 3800 1175 3865 adorare.
1251 3803 1530 3868 medium
1582 3823 1729 3888 ergo
1780 3821 1848 3867 se
1897 3802 2052 3866 dixit
2096 3801 2352 3883 Moyses
2409 3817 2531 3861 non
2577 3796 2740 3861 inter
2772 3824 2823 3864 ao

628 3975 657 4026 7
695 3974 891 4029 Matth.
933 3977 982 4036 5,
1030 3977 1101 4031 48
1249 3978 1314 4029 10
1363 3976 1429 4030 cf.
1469 3978 1644 4047 Epist.
1684 3979 1770 4038 92,
1810 3980 1869 4040 5;
1923 3977 2043 4035 147,
2093 3977 2162 4030 36
2309 3974 2376 4027 12
2415 3972 2576 4025 Dent.
2616 3973 2667 4032 5,
2705 3972 2736 4023 5

447 4062 517 4114 22
554 4061 671 4116 Ioh.
709 4064 761 4124 4,
800 4065 1012 4118 21—24

523 4169 547 4222 1
589 4170 758 4239 ipsius
799 4170 857 4223 N
966 4172 997 4224 3
1037 4177 1294 4240 quantum
1327 4173 1377 4226 T
1481 4174 1514 4226 6
1554 4172 1880 4226 sed—deum
1920 4188 2024 4226 om.
2063 4170 2128 4224 N
2231 4170 2296 4224 10
2337 4168 2622 4222 defuerunt
2667 4163 2737 4220 U¹

452 4259 511 4312 11
554 4261 865 4327 patauerint
894 4262 957 4314 N
1054 4264 1119 4316 12
1159 4262 1315 4316 deum
1344 4262 1557 4316 ΡΡἾΤι
1661 4265 1725 4316 15
1766 4262 1846 4315 illi
1883 4278 1985 4315 om.
2022 4261 2072 4314 T
2168 4260 2234 4316 16
2274 4258 2353 4326 su]
2392 4257 2661 4326 suspimur
2697 4252 2745 4306 T

450 4348 655 4418 aliquo]
706 4367 844 4420 aquo
884 4351 947 4404 N
1093 4353 1156 4406 17
1203 4354 1379 4406 tocius
1416 4349 1480 4405 N
1620 4353 1690 4405 22
1737 4350 1947 4404 uenihit
1986 4349 2051 4403 N
2189 4349 2258 4402 23
2300 4345 2662 4400 hierosolimis
2700 4341 2745 4396 S

450 4440 811 4498 hierusolimis
860 4444 914 4499 U
945 4442 1302 4496 iherosolimis
1350 4442 1400 4494 T
1518 4443 1586 4495 27
1622 4441 1783 4508 prius
1820 4445 1874 4492 et
1911 4455 2013 4493 om.
2052 4438 2120 4492 N
2232 4436 2303 4492 30
2341 4452 2399 4490 se
2436 4451 2541 4489 om.
2579 4429 2743 4487 PVT
