3076 4976
550 461 673 523 148
1245 457 1296 510 S.
1356 457 1634 509 Aureli
1690 456 2131 525 Augustini

545 651 953 716 disceremus.
1031 652 1084 714 si
1152 671 1298 735 ergo
1367 651 1526 714 illud
1592 651 1856 715 informe
1920 650 2324 734 puerperium
2390 650 2516 713 iam
2584 649 2820 731 quidem

542 759 768 836 fuerat,
819 761 930 823 sed
978 760 1181 823 adbuc
1232 760 1504 842 quodam
1555 759 1742 823 modo
1796 759 2148 822 infomiiter
2195 758 2545 822 animatum
2575 794 2661 803 —
2692 777 2822 838 quo-

546 867 714 929 niam
776 885 1005 949 magna
1066 866 1140 929 de
1203 866 1410 930 anima
1470 866 1757 947 quaestio
1817 884 1940 929 non
1989 868 2088 928 est
2134 863 2606 946 praecipitanda
2653 863 2822 927 iudis-

548 992 771 1037 cussae
819 973 1176 1037 temeritate
1226 973 1572 1037 sententiae
1602 972 1857 1036 —ideo
1905 973 2002 1035 lex
2052 971 2257 1035 noluit
2304 971 2379 1034 ad
2428 971 2821 1035 homicidium

548 1079 879 1160 pertinere,
931 1079 1075 1161 quia
1122 1079 1404 1144 nondum
1453 1079 1576 1143 dici
1625 1082 1840 1161 potest
1886 1079 2094 1142 anima
2151 1079 2301 1143 uiua
2346 1078 2410 1141 in
2462 1098 2533 1141 eo
2585 1097 2821 1160 corpore
2869 1086 2888 1122 ⁵

550 1186 716 1267 quod
776 1206 967 1252 sensu
1026 1191 1214 1262 earet,
1274 1188 1328 1251 si
1387 1186 1533 1250 talis
1594 1189 1689 1250 est
1746 1186 1807 1249 in
1867 1205 2050 1249 earne
2119 1184 2395 1248 nondum
2451 1182 2720 1248 formata
2771 1187 2822 1247 et

548 1293 688 1358 ideo
737 1293 1015 1358 nondum
1066 1293 1357 1358 sensibus
1406 1293 1710 1376 praedita.
1775 1292 1925 1375 quid
1976 1296 2187 1356 autem
2253 1292 2434 1355 dixit:
2502 1294 2576 1354 et
2637 1290 2821 1354 dabit

552 1419 715 1464 cum
776 1402 1322 1483 postulatione,
1382 1400 1549 1483 quod
1607 1400 1876 1463 maritus
1933 1399 2219 1463 mulieris
2278 1398 2529 1461 informi
2593 1398 2821 1461 excluso

549 1507 825 1572 dandum
895 1509 1326 1583 constituerat,
1386 1527 1506 1572 non
1580 1511 1678 1571 est
1723 1507 1784 1570 in
1834 1510 2085 1588 promtu
2143 1505 2533 1588 intellegere.
2613 1499 2824 1584 ἀξίωμα

550 1615 799 1697 quippe,
866 1616 1035 1697 quod
1096 1634 1358 1699 graeeus
1422 1614 1634 1679 habet.
1695 1614 1985 1696 pluribus
2047 1612 2252 1676 modis
2318 1610 2715 1694 intellegitur
2772 1611 2824 1671 et
2855 1621 2889 1655 ¹⁰

551 1721 946 1786 tolerabilius
1004 1740 1204 1796 „cum
1252 1720 1814 1803 postulatione“
1873 1719 2113 1783 dictum
2173 1719 2271 1781 est
2329 1736 2516 1797 quam
2571 1717 2625 1780 si
2672 1715 2822 1780 aliud

554 1828 890 1893 diceretur.
938 1827 1227 1892 fortassis
1278 1828 1442 1891 enim
1498 1827 1854 1909 postulabit
1909 1829 1982 1889 ut
2038 1825 2164 1901 det,
2212 1826 2286 1887 ut
2334 1842 2405 1888 eo
2453 1823 2639 1888 modo
2688 1823 2821 1887 satis

553 1934 668 1998 deo
716 1935 926 2002 faciat.
979 1934 1227 1998 etiamsi
1277 1935 1541 1997 maritus
1590 1932 1900 1996 mulierue
1947 1951 2068 1995 non
2118 1932 2386 2013 expetat.

642 2041 923 2103 LXXXI.
994 2039 1068 2104 Si
1135 2046 1383 2102 autem
1450 2057 1677 2102 cornu
1737 2037 2206 2119 percusserit
2264 2039 2530 2100 taurus
2597 2034 2820 2098 uirum

556 2150 682 2210 aut
720 2146 1113 2210 mulierem
1153 2147 1225 2209 et
1261 2147 1605 2208 mortuus
1645 2143 1899 2220 fuerit,
1940 2142 2333 2224 lapidibus
2372 2140 2823 2223 lapidabitur
2855 2153 2889 2190 ¹⁵

553 2257 820 2317 taurus
891 2256 962 2316 et
1029 2272 1166 2316 uon
1214 2251 1871 2315 manducabuntur
1918 2268 2176 2312 carnes
2229 2249 2419 2320 eius;
2499 2247 2821 2312 dominus

556 2363 809 2423 autem
883 2359 1087 2423 tauri
1161 2358 1524 2422 innocens
1605 2356 1766 2419 erit.
1855 2356 1934 2419 ad
2008 2356 2321 2419 iustitiam
2393 2355 2684 2436 pertinet,
2764 2356 2823 2415 ut

554 2466 787 2530 animal
835 2465 1199 2531 horninibus
1251 2465 1502 2529 noxium
1551 2465 1915 2548 perimatur.
1966 2467 2029 2528 et
2077 2462 2245 2546 quod
2293 2462 2368 2526 de
2433 2465 2614 2527 tauro
2675 2458 2823 2543 posi·

555 2578 694 2636 tum
743 2577 859 2647 est,
903 2595 936 2638 a
985 2576 1158 2656 parte
1207 2575 1413 2636 totum
1460 2571 1962 2655 intellegendum
2013 2574 2129 2643 est,
2181 2568 2490 2651 quidquid
2555 2568 2615 2631 in
2661 2584 2824 2650 peco-

554 2681 729 2744 ribus
796 2681 939 2744 usui
1006 2681 1280 2744 humano
1332 2679 1606 2743 subditis
1668 2678 1971 2742 infestum
2038 2684 2137 2739 est
2182 2675 2564 2739 hominibus,
2630 2673 2738 2738 sed
2779 2670 2888 2734 sim

554 2807 811 2851 necesse
860 2792 958 2851 est
1006 2787 1228 2859 occidi,
1278 2785 1586 2866 numquid
1634 2784 1941 2868 lapidari?
1991 2782 2143 2865 quid
2192 2782 2452 2846 interest
2502 2783 2664 2845 enim
2713 2779 2824 2843 ani-

558 2895 705 2965 mal,
746 2893 913 2974 quod
962 2891 1368 2956 auferendum
1418 2894 1534 2967 est,
1586 2910 1708 2971 qua
1754 2893 1956 2954 morte
2005 2890 2362 2952 auferatur?
2413 2887 2632 2951 deinde
2678 2883 2824 2968 quod

556 2999 800 3063 addidit
846 2998 1136 3062 carnibus
1187 2999 1322 3062 eius
1369 3018 1491 3061 nou
1547 3016 1686 3061 esse
1740 2995 2147 3071 uescendum,
2199 3014 2321 3075 quo
2378 2995 2667 3076 pertinet,
2720 2991 2825 3056 nisi

560 3106 770 3169 omnia
826 3106 949 3170 ista
1007 3105 1367 3189 significent
1432 3103 1689 3186 aliquid,
1750 3103 1918 3185 quod
1983 3102 2292 3185 scriptura
2353 3102 2619 3165 maxime
2683 3099 2824 3163 solet

561 3211 835 3275 intueri?
2851 3220 2890 3260 ει»

647 3318 960 3382 LXXXII.
1013 3316 1085 3381 Si
1138 3319 1381 3380 autem
1434 3335 1660 3380 cornu
1698 3313 2170 3397 percusserit
2209 3313 2541 3377 alieuius
2585 3317 2822 3376 taurus

557 3428 857 3489 taurum
923 3424 1242 3506 proximi
1308 3426 1381 3486 et
1443 3426 1783 3486 mortuus
1850 3420 2104 3497 fuerit,
2166 3419 2496 3484 uendent
2553 3423 2821 3483 taurum

744 3631 810 3683 14
848 3631 938 3683 Ex.
980 3631 1065 3691 21,
1105 3629 1172 3683 28
1284 3631 1352 3682 26
1391 3629 1481 3681 Ex.
1524 3630 1610 3690 21,
1651 3629 1720 3683 35

637 3756 662 3807 1
708 3754 874 3824 quida
917 3754 963 3807 C
1084 3756 1117 3807 2
1156 3753 1323 3807 fuerit
1361 3752 1542 3807 SVbd
1684 3752 1922 3806 animato
1960 3753 2032 3805 Ρ1
2163 3753 2193 3805 7
2235 3752 2379 3821 quod
2417 3750 2588 3805 1³de
2687 3750 2718 3803 8
2751 3761 2823 3800 ex·

565 3845 711 3899 cluso
759 3843 993 3897 dandum
1034 3859 1134 3897 om.
1175 3842 1240 3895 N
1341 3843 1372 3895 9
1413 3842 1760 3896 constituerit
1796 3842 2140 3895 PSNVde
2281 3859 2618 3912 nou—prom
2654 3856 2744 3894 om.
2777 3833 2831 3887 N

563 3935 780 4002 prumtu
827 3932 873 3985 C
1014 3930 1241 4001 ἀξίωμα]
1279 3934 1485 3985 axioma
1529 3931 1692 3985 GNT
1726 3930 2030 3984 adanimam
2061 3929 2167 3984 SV
2191 3930 2440 3983 adanima
2469 3930 2544 3983 Ρι
2652 3929 2711 3981 12
2743 3942 2824 3996 po·

564 4021 795 4075 stulauit
832 4020 947 4073 PV
1105 4020 1202 4073 alt.
1243 4024 1305 4074 ut
1341 4037 1443 4074 om.
1492 4020 1545 4071 V
1668 4019 1734 4072 13
1772 4020 1939 4073 saciat
1975 4025 2106 4072 mut.
2146 4019 2208 4072 in
2244 4019 2448 4073 faciens
2496 4018 2549 4069 V
2686 4013 2824 4068 muli·

565 4113 712 4180 erue]
753 4110 1034 4163 mulierem
1073 4108 1117 4163 S
1151 4111 1374 4163 muliere
1404 4109 1478 4161 Ρ1
1509 4109 1761 4162 mulieres
1803 4108 1871 4161 V¹
1983 4109 2049 4161 15
2086 4107 2360 4179 lapidibus
2391 4124 2493 4161 om.
2533 4109 2583 4162 T
2707 4102 2825 4171 lapi-

566 4200 728 4253 datur
765 4199 811 4253 S
955 4201 1020 4253 16
1048 4204 1179 4267 post
1217 4198 1463 4250 dominus
1500 4214 1543 4250 s.
1585 4198 1618 4250 l.
1647 4197 1816 4265 posit.
1857 4198 1973 4250 eius
2010 4197 2072 4249 in
2119 4196 2172 4249 V
2314 4197 2378 4249 17
2425 4198 2567 4250 tauri
2604 4213 2694 4250 om.
2741 4188 2828 4243 VT

566 4291 632 4341 19
672 4292 856 4357 aperte
895 4286 975 4340 P¹
1116 4288 1186 4341 20
1223 4286 1499 4339 subditum
1541 4285 1646 4340 SV
1678 4285 1940 4339 subditi-us
1979 4285 2034 4337 P
2166 4286 2230 4338 21
2272 4285 2538 4353 numquid
2574 4300 2636 4337 ex
2667 4283 2825 4347 nuqua

564 4394 632 4429 m.
672 4380 706 4429 2
752 4376 803 4429 V
977 4375 1219 4444 lapidare
1266 4375 1387 4429 CV¹
1533 4376 1603 4427 ⁶24
1642 4374 1790 4428 aliud
1827 4373 2011 4429 P¹SV
2152 4375 2221 4427 26
2261 4374 2616 4427 Si—alieuius
2651 4387 2742 4424 om.
2777 4364 2826 4419 N
