3076 4976
434 506 516 568 82
1148 503 1201 556 S.
1258 502 1533 556 Aureli
1588 502 2023 572 Augustini

436 698 971 780 quemadmodum
1022 698 1264 762 dictum
1315 702 1413 761 est
1462 698 1536 762 de
1587 697 1810 780 inpiis:
1860 697 2232 761 incolent
2278 700 2356 760 et
2402 697 2742 760 abscon-

436 807 627 868 dent
665 805 847 888 ipsi,
891 805 1365 869 calcaneum
1403 824 1656 869 meum
1697 803 2276 868 obseruabunt.
2319 803 2394 867 de
2438 803 2528 866 eis
2562 802 2738 866 enim

434 912 915 976 conuenientius
975 911 1303 993 accipitur,
1354 911 1461 993 qui
1512 915 1585 974 ut
1632 911 2021 975 abscondant
2089 911 2390 985 incolunt,
2460 909 2523 973 id
2590 914 2731 973 est:

434 1022 507 1082 ut
554 1018 935 1082 insidientur
980 1018 1152 1095 filiis,
1204 1037 1324 1082 non
1373 1022 1630 1082 manent
1676 1018 1736 1081 in
1789 1017 1974 1082 domo
2024 1018 2087 1082 iu
2138 1021 2480 1081 aeternum.

527 1125 770 1190 CLVII.
810 1126 904 1189 Et
944 1125 1172 1189 dedit
1211 1125 1985 1208 eis'possessionem
2023 1124 2099 1187 in
2141 1127 2361 1188 terra
2401 1122 2736 1206 optima.
2817 1145 2855 1184 ε»

436 1232 511 1295 111
547 1235 764 1296 terra
802 1234 1285 1308 Ramessem,
1327 1233 1550 1296 sicut
1595 1234 2126 1314 praeceperat
2162 1231 2494 1295 Pharao.
2549 1250 2746 1312 quae-

436 1339 703 1403 rendum
768 1344 866 1403 est
931 1343 1144 1403 utrum
1208 1343 1372 1405 terra
1436 1340 1810 1403 Ramessem
1876 1339 2016 1420 ipsa
2081 1339 2170 1402 sit
2237 1341 2379 1410 (et)
2445 1337 2742 1402 Gessem.

435 1446 640 1528 ipsam
689 1447 855 1511 enim
900 1448 1214 1528 petierant
1262 1451 1326 1511 et
1385 1447 1591 1529 ipsam
1641 1447 1731 1510 eis
1798 1446 2042 1509 Pharao
2111 1445 2242 1509 dari
2308 1447 2742 1528 praeceperat.

531 1553 808 1618 CLVIII.
856 1554 954 1617 Et
1000 1554 1501 1618 metiebatur
1545 1552 1923 1616 triticum
1960 1553 2176 1634 patri
2219 1572 2359 1617 suo
2403 1551 2742 1633 Ioseph;

440 1665 504 1725 et
548 1663 759 1723 tamen
814 1679 957 1724 eum
1020 1663 1200 1742 pater
1244 1679 1356 1724 nec
1424 1659 1673 1741 quando
1741 1659 1907 1722 uidit
1963 1659 2254 1723 adorauit
2308 1678 2422 1723 nec
2485 1656 2744 1740 quando
2790 1679 2852 1718 10

440 1767 515 1831 ab
564 1767 674 1830 illo
723 1767 1009 1831 triticum
1078 1767 1443 1850 accipiebat.
1514 1766 1830 1849 quomodo
1901 1785 2048 1846 ergo
2117 1766 2436 1830 somnium
2503 1763 2741 1846 Ioseph

438 1873 626 1938 modo
675 1874 989 1956 inpletum
1033 1875 1402 1957 putabimus
1454 1878 1519 1938 et
1565 1893 1687 1938 non
1735 1873 1949 1956 potius
1999 1873 2256 1937 maioris
2297 1875 2386 1936 rei
2428 1872 2740 1937 contineri

441 1981 637 2063 proph
648 1981 839 2044 etia-m
856 1985 886 2044 ¹?

536 2086 847 2152 CLVIIII.
906 2087 1001 2150 Et
1067 2087 1366 2150 intulit
1432 2087 1725 2168 Ioseph
1798 2106 2098 2151 omnem
2165 2086 2591 2168 pecuniam
2664 2086 2742 2148 in

443 2192 752 2257 domum
802 2193 1271 2257 Pharaonis.
1322 2194 1630 2275 pertinuit
1675 2193 1754 2256 ad
1804 2193 2182 2275 scripturam
2237 2193 2300 2256 in
2363 2192 2482 2256 hac
2547 2191 2743 2254 etiam
2791 2213 2844 2252 ιε,

441 2319 507 2363 re
558 2297 996 2362 commendare
1047 2298 1233 2361 fidem
1280 2298 1502 2363 famuli
1554 2299 1672 2362 dei.

535 2406 713 2471 CLX.
764 2404 993 2467 Dixit
1039 2407 1303 2467 autem
1367 2404 1551 2468 illis
1610 2404 1940 2487 Ioseph:
2001 2404 2390 2468 adducite
2448 2423 2751 2485 pecora

399 2552 403 2556 >
447 2518 732 2578 uestra
778 2517 855 2576 et
903 2513 1102 2576 dabo
1153 2513 1390 2577 uobis
1440 2532 1685 2596 panes
1735 2534 1871 2596 pro
1922 2513 2364 2595 pecoribus
2404 2512 2747 2575 uestris,

448 2622 517 2685 si
566 2620 879 2683 defecit
927 2622 1367 2702 argentum.
1420 2620 1633 2703 quaeri
1683 2624 1914 2703 potest,
1968 2640 2109 2682 curn
2150 2619 2383 2701 Ioseph
2425 2619 2750 2682 frumenta

447 2726 779 2809 collegerit
826 2725 990 2789 unde
1039 2726 1324 2790 homines
1375 2727 1686 2801 uiuerent,
1733 2746 1960 2808 pecora
2006 2725 2169 2789 unde
2220 2725 2547 2798 timebant,
2599 2743 2746 2787 cum
2792 2754 2849 2792 so

446 2837 624 2897 tanta
661 2832 862 2895 fames
900 2832 1335 2907 inualesceret‚
1386 2832 1654 2895 maxime
1703 2834 1851 2915 quia
1897 2835 2122 2897 fratres
2162 2832 2390 2913 Ioseph
2435 2831 2751 2895 Pharaoni

449 2941 761 3004 dixerant:
811 2957 958 3001 non
1011 2942 1200 3001 sunt
1239 2939 1442 3003 enim
1482 2958 1788 3021 pascua
1825 2938 2269 3021 pecoribus
2309 2958 2751 3021 puerorum

450 3050 806 3117 tuorum;
858 3045 929 3107 in
957 3045 1230 3107 ualuit
1279 3045 1481 3108 enim
1532 3046 1783 3109 fames
1833 3047 1908 3110 111
1958 3051 2178 3109 terra
2235 3046 2634 3122 chanaan,
2685 3050 2752 3107 et

448 3155 704 3233 propter
752 3154 908 3214 hanc
957 3152 1149 3214 etiam
1199 3150 1475 3233 inopiam
1526 3170 1910 3233 pascuorum
1959 3171 2026 3215 se
2067 3152 2322 3215 uenisse
2365 3170 2753 3216 commemo-

449 3262 760 3321 rauerant.
787 3257 1045 3340 proinde
1081 3257 1133 3319 si
1166 3277 1237 3319 ea
1266 3256 1429 3320 fame
1458 3277 1696 3338 pascua
1730 3258 2088 3322 defecerant
2119 3259 2180 3321 in
2222 3261 2390 3322 terra
2429 3259 2751 3335 Chanaan,
2794 3283 2853 3322 25

453 3382 563 3426 cur
636 3364 696 3425 in
772 3362 1061 3446 Aegypto
1138 3382 1258 3424 non
1340 3362 1698 3427 defecerant
1771 3364 1989 3427 eadem
2057 3368 2211 3428 tunc
2276 3364 2443 3428 fame
2513 3364 2753 3445 ubique

452 3469 927 3532 inualescente‘?
988 3489 1083 3543 an,
1136 3468 1304 3532 sicut
1357 3469 1723 3550 perhibetur
1770 3471 1844 3533 ab
1898 3472 1988 3534 eis
2049 3472 2157 3552 qui
2204 3472 2347 3535 loca
2405 3472 2639 3547 sciunt,
2691 3471 2752 3533 in

454 3575 674 3638 multis
721 3575 995 3658 Aegypti
1044 3575 1385 3656 paludibus
1432 3578 1727 3656 poterant
1773 3596 2012 3656 pascua
2060 3598 2180 3640 uon
2246 3577 2493 3655 deesse,
2558 3578 2754 3641 etiam

642 3833 666 3883 1
706 3830 794 3884 Ps.
835 3834 921 3891 55,
961 3831 990 3882 7
1124 3832 1155 3883 5
1197 3830 1326 3883 Gen.
1365 3833 1452 3891 47.
1496 3833 1558 3884 11
1688 3833 1720 3884 8
1761 3832 1824 3888 cf.
1867 3833 2001 3888 Gen.
2039 3835 2126 3897 47,
2165 3836 2198 3887 4
2310 3837 2341 3887 9
2384 3833 2517 3889 Gen.
2557 3837 2646 3889 47.
2692 3837 2762 3890 1‘2

466 3922 525 3973 11
570 3920 635 3972 cf.
680 3921 810 3975 Gen.
852 3920 938 3979 37,
979 3921 1010 3971 9
1140 3920 1203 3973 14
1244 3919 1373 3975 Gen.
1413 3922 1501 3983 47,
1543 3921 1610 3973 14
1724 3922 1786 3974 17
1827 3922 1961 3974 Gen.
2001 3924 2088 3989 47,
2132 3924 2197 3976 16
2308 3925 2377 3977 ‘22
2418 3924 2558 3980 Gen.
2595 3926 2687 3987 47,
2725 3927 2759 3978 4

530 4045 562 4096 2
603 4044 700 4112 eis]
738 4044 823 4096 his
863 4043 1209 4096 1³8lede
1335 4047 1365 4095 ἴ)
1406 4048 1602 4097 terram
1641 4046 1695 4098 P
1801 4047 1832 4097 6
1871 4050 2016 4099 terra
2053 4047 2387 4118 Ramessem]
2427 4052 2673 4102 teraesse
2718 4048 2766 4101 C

459 4140 637 4185 rasese
675 4132 750 4185 Ρι
796 4149 1056 4184 ramesen]
1108 4133 1155 4184 T
1330 4134 1606 4201 praecepit
1653 4134 2000 4188 PSNVde
2179 4138 2209 4189 7
2265 4141 2350 4190 est
2387 4153 2493 4192 om.
2535 4137 2771 4191 PNVT

460 4233 656 4273 terram
696 4223 749 4273 P
784 4226 952 4274 terra·
992 4220 1043 4272 V
1165 4225 1219 4273 et
1259 4221 1457 4273 addidi
1493 4238 1559 4275 ex
1595 4224 1856 4289 capitulis
2001 4241 2194 4291 gessen
2245 4225 2370 4279 Vbd
2483 4227 2552 4279 10
2591 4243 2762 4279 nec—

465 4309 714 4362 adorauit
751 4325 851 4361 om.
883 4308 944 4359 N
1086 4309 1369 4377 nequando
1399 4310 1464 4363 N
1570 4312 1633 4363 12
1671 4311 1827 4363 modo
1866 4328 1967 4365 om.
1998 4313 2064 4365 N
2203 4315 2484 4367 continere
2512 4315 2769 4368 PSNTb

464 4398 531 4450 19
570 4398 751 4450 deficit
789 4397 819 4448 b
929 4397 992 4448 21
1036 4398 1223 4466 ioseph
1262 4414 1361 4451 om.
1401 4398 1466 4451 N
1568 4400 1636 4451 ⁶215
1676 4416 1812 4467 quur
1850 4402 1949 4467 (sic
1983 4402 2319 4469 saepissime)
2366 4403 2475 4456 GN
