3076 4976
643 489 1121 556 Quaestionum
1159 491 1269 545 lib.
1310 491 1357 544 V
1398 489 1690 557 (Quaest.
1732 491 1806 545 de
1843 492 2408 559 Deuteronomio).
2531 498 2661 560 403

375 687 506 771 agri
564 691 730 765 sunt,
779 690 852 750 ut
915 686 1407 751 misericorditer
1460 706 1534 751 ea
1586 687 1964 769 relinquant,
2023 691 2088 751 et
2142 688 2249 769 qui
2305 688 2660 773 indigentes

374 812 495 857 non
543 796 712 872 sunt,
761 796 834 856 ut
878 793 1022 858 inde
1070 813 1137 858 se
1186 794 1563 868 abstineant,
1614 794 1860 875 quando
1909 800 2249 875 utrumque
2298 795 2549 872 dicitur,
2600 801 2665 861 et

376 920 412 963 a
456 900 687 983 quibus
736 900 1113 965 dimittenda
1158 902 1288 966 sint
1335 905 1397 966 et
1444 902 1674 984 quibus
1724 901 2100 966 dimittenda
2148 904 2295 967 sint.

462 1007 652 1070 XLV.
722 1007 797 1072 Si
857 1011 1105 1073 autem
1170 1008 1412 1073 fuerit
1478 1009 1885 1073 altercatio
1953 1010 2149 1073 inter
2203 1010 2542 1074 homines
2591 1013 2663 1074 et

314 1148 340 1186 5
377 1114 849 1179 accesserint
906 1114 993 1179 ad
1048 1114 1420 1179 iudicium
1470 1118 1544 1180 et
1601 1115 2122 1179 iudicauerint
2167 1119 2240 1180 et
2284 1115 2662 1180 iustifica-

374 1221 625 1285 uerint
691 1222 997 1285 iustum.
1064 1222 1307 1286 iudices
1354 1222 1767 1306 intellegendi
1835 1227 1985 1287 sunt
2031 1221 2331 1300 iudicare,
2396 1242 2518 1286 non
2567 1222 2662 1286 illi

376 1326 482 1407 qui
522 1326 671 1392 dicti
713 1332 861 1393 sunt
896 1328 1369 1392 altercationem
1407 1328 1657 1392 habere.
1699 1328 1919 1392 deinde
1961 1329 2270 1410 sequitur:
2317 1332 2389 1392 et
2428 1347 2662 1411 repre-

374 1433 776 1497 henderint
830 1433 1113 1515 inpium
1166 1439 1238 1497 et
1285 1432 1431 1498 erit
1480 1433 1545 1498 si
1604 1433 1880 1517 dignus
1939 1434 2174 1498 suerit
2227 1434 2477 1517 plagis
2536 1436 2663 1517 qui

374 1540 574 1621 inpie
632 1540 810 1623 agit,
870 1541 1297 1604 constitues
1358 1559 1521 1604 eum
1586 1540 1656 1603 in
1727 1546 2137 1622 conspectu
2210 1541 2542 1605 iudicum
2592 1546 2665 1604 et

287 1685 337 1721 10
374 1647 887 1731 flagellabunt
944 1666 1103 1711 eum
1156 1651 1324 1711 ante
1377 1666 1452 1711 se
1502 1647 1912 1711 secundum
1971 1648 2417 1729 inpietatem
2476 1648 2659 1711 eius.

374 1774 673 1819 numero
725 1755 1221 1836 quadraginta
1266 1753 1785 1837 flagellabunt
1832 1775 2017 1831 eum,
2067 1775 2204 1819 non
2248 1756 2385 1839 adp
2409 1761 2659 1835 ouent3

374 1862 434 1925 si
484 1865 735 1925 autem
784 1860 1277 1943 adposuerint
1312 1859 1716 1943 flagellare
1757 1880 1919 1925 eum
1959 1881 2184 1944 super
2222 1862 2353 1926 has
2393 1865 2662 1945 plagas

372 1969 646 2051 plureS,
697 1968 1231 2051 deturpabitur
1277 1966 1512 2031 frater
1558 1971 1736 2031 tuus
1778 1986 2025 2032 coram
2073 1973 2166 2032 te.
2217 1969 2403 2032 ualde
2444 1970 2663 2033 aduer-

371 2075 632 2139 tendum
700 2078 816 2139 est.
876 2094 1021 2138 cum
1078 2093 1150 2138 ea
1204 2077 1467 2155 peccata
1530 2074 1737 2157 plagis
1805 2074 2192 2138 emendanda
2254 2077 2662 2157 praeceperit,

293 2201 532 2264 15cluae
591 2181 779 2264 digna
834 2200 953 2246 non
1015 2184 1164 2244 sunt
1218 2181 1441 2246 mortis
1500 2180 1814 2262 supplicio
1871 2180 2197 2258 uindicari,
2258 2189 2321 2244 et
2367 2182 2485 2245 hoc
2532 2186 2662 2246 tam

371 2290 591 2372 paucis
640 2288 867 2372 plagiS,
928 2307 1071 2351 eum
1120 2291 1330 2351 tamen
1380 2286 1487 2368 qui
1536 2286 1820 2351 caeditur
1866 2287 2213 2370 appellauit
2268 2289 2512 2371 inpium
2559 2290 2665 2352 uel

370 2396 538 2478 inpie
605 2400 917 2480 agentem,
975 2398 1049 2459 ut
1103 2394 1468 2459 nouerimus
1526 2414 1670 2467 non,
1731 2394 1902 2457 sicut
1966 2394 2227 2475 plurimi
2289 2394 2662 2478 loquuntur,

367 2505 624 2568 locutas
657 2523 796 2568 esse
829 2503 1192 2585 scripturas.
1226 2521 1381 2584 quas
1421 2501 1804 2566 iucuriosius
1842 2501 2139 2584 legimuS,
2181 2521 2325 2565 cum
2364 2507 2665 2585 putamus

370 2611 749 2675 adulterium
816 2629 939 2674 non
1009 2629 1148 2674 esse
1212 2609 1606 2692 inpietatem,
1675 2609 1822 2689 quia
1886 2609 1948 2671 in
2020 2609 2340 2672 hominem
2411 2608 2667 2672 uidetur

286 2757 339 2795 20
368 2735 664 2798 peccasse
731 2717 837 2798 qui
894 2717 1015 2779 hoc
1072 2716 1310 2790 fecerit,
1380 2734 1525 2779 cum
1582 2715 1744 2779 illud
1811 2718 2143 2796 peccatum
2206 2717 2410 2778 morte
2467 2714 2665 2795 plecti

366 2823 465 2886 lex
514 2823 748 2898 iubeat,
800 2827 863 2887 et
908 2823 1008 2886 his
1066 2822 1342 2905 peccatis
1402 2822 1724 2906 grauiores
1774 2840 1914 2886 esse
1974 2821 2246 2884 dicimus
2304 2821 2666 2904 inpietateS,

370 2949 514 2993 cum
582 2929 712 2993 sint
766 2949 981 2993 earum
1056 2929 1365 3010 quaedam
1440 2947 1600 3010 quae
1665 2928 1901 3012 flagelli
1964 2928 2173 3010 plagis
2250 2927 2669 3011 quadraginta

368 3037 737 3118 puniuntur.
788 3041 886 3100 est
930 3036 1144 3118 itaque
1199 3036 1363 3099 leuis
1420 3035 1712 3117 inpietaS,
1772 3052 1931 3115 quae
1980 3034 2239 3098 uerbere
2300 3034 2491 3117 digna
2539 3041 2666 3102 est:

370 3147 434 3206 et
492 3146 591 3207 est
647 3143 861 3226 grauis
920 3161 1078 3223 quae
1136 3146 1340 3207 morte
1398 3142 1588 3224 digna
1645 3145 1761 3206 est.
1820 3141 1912 3205 ita
1967 3141 2156 3204 etiam
2215 3140 2329 3204 illa
2383 3144 2665 3221 peccata,

276 3292 331 3332 25
369 3268 528 3331 quae
577 3269 700 3314 non
746 3250 808 3312 in
869 3249 1075 3328 deum,
1134 3249 1243 3314 sed
1291 3249 1353 3312 in
1403 3248 1725 3312 hominem
1781 3246 2078 3310 uidentur
2134 3246 2405 3322 admitti,
2463 3251 2668 3310 morte

370 3355 560 3438 digna
617 3356 922 3438 quaedam
983 3361 1151 3434 sunt,
1202 3356 1326 3420 alia
1382 3355 1770 3438 correptione
1829 3373 1942 3417 seu
1999 3353 2259 3417 uerbere
2321 3372 2431 3416 seu
2481 3352 2668 3416 uenia

368 3461 669 3527 faciliore.
719 3462 808 3526 ita
846 3463 1013 3526 enim
1050 3462 1302 3528 locutos
1342 3480 1482 3526 esse
1538 3461 1944 3544 septuaginta
1980 3459 2354 3541 interpretes
2395 3460 2664 3534 constat,

370 3572 442 3631 ut
489 3568 679 3632 etiam
726 3569 904 3633 illius
953 3570 1061 3652 qui
1107 3569 1314 3653 plagis
1365 3569 1598 3653 dignus
1638 3573 1739 3632 est
1775 3567 2143 3649 inpietatem
2183 3565 2573 3629 uocauerint.

547 3815 582 3867 4
620 3815 785 3867 Deut.
825 3816 910 3876 25,
954 3813 1091 3867 1-3
1200 3814 1264 3866 21
1308 3812 1376 3866 cf.
1416 3813 1581 3866 Dent.
1622 3813 1707 3874 22,
1747 3811 1816 3864 22

445 3979 468 4031 l
511 3976 823 4044 relinquent
858 3975 914 4028 P
1018 3975 1050 4028 3
1090 3976 1218 4026 sunt
1252 3972 1369 4026 PV
1437 3975 1468 4026 5
1507 3970 1871 4024 abscesserint
1908 3971 1971 4024 N
2081 3968 2147 4021 12
2188 3967 2370 4036 super]
2413 3966 2458 4019 si
2488 3965 2586 4017 has
2616 3965 2670 4017 P

373 4067 439 4120 13
487 4065 864 4118 deturbabitur
900 4063 1076 4117 PVU
1219 4064 1283 4116 14
1331 4063 1474 4130 cum]
1518 4059 1662 4129 quod
1701 4076 1819 4113 cum
1868 4057 1993 4112 Tbcz
2139 4059 2202 4110 16
2262 4056 2406 4124 eum]
2449 4071 2569 4108 cum
2607 4053 2669 4105 N

371 4155 499 4224 quia
533 4153 828 4208 PSV¹UT
862 4152 991 4222 quid
1028 4150 1096 4203 N
1214 4152 1278 4205 21
1320 4150 1510 4204 iubeat
1547 4149 1631 4202 lex
1683 4148 1858 4202 Vde
1984 4147 2053 4200 23
2090 4145 2231 4214 legis
2267 4143 2330 4198 N
2433 4143 2504 4195 24
2543 4158 2664 4211 gra-

369 4246 490 4298 uius
526 4244 652 4299 P¹S
686 4244 905 4313 grauior
952 4242 1134 4296 Vde
1277 4243 1346 4294 25
1384 4239 1604 4293 homine
1653 4238 1706 4291 U
1881 4235 2060 4289 amitti
2099 4235 2153 4287 P
2331 4235 2458 4285 sunt
2495 4237 2666 4284 morte

369 4334 720 4389 SNVUde
864 4334 931 4387 26
972 4331 1103 4400 alia]
1141 4336 1269 4385 sunt
1307 4331 1416 4384 alia
1452 4329 1559 4383 ΒΝ
1569 4326 1804 4382 1⁷0*de
1975 4341 2198 4378 uetuere
2238 4323 2302 4374 N
2427 4322 2494 4374 27
2534 4320 2666 4373 faci·

368 4425 508 4478 liora
552 4423 598 4478 S

2457 4515 2556 4569 26*
