3076 4976
491 479 617 539 122
1186 479 1237 530 S.
1296 475 1569 528 Aureli
1625 474 2062 544 Augustini

487 670 560 734 in
613 670 1065 734 seruitutem
1116 669 1466 752 redigent
1515 687 1640 733 eos
1692 674 1763 732 et
1811 669 2191 732 nocebunt
2236 667 2400 732 illis
2442 667 2788 749 quadrin-

491 777 743 860 gentis
817 776 1061 852 annis‚
1130 796 1250 839 non
1322 777 1412 838 sic
1478 775 1913 857 accipiendum
1984 779 2101 850 est,
2167 778 2492 856 tamquam
2556 775 2616 838 in
2676 774 2790 837 illa

489 883 829 947 durissima
888 882 1198 947 seruitute
1257 881 1752 965 quadringentos
1810 901 2004 946 annos
2063 881 2162 944 dei
2219 881 2495 963 populus
2562 881 2788 954 fuerit3

496 989 607 1054 sed
650 990 797 1071 quia
838 990 1142 1072 seriptum
1184 994 1314 1053 est:
1366 989 1437 1052 in
1483 989 1701 1052 Isaac
1750 989 2159 1052 uocabitur
2204 988 2348 1053 tibi
2398 1007 2675 1063 semen,
2717 1006 2788 1049 ex

492 1116 649 1159 anno
712 1096 1063 1159 natiuitatis
1124 1097 1299 1159 Isaac
1358 1115 1559 1176 usque
1617 1116 1846 1159 annum
1912 1096 2293 1177 egressionis
2359 1115 2431 1158 ex
2495 1095 2792 1176 Aegypto
2856 1125 2881 1161 ⁵

492 1207 915 1285 conputantur
962 1203 1104 1266 anni
1156 1203 1595 1285 quadringenti
1645 1203 1940 1284 quinque.
1991 1223 2136 1266 eum
2186 1221 2332 1284 ergo
2382 1202 2458 1265 de
2500 1200 2792 1282 quadrin-

493 1309 699 1392 gentis
757 1309 1015 1392 triginta
1073 1309 1410 1374 detraxeris
1460 1310 1691 1392 uiginti
1742 1310 2038 1391 quinque,
2090 1308 2196 1391 qui
2245 1313 2397 1372 sunt
2444 1329 2479 1372 3
2525 1307 2792 1389 promis-

493 1416 666 1479 sione
717 1436 915 1497 usque
964 1416 1042 1478 ad
1089 1420 1308 1479 natum
1357 1418 1556 1493 Isaac,
1606 1434 1724 1479 non
1767 1417 1996 1479 mirum
2037 1419 2156 1490 est,
2201 1416 2254 1478 si
2294 1415 2794 1498 quadringentos

494 1524 558 1583 et
605 1522 880 1603 quinque
922 1540 1118 1585 anuos
1159 1541 1407 1584 summa
1449 1521 1650 1585 solida
1691 1521 2185 1604 quadringentos
2225 1521 2437 1585 uoluit
2472 1522 2794 1603 appellare

496 1628 823 1709 scriptura,
891 1648 1050 1709 quae
1124 1629 1288 1692 solet
1352 1632 1638 1709 tempora
1704 1628 1791 1690 ita
1857 1647 2238 1709 nuncupare,
2316 1631 2390 1691 ut
2468 1628 2633 1709 quod
2716 1633 2795 1690 de
2833 1656 2881 1694 ιο

496 1753 741 1797 summa
798 1735 1188 1815 perfectioris
1247 1736 1490 1798 numeri
1549 1735 1879 1816 paululum
1940 1736 2243 1799 exerescit
2298 1740 2409 1799 aut
2463 1734 2624 1798 infra
2693 1737 2797 1797 est

494 1860 612 1903 non
665 1846 1062 1922 conputetur.
1113 1862 1231 1906 non
1284 1842 1494 1923 itaque
1547 1841 1714 1923 quod
1773 1843 1893 1905 ait:
1955 1842 2024 1905 in
2084 1842 2545 1906 seruitutem
2605 1840 2788 1904 redi·

496 1952 671 2029 gent
727 1967 859 2012 eos
919 1953 995 2012 et
1051 1949 1428 2012 nocebunt
1476 1949 1669 2022 illis,
1721 1948 1794 2011 ad
1847 1948 2337 2032 quadringentos
2388 1966 2582 2011 annos
2633 1948 2794 2009 refe·

494 2054 757 2117 rendum
788 2061 903 2126 est,
934 2059 1255 2136 tamquam
1298 2075 1408 2135 per
1446 2060 1545 2118 tot
1583 2074 1779 2118 annos
1820 2074 1926 2119 eos
1968 2055 2305 2119 habuerint
2341 2056 2400 2119 in
2445 2056 2793 2120 seruitute:

497 2160 605 2222 sed
661 2161 967 2225 referendi
1025 2165 1175 2225 sunt
1222 2162 1664 2245 quadringenti
1713 2162 1855 2224 anni
1906 2161 1984 2225 ad
2031 2162 2094 2224 id
2145 2162 2313 2243 quod
2363 2162 2604 2226 dietum
2654 2173 2790 2224 est:
2834 2190 2880 2227 15

496 2269 976 2349 peregrinum
1043 2269 1187 2332 erit
1252 2287 1497 2331 semen
1565 2273 1772 2331 tuum
1853 2270 1925 2331 in
2004 2273 2206 2331 terra
2263 2288 2400 2332 non
2451 2269 2792 2350 propria,

499 2374 645 2454 quia
700 2374 838 2437 siue
896 2375 955 2437 in
1015 2379 1178 2438 terra
1228 2374 1516 2439 Chanaan
1573 2376 1708 2438 siue
1756 2377 1817 2438 in
1867 2376 2156 2458 Aegypto
2207 2376 2606 2458 peregrinum
2657 2379 2795 2438 erat

494 2481 654 2544 illud
740 2503 979 2559 semen,
1068 2486 1401 2565 antequam
1484 2483 1897 2548 hereditatem
1983 2487 2305 2547 sumerent
2395 2486 2626 2546 terram
2720 2502 2794 2546 ex

498 2589 912 2669 promissione
985 2590 1102 2653 dei.
1173 2592 1337 2672 quod
1403 2593 1640 2655 factum
1711 2597 1808 2654 est
1875 2596 2284 2671 posteaquam
2353 2611 2423 2655 ex
2499 2592 2795 2675 Aegypto

495 2695 744 2763 liberati
797 2700 965 2771 sunt,
1013 2703 1086 2760 ut
1134 2699 1515 2780 hyperbaton
1566 2699 1666 2761 hie
1720 2698 2125 2779 intellegatur
2163 2702 2225 2761 et
2263 2698 2412 2762 ordo
2453 2699 2793 2761 uerborum
2833 2726 2884 2764 ιο

501 2803 619 2867 sit:
682 2804 992 2867 sciendo
1055 2807 1251 2868 scies
1311 2808 1484 2887 quia
1541 2808 2014 2889 peregrinum
2080 2806 2225 2869 erit
2275 2825 2526 2870 semen
2575 2812 2796 2868 tuum

498 2899 570 2972 in
630 2913 829 2974 terra
888 2931 1031 2975 non
1090 2915 1393 2994 propria
1440 2914 2023 2996 quadringentis
2073 2914 2317 2987 annis,
2368 2912 2527 2975 illud
2578 2914 2796 2975 autem

499 3015 945 3098 interpositum
1002 3019 1443 3100 intellegatur:
1501 3024 1575 3083 et
1629 3020 1703 3082 in
1767 3020 2219 3083 seruitutem
2267 3018 2618 3100 redigent
2665 3037 2796 3081 eos

503 3126 574 3185 et
622 3123 997 3187 nocebunt
1044 3125 1236 3195 illis,
1287 3127 1373 3189 ita
1422 3130 1494 3189 ut
1541 3126 1619 3189 ad
1669 3127 2158 3209 quadringentos
2210 3145 2403 3190 annos
2443 3127 2566 3189 ista
2603 3125 2798 3188 inter·

502 3229 729 3309 positio
779 3249 899 3292 non
949 3232 1277 3311 pertineat.
1326 3234 1387 3295 in
1430 3240 1703 3297 extrema
1742 3234 1906 3296 enim
1947 3237 2123 3315 parte
2166 3252 2466 3297 annorum
2509 3251 2798 3294 summae
2834 3260 2884 3300 25

501 3333 711 3411 huiuS,
762 3335 878 3398 hoe
927 3338 1028 3399 est
1070 3339 1218 3417 post
1254 3340 1517 3401 mortem
1560 3338 1810 3419 loseph,
1851 3338 2089 3402 factum
2130 3342 2248 3415 est,
2289 3342 2361 3401 ut
2398 3337 2460 3400 in
2500 3337 2795 3419 Aegypto

500 3442 773 3522 populus
823 3442 921 3505 dei
971 3443 1190 3507 duram
1239 3449 1565 3527 perageret
1613 3444 2006 3508 seruitutem.

590 3547 877 3611 XLVIII.
949 3549 1114 3628 Quid
1172 3554 1269 3613 est
1326 3551 1492 3631 quod
1550 3552 1656 3619 ait,
1721 3571 1864 3614 eum
1934 3551 2008 3615 de
2073 3552 2308 3633 pascha
2370 3551 2796 3632 praeciperet:

503 3657 667 3726 <et>
729 3655 874 3717 erit
928 3656 1075 3719 tibi
1134 3656 1204 3717 in
1264 3656 1476 3738 signo
1537 3676 1760 3739 super
1815 3677 2109 3721 manum
2169 3661 2420 3721 tuam?
2487 3678 2562 3721 an
2609 3659 2798 3721 intel-

680 3899 714 3949 4
755 3896 887 3951 Gen.
927 3899 1011 3959 21,
1057 3900 1120 3952 12
1232 3902 1297 3951 29
1340 3900 1428 3953 Ex.
1474 3902 1555 3963 13,
1594 3902 1624 3951 9

580 4040 603 4091 1
666 4039 1041 4108 quadragintis
1086 4042 1131 4093 C
1167 4040 1596 4110 quadringentos
1637 4042 1675 4093 d
1799 4044 1830 4095 2
1888 4058 2052 4095 annos
2093 4042 2131 4094 d
2239 4043 2270 4093 :3
2319 4041 2710 4111 quadragintos
2756 4042 2804 4095 O

503 4130 538 4179 4
576 4115 756 4181 semen
796 4128 899 4181 tibi
946 4129 991 4181 0
1114 4135 1145 4184 5
1185 4147 1354 4199 usque
1395 4130 1463 4182 ad
1498 4130 1743 4183 PVTbcz
1867 4134 1897 4183 6
1939 4148 2078 4183 anno
2123 4132 2168 4183 C
2316 4130 2661 4199 quadrigenti
2702 4132 2801 4189 (sic

495 4217 780 4285 persaepe)
827 4217 872 4269 C
1053 4220 1116 4271 17
1159 4235 1327 4271 canan
1373 4219 1419 4271 (J
1595 4220 1663 4271 2⁴)
1708 4219 2005 4289 yper-baton
2046 4218 2203 4272 PSV
2381 4219 2442 4272 21
2494 4220 2569 4271 sit
2603 4234 2710 4272 om.
2756 4221 2804 4271 O

506 4306 645 4358 scias
685 4306 757 4358 bd
865 4308 932 4359 523
973 4307 1234 4360 seruitute
1275 4308 1335 4359 N
1479 4307 1732 4376 redigant
1771 4310 1823 4360 Ι)
1941 4310 2007 4361 26
2048 4310 2285 4377 aegyptu
2331 4306 2378 4359 C
2490 4307 2558 4359 ‘29
2598 4312 2654 4359 et
2695 4308 2795 4360 ad·

506 4393 628 4446 didi
771 4397 983 4463 Signum
1024 4397 1098 4450 bd
1135 4395 1203 4459 εἷς
1246 4402 1455 4466 37,μεὶον
1495 4396 1619 4463 Lay
