3076 4976
970 528 1497 583 Adnotationum
1533 529 1600 581 in
1637 527 1752 583 Iob
1794 528 1904 582 lib.
1945 529 1985 582 1.
2494 534 2622 597 513

321 745 445 790 non
478 744 742 806 possum
773 742 933 806 quae
967 722 1174 787 timui.
1215 723 1464 787 timor
1501 722 1708 787 enim
1749 742 1976 805 quem
2014 724 2356 789 uerebar
2391 726 2626 790 uenit

323 830 555 895 mihi:
635 829 901 894 aduersa
980 847 1141 911 quae
1207 827 1283 892 de
1350 828 1788 893 misericordia
1855 829 1956 893 dei
2021 828 2099 893 ad
2165 830 2623 912 correptionem

323 937 506 1002 fiunt.
567 955 824 1018 neque
880 935 957 999 in
1013 953 1207 1017 pace
1268 953 1522 1017 neque
1571 935 1647 998 in
1697 935 2044 1000 silentio
2092 955 2347 1018 neque
2393 937 2471 1001 in
2519 957 2625 1002 re-

325 1044 549 1127 quie:
600 1043 764 1107 falsa
802 1042 967 1106 enim
1006 1042 1283 1116 fuerunt,
1323 1044 1582 1124 propter
1617 1061 1778 1124 quae
1817 1041 2104 1106 timebat.
2145 1044 2372 1107 uenit
2419 1044 2622 1108 enim

257 1175 287 1214 5
327 1150 524 1214 mihi
607 1149 759 1214 ira:
845 1148 1151 1226 uindicta,
1228 1147 1584 1212 secundum
1659 1169 1848 1232 quam
1921 1149 2199 1214 iustus
2274 1151 2405 1214 uix
2478 1151 2624 1215 sal-

328 1277 477 1321 uus
525 1257 557 1320 f
566 1257 648 1321 it.

418 1363 564 1426 1111.
626 1361 833 1426 Verba
891 1361 1177 1446 Eliphaz.
1244 1360 1560 1444 pondus
1627 1364 1893 1426 autem
1958 1362 2388 1427 uerborum
2457 1366 2625 1429 tuo-

328 1488 497 1532 rum
560 1467 742 1550 quis
799 1467 1307 1533 sustinebit?
1373 1466 1476 1533 hic
1536 1487 1682 1552 ergo
1733 1469 1889 1533 dicit
1936 1488 2003 1533 se
2053 1468 2195 1552 cogi
2242 1469 2321 1534 ad
2366 1471 2626 1553 loquen-

330 1574 503 1653 dum,
569 1574 720 1656 quia
782 1593 905 1639 non
972 1575 1252 1639 sustinet
1318 1574 1489 1639 dicta
1554 1575 1713 1641 eius.
1790 1593 2046 1640 nonne
2121 1574 2365 1642 timor
2432 1580 2624 1643 tuus

238 1708 290 1748 ιο
332 1681 652 1744 stultus
714 1683 885 1745 est?
944 1683 1203 1763 paratus
1262 1680 1427 1745 enim
1485 1680 1563 1745 ad
1611 1680 1765 1746 haec
1814 1700 1953 1746 esse
2002 1681 2331 1760 debueras,
2380 1683 2435 1747 si
2483 1683 2624 1748 aliis

330 1785 642 1850 ueraciter
706 1785 1043 1854 suadebas,
1121 1806 1234 1851 nec
1300 1787 1455 1851 talia
1526 1788 1687 1852 bene
1757 1787 2055 1864 timuisti,
2129 1807 2274 1854 cum
2351 1790 2624 1856 diceres:

331 1893 577 1957 timor
634 1893 838 1957 enim
898 1912 1127 1974 quem
1174 1894 1519 1958 uerebar
1568 1894 1800 1958 uenit
1845 1894 2064 1961 mihi.
2132 1899 2209 1960 et
2256 1914 2440 1979 spes
2487 1901 2626 1961 tua

334 2002 412 2064 et
457 1998 968 2082 simplicitas
1016 2000 1246 2064 uitae
1294 2003 1517 2065 tuae:
1569 2001 1753 2083 quasi
1802 2001 2100 2079 stultitia,
2143 2021 2267 2083 qua
2303 2001 2428 2066 ista
2463 2003 2628 2068 bona

332 2109 654 2189 putantur.
694 2105 1079 2170 fremitus
1127 2105 1395 2171 leonis
1445 2110 1523 2171 et
1568 2126 1716 2172 uox
1752 2108 2118 2172 leaenae:
2159 2108 2296 2190 ipse
2334 2109 2626 2173 diabolus

240 2242 295 2282 ιε»
333 2217 397 2277 et
426 2211 756 2294 superbiae
797 2211 1049 2291 ciuitas,
1081 2231 1243 2294 quae
1280 2231 1468 2295 saepe
1507 2213 1700 2278 etiam
1733 2214 1975 2279 bestiae
2013 2233 2187 2279 more
2227 2233 2263 2278 a
2298 2215 2627 2298 prophetis

331 2320 608 2403 ponitur.
659 2322 735 2382 et
783 2319 1167 2403 gaudium
1214 2319 1647 2384 draconum
1698 2319 2150 2385 extinctum
2201 2323 2358 2386 est:
2409 2341 2625 2405 super-

333 2427 561 2492 borum
599 2430 664 2491 et
700 2425 1169 2492 insidiosorum.
1210 2426 1794 2510 myrmicoleon
1834 2426 2050 2509 perit
2087 2446 2173 2493 eo
2222 2428 2429 2511 quod
2477 2447 2626 2494 non

334 2534 676 2598 haberet
740 2551 1037 2597 escam:
1102 2534 1252 2615 quia
1306 2533 1368 2597 in
1418 2533 1771 2599 nouissimo
1820 2553 1941 2598 non
1990 2539 2194 2613 erunt,
2245 2554 2403 2617 quos
2449 2535 2628 2599 indu-

336 2659 485 2705 cens
544 2638 862 2713 comedat;
930 2639 1390 2721 separabuntur
1445 2639 1613 2704 enim
1667 2639 1757 2723 pii
1814 2641 1890 2705 ab
1956 2640 2170 2723 inpiis.
2252 2641 2355 2705 hic
2414 2644 2628 2706 autem

242 2776 300 2817 20
338 2749 522 2823 errat,
582 2744 753 2827 quod
818 2763 894 2809 ea
948 2764 1109 2828 quae
1168 2745 1243 2810 de
1302 2745 1554 2811 diabolo
1613 2746 1899 2811 audierat
1952 2748 2330 2831 prophetata
2385 2748 2459 2813 de
2515 2748 2629 2813 Iob

334 2852 764 2935 intellegebat.
804 2851 1253 2934 myrmicoleon
1294 2872 1444 2918 uero
1484 2853 1893 2936 accipiendus
1931 2858 2032 2919 est
2068 2856 2175 2919 uel
2213 2855 2361 2937 quia
2389 2858 2632 2920 utrum-

337 2978 459 3041 que
506 2959 569 3022 in
621 2978 692 3022 eo
741 2960 860 3055 est,
910 2976 1055 3022 cum
1105 2960 1169 3022 et
1213 2958 1378 3042 rapit
1424 2962 1490 3024 et
1535 2959 1783 3024 occulte
1837 2961 2243 3043 persequitur
2295 2962 2629 3039 frumenta,

336 3084 497 3147 quae
546 3065 800 3130 sublato
850 3067 1035 3130 oculo
1083 3065 1239 3129 facit
1283 3083 1407 3130 non
1456 3067 1830 3149 germinare,
1872 3068 1977 3131 uel
2017 3067 2168 3151 quia
2202 3068 2410 3132 auaris
2459 3070 2524 3132 et
2568 3068 2632 3132 in

333 3175 500 3237 terra
555 3170 1131 3236 thesaurizantibus
1190 3171 1570 3250 dominatur,
1619 3175 1727 3238 uel
1783 3174 1934 3256 quia
1978 3174 2184 3240 iustos
2230 3174 2636 3257 persequitur

244 3309 298 3351 25
336 3278 520 3360 quasi
585 3278 884 3343 formicas
955 3283 1397 3360 praeparantes
1465 3278 1589 3343 sibi
1656 3298 1835 3344 escas
1902 3284 2142 3346 aestate
2200 3281 2277 3344 ad
2333 3280 2629 3359 hiemem,

337 3385 569 3467 quibus
620 3403 741 3449 non
788 3388 1103 3467 pascetur,
1155 3403 1299 3448 cum
1345 3385 1496 3449 boni
1545 3385 1620 3449 ab
1669 3386 1856 3469 inpiis
1905 3387 2140 3452 fuerint
2195 3386 2486 3470 separati.
2555 3389 2634 3451 et

337 3489 598 3555 catuli
664 3490 985 3555 leonum
1054 3490 1311 3555 diuisi
1380 3494 1572 3555 sunt
1636 3493 1726 3557 ab
1794 3493 2178 3559 inuicem:
2249 3492 2630 3575 conspiratio

517 3701 542 3752 1
583 3698 681 3752 Iob
720 3701 771 3763 3,
810 3700 883 3753 25
1025 3700 1058 3752 3
1095 3698 1193 3753 Iob
1233 3700 1283 3763 3,
1322 3701 1391 3755 26
1536 3702 1575 3754 4
1608 3701 1707 3755 Iob
1747 3700 1797 3763 3,
1838 3702 1908 3755 26
2043 3703 2078 3755 5
2117 3701 2186 3755 cf.
2221 3700 2248 3754 1
2286 3701 2433 3755 Petr.
2473 3701 2524 3763 4,
2567 3700 2632 3753 18

336 3789 366 3840 7
404 3787 503 3840 Iob
543 3789 594 3849 4,
635 3789 667 3841 2
805 3790 837 3841 9
876 3787 973 3841 Iob
1012 3790 1063 3851 4,
1104 3788 1136 3841 6
1276 3789 1341 3841 12
1379 3788 1476 3843 Iob
1516 3789 1568 3854 3,
1606 3790 1675 3843 25
1838 3788 1934 3843 Iob
1974 3790 2025 3854 4,
2064 3792 2097 3845 6
2234 3791 2300 3843 14
2336 3789 2435 3843 Iob
2473 3790 2524 3853 4,
2567 3789 2633 3843 10

338 3877 403 3929 16
440 3875 537 3928 Iob
576 3875 627 3939 4,
669 3875 735 3930 10
849 3877 911 3930 17
950 3874 1048 3929 Iob
1087 3877 1137 3940 4,
1175 3877 1234 3930 11
1351 3878 1419 3930 26
1458 3877 1556 3931 Iob
1594 3880 1645 3943 4,
1688 3880 1750 3932 11

408 4003 435 4055 1
469 4002 635 4055 timor
664 4001 830 4071 enim]
859 4001 1107 4054 timorem
1142 4000 1305 4055 GTP
1437 4002 1580 4055 enim
1608 4018 1709 4056 om.
1749 4003 1828 4057 Cb
1929 4004 1961 4056 3
1992 4003 2146 4071 pace]
2176 4017 2309 4071 pace
2338 4001 2418 4054 fui
2447 4000 2636 4055 SHier

335 4091 574 4161 requiem
614 4089 661 4145 S
788 4091 825 4143 4
864 4090 989 4144 ueni
1032 4090 1080 4143 0
1239 4090 1402 4159 enim]
1444 4096 1626 4144 autem
1666 4091 1714 4145 S
1745 4107 1846 4145 om.
1893 4091 1940 4145 C
2073 4093 2102 4145 7
2143 4090 2352 4160 eliphat
2393 4090 2501 4151 GP
2536 4089 2634 4143 eli-

335 4179 500 4249 phatz
545 4178 594 4233 0
716 4180 785 4234 10
820 4178 922 4233 hoc
968 4179 1119 4234 TCP
1248 4181 1309 4233 ll
1353 4179 1560 4233 diceret
1603 4180 1702 4234 GP
1832 4182 1896 4235 13
1939 4181 2106 4248 uitae]
2148 4180 2270 4233 uiae
2306 4180 2354 4234 S
2501 4181 2630 4249 qua]

337 4267 467 4337 quia
512 4267 597 4322 Tb
711 4268 775 4321 17
816 4267 981 4337 periit
1017 4268 1056 4321 d
1168 4267 1231 4322 18
1268 4267 1470 4322 habeat
1511 4268 1565 4322 G-
1601 4268 1769 4322 habet
1812 4268 1859 4322 C
1962 4269 2033 4323 20
2071 4271 2188 4322 erat
2220 4268 2268 4322 0
2409 4267 2475 4321 de
2506 4273 2637 4336 post

335 4372 476 4425 quae
515 4373 617 4411 om.
664 4356 713 4410 0
841 4357 910 4409 22
949 4357 1297 4426 prosequitur
1333 4356 1363 4410 b
1500 4357 1570 4411 23
1609 4357 1901 4411 subleuato
1945 4357 1997 4412 G
2165 4374 2273 4411 non
2310 4356 2445 4411 facit
2481 4357 2639 4411 GCP

337 4446 405 4499 26
442 4449 737 4515 pascentur
779 4445 857 4499 Cb
1019 4446 1207 4516 inpiis]
1246 4448 1374 4500 sunt
1410 4446 1593 4515 impiis
1631 4450 1760 4501 sunt
1805 4446 1852 4500 G
2003 4446 2411 4501 fuerint—sunt
2447 4461 2548 4499 om.
2596 4443 2643 4499 0

442 4570 638 4610 xxvnt
666 4571 784 4621 Aug.
813 4574 922 4612 sect.
951 4572 1023 4612 111
1049 4582 1154 4622 pm
1182 4572 1206 4612 ε
2424 4552 2494 4607 33
