<?xml version="1.0" encoding="UTF-8"?>
<!DOCTYPE html PUBLIC "-//W3C//DTD XHTML 1.0 Transitional//EN"
    "http://www.w3.org/TR/xhtml1/DTD/xhtml1-transitional.dtd">
<html xmlns="http://www.w3.org/1999/xhtml" xml:lang="en" lang="en">
 <head>
  <title>
</title>
<meta http-equiv="Content-Type" content="text/html;charset=utf-8" />
  <meta name='ocr-system' content='tesseract 3.04.00' />
  <meta name='ocr-capabilities' content='ocr_page ocr_carea ocr_par ocr_line ocrx_word'/>
</head>
<body>
  <div class='ocr_page' id='page_1' title='image "./corpusscriptoru31wissgoog_0216.png"; bbox 0 0 3076 4976; ppageno 0'>
   <div class='ocr_carea' id='block_1_1' title="bbox 450 481 2039 552">
    <p class='ocr_par' dir='ltr' id='par_1_1' title="bbox 450 481 2039 552">
     <span class='ocr_line' id='line_1_1' title="bbox 450 481 2039 552; baseline -0.011 0"><span class='ocrx_word' id='word_1_1' title='bbox 450 488 576 552; x_wconf 83' lang='lat'>182</span> <span class='ocrx_word' id='word_1_2' title='bbox 1161 485 1213 540; x_wconf 89' lang='lat' dir='ltr'>S.</span> <span class='ocrx_word' id='word_1_3' title='bbox 1270 484 1546 537; x_wconf 83' lang='lat' dir='ltr'>Aureli</span> <span class='ocrx_word' id='word_1_4' title='bbox 1601 481 2039 552; x_wconf 79' lang='lat' dir='ltr'><strong>Augustini</strong></span> 
     </span>
    </p>
   </div>
   <div class='ocr_carea' id='block_1_2' title="bbox 443 677 2831 3540">
    <p class='ocr_par' dir='ltr' id='par_1_2' title="bbox 445 677 2830 1294">
     <span class='ocr_line' id='line_1_2' title="bbox 539 677 2743 763; baseline -0.001 -19"><span class='ocrx_word' id='word_1_5' title='bbox 539 679 816 744; x_wconf 88' lang='lat' dir='ltr'>CXLIII.</span> <span class='ocrx_word' id='word_1_6' title='bbox 893 680 990 743; x_wconf 87' lang='lat' dir='ltr'>Et</span> <span class='ocrx_word' id='word_1_7' title='bbox 1053 679 1560 763; x_wconf 81' lang='lat' dir='ltr'>propitiatus</span> <span class='ocrx_word' id='word_1_8' title='bbox 1629 683 1755 742; x_wconf 87' lang='lat' dir='ltr'>est</span> <span class='ocrx_word' id='word_1_9' title='bbox 1818 677 2190 742; x_wconf 90' lang='lat' dir='ltr'>dominus</span> <span class='ocrx_word' id='word_1_10' title='bbox 2258 677 2346 742; x_wconf 90' lang='lat' dir='ltr'>de</span> <span class='ocrx_word' id='word_1_11' title='bbox 2418 677 2743 741; x_wconf 88' lang='lat' dir='ltr'>malitia</span> 
     </span>
     <span class='ocr_line' id='line_1_3' title="bbox 449 784 2741 868; baseline -0.001 -18"><span class='ocrx_word' id='word_1_12' title='bbox 449 805 677 868; x_wconf 86' lang='lat' dir='ltr'>quam</span> <span class='ocrx_word' id='word_1_13' title='bbox 736 786 946 850; x_wconf 86' lang='lat' dir='ltr'>dixit</span> <span class='ocrx_word' id='word_1_14' title='bbox 999 787 1268 850; x_wconf 88' lang='lat' dir='ltr'>facere</span> <span class='ocrx_word' id='word_1_15' title='bbox 1325 785 1627 868; x_wconf 89' lang='lat' dir='ltr'>populo</span> <span class='ocrx_word' id='word_1_16' title='bbox 1690 803 1853 852; x_wconf 88' lang='lat' dir='ltr'>suo.</span> <span class='ocrx_word' id='word_1_17' title='bbox 1928 784 2240 848; x_wconf 88' lang='lat' dir='ltr'>malitiam</span> <span class='ocrx_word' id='word_1_18' title='bbox 2305 784 2410 849; x_wconf 92' lang='lat' dir='ltr'>hic</span> <span class='ocrx_word' id='word_1_19' title='bbox 2472 803 2741 866; x_wconf 89' lang='lat' dir='ltr'>poenam</span> 
     </span>
     <span class='ocr_line' id='line_1_4' title="bbox 445 890 2742 977; baseline -0.001 -20"><span class='ocrx_word' id='word_1_20' title='bbox 445 893 733 977; x_wconf 79' lang='lat' dir='ltr'>intellegi</span> <span class='ocrx_word' id='word_1_21' title='bbox 797 894 1037 971; x_wconf 87' lang='lat' dir='ltr'>uoluit,</span> <span class='ocrx_word' id='word_1_22' title='bbox 1108 892 1299 956; x_wconf 89' lang='lat' dir='ltr'>sicuti</span> <span class='ocrx_word' id='word_1_23' title='bbox 1365 896 1496 957; x_wconf 85' lang='lat' dir='ltr'>est:</span> <span class='ocrx_word' id='word_1_24' title='bbox 1574 894 1653 956; x_wconf 89' lang='lat' dir='ltr'>et</span> <span class='ocrx_word' id='word_1_25' title='bbox 1716 891 2157 957; x_wconf 88' lang='lat' dir='ltr'>aestimata</span> <span class='ocrx_word' id='word_1_26' title='bbox 2222 895 2348 957; x_wconf 88' lang='lat' dir='ltr'>est</span> <span class='ocrx_word' id='word_1_27' title='bbox 2418 890 2742 955; x_wconf 88' lang='lat' dir='ltr'>malitia</span> 
     </span>
     <span class='ocr_line' id='line_1_5' title="bbox 450 998 2741 1065; baseline -0.001 -2"><span class='ocrx_word' id='word_1_28' title='bbox 450 999 718 1065; x_wconf 85' lang='lat' dir='ltr'>exitus</span> <span class='ocrx_word' id='word_1_29' title='bbox 766 1000 1120 1065; x_wconf 89' lang='lat' dir='ltr'>illorum.</span> <span class='ocrx_word' id='word_1_30' title='bbox 1170 999 1519 1064; x_wconf 90' lang='lat' dir='ltr'>secundum</span> <span class='ocrx_word' id='word_1_31' title='bbox 1555 1000 1717 1064; x_wconf 90' lang='lat' dir='ltr'>hanc</span> <span class='ocrx_word' id='word_1_32' title='bbox 1756 999 1989 1064; x_wconf 91' lang='lat' dir='ltr'>dicitur</span> <span class='ocrx_word' id='word_1_33' title='bbox 2027 1003 2091 1064; x_wconf 89' lang='lat' dir='ltr'>et</span> <span class='ocrx_word' id='word_1_34' title='bbox 2127 1000 2361 1065; x_wconf 88' lang='lat' dir='ltr'>bonum</span> <span class='ocrx_word' id='word_1_35' title='bbox 2402 1001 2466 1062; x_wconf 91' lang='lat' dir='ltr'>et</span> <span class='ocrx_word' id='word_1_36' title='bbox 2501 998 2741 1062; x_wconf 82' lang='lat' dir='ltr'>malum</span> 
     </span>
     <span class='ocr_line' id='line_1_6' title="bbox 448 1105 2830 1188; baseline 0 -18"><span class='ocrx_word' id='word_1_37' title='bbox 448 1125 484 1170; x_wconf 89' lang='lat' dir='ltr'>a</span> <span class='ocrx_word' id='word_1_38' title='bbox 530 1106 667 1184; x_wconf 89' lang='lat' dir='ltr'>deo,</span> <span class='ocrx_word' id='word_1_39' title='bbox 717 1127 838 1171; x_wconf 92' lang='lat' dir='ltr'>non</span> <span class='ocrx_word' id='word_1_40' title='bbox 889 1107 1236 1171; x_wconf 90' lang='lat' dir='ltr'>secundum</span> <span class='ocrx_word' id='word_1_41' title='bbox 1283 1106 1595 1171; x_wconf 86' lang='lat' dir='ltr'>malitiam</span> <span class='ocrx_word' id='word_1_42' title='bbox 1644 1125 1770 1188; x_wconf 85' lang='lat' dir='ltr'>qua</span> <span class='ocrx_word' id='word_1_43' title='bbox 1803 1105 2091 1171; x_wconf 90' lang='lat' dir='ltr'>homines</span> <span class='ocrx_word' id='word_1_44' title='bbox 2128 1107 2281 1170; x_wconf 89' lang='lat' dir='ltr'>mali</span> <span class='ocrx_word' id='word_1_45' title='bbox 2320 1107 2485 1172; x_wconf 90' lang='lat' dir='ltr'>sunt.</span> <span class='ocrx_word' id='word_1_46' title='bbox 2532 1106 2740 1168; x_wconf 86' lang='lat' dir='ltr'>malus</span> <span class='ocrx_word' id='word_1_47' title='bbox 2803 1133 2830 1171; x_wconf 82' lang='lat'>5</span> 
     </span>
     <span class='ocr_line' id='line_1_7' title="bbox 450 1212 2738 1294; baseline -0.001 -17"><span class='ocrx_word' id='word_1_48' title='bbox 450 1214 613 1277; x_wconf 89' lang='lat' dir='ltr'>enim</span> <span class='ocrx_word' id='word_1_49' title='bbox 664 1213 820 1277; x_wconf 89' lang='lat' dir='ltr'>deus</span> <span class='ocrx_word' id='word_1_50' title='bbox 869 1232 992 1276; x_wconf 91' lang='lat' dir='ltr'>non</span> <span class='ocrx_word' id='word_1_51' title='bbox 1042 1216 1171 1288; x_wconf 88' lang='lat' dir='ltr'>est;</span> <span class='ocrx_word' id='word_1_52' title='bbox 1231 1213 1342 1277; x_wconf 90' lang='lat' dir='ltr'>sed</span> <span class='ocrx_word' id='word_1_53' title='bbox 1390 1213 1577 1277; x_wconf 87' lang='lat' dir='ltr'>malis</span> <span class='ocrx_word' id='word_1_54' title='bbox 1623 1212 1857 1293; x_wconf 81' lang='lat' dir='ltr'>ingerit</span> <span class='ocrx_word' id='word_1_55' title='bbox 1909 1213 2096 1289; x_wconf 89' lang='lat' dir='ltr'>mala,</span> <span class='ocrx_word' id='word_1_56' title='bbox 2153 1212 2300 1294; x_wconf 88' lang='lat' dir='ltr'>quia</span> <span class='ocrx_word' id='word_1_57' title='bbox 2353 1212 2565 1277; x_wconf 89' lang='lat' dir='ltr'>iustus</span> <span class='ocrx_word' id='word_1_58' title='bbox 2620 1213 2738 1275; x_wconf 89' lang='lat' dir='ltr'>est.</span> 
     </span>
    </p>

    <p class='ocr_par' dir='ltr' id='par_1_3' title="bbox 445 1316 2831 2267">
     <span class='ocr_line' id='line_1_8' title="bbox 539 1316 2741 1402; baseline -0.002 -18"><span class='ocrx_word' id='word_1_59' title='bbox 539 1319 848 1385; x_wconf 90' lang='lat' dir='ltr'>CXLIIII.</span> <span class='ocrx_word' id='word_1_60' title='bbox 914 1319 1124 1383; x_wconf 87' lang='lat' dir='ltr'>Iratus</span> <span class='ocrx_word' id='word_1_61' title='bbox 1175 1319 1430 1401; x_wconf 86' lang='lat' dir='ltr'>quidem</span> <span class='ocrx_word' id='word_1_62' title='bbox 1477 1320 1737 1402; x_wconf 80' lang='lat' dir='ltr'>Moyses</span> <span class='ocrx_word' id='word_1_63' title='bbox 1783 1319 2040 1383; x_wconf 91' lang='lat' dir='ltr'>uidetur</span> <span class='ocrx_word' id='word_1_64' title='bbox 2082 1320 2333 1384; x_wconf 86' lang='lat' dir='ltr'>tabulas</span> <span class='ocrx_word' id='word_1_65' title='bbox 2388 1316 2741 1383; x_wconf 86' lang='lat' dir='ltr'>testimonii</span> 
     </span>
     <span class='ocr_line' id='line_1_9' title="bbox 448 1426 2738 1511; baseline -0.001 -21"><span class='ocrx_word' id='word_1_66' title='bbox 448 1426 649 1511; x_wconf 87' lang='lat' dir='ltr'>digito</span> <span class='ocrx_word' id='word_1_67' title='bbox 708 1426 808 1490; x_wconf 89' lang='lat' dir='ltr'>dei</span> <span class='ocrx_word' id='word_1_68' title='bbox 874 1427 1144 1508; x_wconf 88' lang='lat' dir='ltr'>scriptas</span> <span class='ocrx_word' id='word_1_69' title='bbox 1211 1426 1549 1491; x_wconf 89' lang='lat' dir='ltr'>conlisisse</span> <span class='ocrx_word' id='word_1_70' title='bbox 1615 1429 1804 1508; x_wconf 89' lang='lat' dir='ltr'>atque</span> <span class='ocrx_word' id='word_1_71' title='bbox 1868 1426 2169 1509; x_wconf 76' lang='lat' dir='ltr'>fregisse3</span> <span class='ocrx_word' id='word_1_72' title='bbox 2234 1444 2464 1509; x_wconf 85' lang='lat' dir='ltr'>magno</span> <span class='ocrx_word' id='word_1_73' title='bbox 2528 1428 2738 1488; x_wconf 87' lang='lat' dir='ltr'>tamen</span> 
     </span>
     <span class='ocr_line' id='line_1_10' title="bbox 446 1531 2744 1618; baseline -0.001 -21"><span class='ocrx_word' id='word_1_74' title='bbox 446 1534 746 1617; x_wconf 80' lang='lat' dir='ltr'>mysterio</span> <span class='ocrx_word' id='word_1_75' title='bbox 794 1532 1066 1618; x_wconf 82' lang='lat' dir='ltr'>figurata</span> <span class='ocrx_word' id='word_1_76' title='bbox 1112 1537 1212 1597; x_wconf 90' lang='lat' dir='ltr'>est</span> <span class='ocrx_word' id='word_1_77' title='bbox 1255 1533 1505 1598; x_wconf 83' lang='lat' dir='ltr'>iteratio</span> <span class='ocrx_word' id='word_1_78' title='bbox 1544 1533 1934 1610; x_wconf 82' lang='lat' dir='ltr'>testamenti,</span> <span class='ocrx_word' id='word_1_79' title='bbox 1974 1533 2270 1615; x_wconf 87' lang='lat' dir='ltr'>quoniam</span> <span class='ocrx_word' id='word_1_80' title='bbox 2307 1536 2498 1597; x_wconf 89' lang='lat' dir='ltr'>uetus</span> <span class='ocrx_word' id='word_1_81' title='bbox 2534 1531 2744 1595; x_wconf 88' lang='lat' dir='ltr'>fuerat</span> 
     </span>
     <span class='ocr_line' id='line_1_11' title="bbox 447 1638 2831 1721; baseline 0.003 -18"><span class='ocrx_word' id='word_1_82' title='bbox 447 1638 827 1703; x_wconf 90' lang='lat' dir='ltr'>abolendum</span> <span class='ocrx_word' id='word_1_83' title='bbox 885 1642 950 1703; x_wconf 91' lang='lat' dir='ltr'>et</span> <span class='ocrx_word' id='word_1_84' title='bbox 1004 1638 1521 1703; x_wconf 88' lang='lat' dir='ltr'>constituendum</span> <span class='ocrx_word' id='word_1_85' title='bbox 1579 1658 1837 1703; x_wconf 88' lang='lat' dir='ltr'>nouum.</span> <span class='ocrx_word' id='word_1_86' title='bbox 1912 1638 2258 1703; x_wconf 85' lang='lat' dir='ltr'>notandum</span> <span class='ocrx_word' id='word_1_87' title='bbox 2308 1657 2458 1703; x_wconf 87' lang='lat' dir='ltr'>sane</span> <span class='ocrx_word' id='word_1_88' title='bbox 2505 1641 2741 1721; x_wconf 84' lang='lat' dir='ltr'>quanta</span> <span class='ocrx_word' id='word_1_89' title='bbox 2778 1670 2831 1708; x_wconf 85' lang='lat'>10</span> 
     </span>
     <span class='ocr_line' id='line_1_12' title="bbox 445 1745 2739 1830; baseline 0 -21"><span class='ocrx_word' id='word_1_90' title='bbox 445 1766 556 1828; x_wconf 90' lang='lat' dir='ltr'>pro</span> <span class='ocrx_word' id='word_1_91' title='bbox 605 1746 839 1829; x_wconf 89' lang='lat' dir='ltr'>populo</span> <span class='ocrx_word' id='word_1_92' title='bbox 881 1746 957 1810; x_wconf 88' lang='lat' dir='ltr'>ad</span> <span class='ocrx_word' id='word_1_93' title='bbox 997 1745 1185 1810; x_wconf 89' lang='lat' dir='ltr'>deum</span> <span class='ocrx_word' id='word_1_94' title='bbox 1224 1746 1685 1830; x_wconf 81' lang='lat' dir='ltr'>supplicatione</span> <span class='ocrx_word' id='word_1_95' title='bbox 1721 1747 2124 1823; x_wconf 89' lang='lat' dir='ltr'>laborauerit‚</span> <span class='ocrx_word' id='word_1_96' title='bbox 2163 1746 2273 1828; x_wconf 90' lang='lat' dir='ltr'>qui</span> <span class='ocrx_word' id='word_1_97' title='bbox 2307 1750 2438 1810; x_wconf 87' lang='lat' dir='ltr'>tam</span> <span class='ocrx_word' id='word_1_98' title='bbox 2478 1765 2739 1811; x_wconf 90' lang='lat' dir='ltr'>seuerus</span> 
     </span>
     <span class='ocr_line' id='line_1_13' title="bbox 445 1852 2739 1937; baseline 0 -20"><span class='ocrx_word' id='word_1_99' title='bbox 445 1855 508 1917; x_wconf 91' lang='lat' dir='ltr'>in</span> <span class='ocrx_word' id='word_1_100' title='bbox 542 1872 648 1917; x_wconf 89' lang='lat' dir='ltr'>eos</span> <span class='ocrx_word' id='word_1_101' title='bbox 678 1852 1057 1918; x_wconf 90' lang='lat' dir='ltr'>uindicando</span> <span class='ocrx_word' id='word_1_102' title='bbox 1089 1853 1314 1917; x_wconf 87' lang='lat' dir='ltr'>extitit.</span> <span class='ocrx_word' id='word_1_103' title='bbox 1365 1853 1535 1935; x_wconf 92' lang='lat' dir='ltr'>quod</span> <span class='ocrx_word' id='word_1_104' title='bbox 1567 1858 1778 1918; x_wconf 85' lang='lat' dir='ltr'>autem</span> <span class='ocrx_word' id='word_1_105' title='bbox 1810 1855 1871 1918; x_wconf 91' lang='lat' dir='ltr'>in</span> <span class='ocrx_word' id='word_1_106' title='bbox 1901 1854 2113 1937; x_wconf 87' lang='lat' dir='ltr'>ignem</span> <span class='ocrx_word' id='word_1_107' title='bbox 2153 1853 2423 1917; x_wconf 90' lang='lat' dir='ltr'>missum</span> <span class='ocrx_word' id='word_1_108' title='bbox 2461 1854 2739 1918; x_wconf 90' lang='lat' dir='ltr'>uitulum</span> 
     </span>
     <span class='ocr_line' id='line_1_14' title="bbox 446 1959 2738 2044; baseline 0 -21"><span class='ocrx_word' id='word_1_109' title='bbox 446 1960 702 2023; x_wconf 82' lang='lat' dir='ltr'>fusilem</span> <span class='ocrx_word' id='word_1_110' title='bbox 762 1959 1066 2024; x_wconf 88' lang='lat' dir='ltr'>contriuit</span> <span class='ocrx_word' id='word_1_111' title='bbox 1120 1963 1185 2023; x_wconf 88' lang='lat' dir='ltr'>et</span> <span class='ocrx_word' id='word_1_112' title='bbox 1236 1959 1300 2023; x_wconf 90' lang='lat' dir='ltr'>in</span> <span class='ocrx_word' id='word_1_113' title='bbox 1357 1979 1583 2043; x_wconf 89' lang='lat' dir='ltr'>aquam</span> <span class='ocrx_word' id='word_1_114' title='bbox 1644 1962 1894 2043; x_wconf 88' lang='lat' dir='ltr'>sparsit,</span> <span class='ocrx_word' id='word_1_115' title='bbox 1961 1980 2150 2043; x_wconf 89' lang='lat' dir='ltr'>quam</span> <span class='ocrx_word' id='word_1_116' title='bbox 2213 1961 2449 2044; x_wconf 91' lang='lat' dir='ltr'>populo</span> <span class='ocrx_word' id='word_1_117' title='bbox 2515 1962 2738 2042; x_wconf 89' lang='lat' dir='ltr'>potum</span> 
     </span>
     <span class='ocr_line' id='line_1_15' title="bbox 447 2065 2734 2151; baseline -0 -20"><span class='ocrx_word' id='word_1_118' title='bbox 447 2067 642 2144; x_wconf 89' lang='lat' dir='ltr'>dedit,</span> <span class='ocrx_word' id='word_1_119' title='bbox 691 2065 841 2147; x_wconf 90' lang='lat' dir='ltr'>quid</span> <span class='ocrx_word' id='word_1_120' title='bbox 889 2067 1071 2131; x_wconf 90' lang='lat' dir='ltr'>nobis</span> <span class='ocrx_word' id='word_1_121' title='bbox 1117 2066 1412 2131; x_wconf 89' lang='lat' dir='ltr'>uideatur</span> <span class='ocrx_word' id='word_1_122' title='bbox 1457 2068 1832 2151; x_wconf 89' lang='lat' dir='ltr'>significare,</span> <span class='ocrx_word' id='word_1_123' title='bbox 1881 2068 2006 2132; x_wconf 89' lang='lat' dir='ltr'>iam</span> <span class='ocrx_word' id='word_1_124' title='bbox 2054 2067 2204 2131; x_wconf 85' lang='lat' dir='ltr'>alibi</span> <span class='ocrx_word' id='word_1_125' title='bbox 2253 2066 2627 2149; x_wconf 77' lang='lat' dir='ltr'>scripsimus</span> <span class='ocrx_word' id='word_1_126' title='bbox 2672 2067 2734 2130; x_wconf 91' lang='lat' dir='ltr'>in</span> 
     </span>
     <span class='ocr_line' id='line_1_16' title="bbox 447 2173 2830 2267; baseline 0.001 -28"><span class='ocrx_word' id='word_1_127' title='bbox 447 2193 633 2257; x_wconf 88' lang='lat' dir='ltr'>opere</span> <span class='ocrx_word' id='word_1_128' title='bbox 681 2176 898 2237; x_wconf 89' lang='lat' dir='ltr'>contra</span> <span class='ocrx_word' id='word_1_129' title='bbox 941 2173 1254 2237; x_wconf 87' lang='lat' dir='ltr'>Faustum</span> <span class='ocrx_word' id='word_1_130' title='bbox 1300 2174 1765 2239; x_wconf 88' lang='lat' dir='ltr'>Manichaeum.</span> <span class='ocrx_word' id='word_1_131' title='bbox 2015 2255 2022 2267; x_wconf 83' lang='lat'>.</span> <span class='ocrx_word' id='word_1_132' title='bbox 2779 2203 2830 2242; x_wconf 80' lang='lat'>1⁵</span> 
     </span>
    </p>

    <p class='ocr_par' dir='ltr' id='par_1_4' title="bbox 443 2279 2827 3114">
     <span class='ocr_line' id='line_1_17' title="bbox 539 2279 2739 2365; baseline -0.001 -19"><span class='ocrx_word' id='word_1_133' title='bbox 539 2280 779 2346; x_wconf 85' lang='lat' dir='ltr'>CXLV.</span> <span class='ocrx_word' id='word_1_134' title='bbox 864 2279 959 2343; x_wconf 88' lang='lat' dir='ltr'>Et</span> <span class='ocrx_word' id='word_1_135' title='bbox 1027 2279 1427 2344; x_wconf 86' lang='lat' dir='ltr'>dederunt</span> <span class='ocrx_word' id='word_1_136' title='bbox 1488 2281 1718 2357; x_wconf 83' lang='lat' dir='ltr'>n1ihi;</span> <span class='ocrx_word' id='word_1_137' title='bbox 1798 2284 1875 2345; x_wconf 91' lang='lat' dir='ltr'>et</span> <span class='ocrx_word' id='word_1_138' title='bbox 1938 2281 2122 2346; x_wconf 87' lang='lat' dir='ltr'>misi</span> <span class='ocrx_word' id='word_1_139' title='bbox 2189 2280 2264 2345; x_wconf 89' lang='lat' dir='ltr'>in</span> <span class='ocrx_word' id='word_1_140' title='bbox 2329 2281 2595 2365; x_wconf 87' lang='lat' dir='ltr'>ignem</span> <span class='ocrx_word' id='word_1_141' title='bbox 2662 2284 2739 2344; x_wconf 92' lang='lat' dir='ltr'>et</span> 
     </span>
     <span class='ocr_line' id='line_1_18' title="bbox 451 2376 2738 2471; baseline -0.001 -19"><span class='ocrx_word' id='word_1_142' title='bbox 451 2387 653 2452; x_wconf 82' lang='lat' dir='ltr'>exiit</span> <span class='ocrx_word' id='word_1_143' title='bbox 700 2386 1023 2451; x_wconf 90' lang='lat' dir='ltr'>uitulus</span> <span class='ocrx_word' id='word_1_144' title='bbox 1071 2386 1221 2451; x_wconf 87' lang='lat' dir='ltr'>hic.</span> <span class='ocrx_word' id='word_1_145' title='bbox 1299 2387 1643 2471; x_wconf 89' lang='lat' dir='ltr'>conpendio</span> <span class='ocrx_word' id='word_1_146' title='bbox 1688 2388 1946 2453; x_wconf 90' lang='lat' dir='ltr'>locutus</span> <span class='ocrx_word' id='word_1_147' title='bbox 1994 2391 2095 2453; x_wconf 88' lang='lat' dir='ltr'>est</span> <span class='ocrx_word' id='word_1_148' title='bbox 2136 2408 2260 2453; x_wconf 90' lang='lat' dir='ltr'>non</span> <span class='ocrx_word' id='word_1_149' title='bbox 2308 2376 2522 2452; x_wconf 78' lang='lat' dir='ltr'>dicens</span> <span class='ocrx_word' id='word_1_150' title='bbox 2571 2386 2738 2469; x_wconf 88' lang='lat' dir='ltr'>quod</span> 
     </span>
     <span class='ocr_line' id='line_1_19' title="bbox 446 2493 2738 2576; baseline 0 -18"><span class='ocrx_word' id='word_1_151' title='bbox 446 2495 582 2576; x_wconf 90' lang='lat' dir='ltr'>ipse</span> <span class='ocrx_word' id='word_1_152' title='bbox 629 2493 1018 2569; x_wconf 87' lang='lat' dir='ltr'>formauerit‚</span> <span class='ocrx_word' id='word_1_153' title='bbox 1069 2497 1141 2556; x_wconf 90' lang='lat' dir='ltr'>ut</span> <span class='ocrx_word' id='word_1_154' title='bbox 1179 2493 1375 2558; x_wconf 81' lang='lat' dir='ltr'>exiret</span> <span class='ocrx_word' id='word_1_155' title='bbox 1409 2494 1657 2559; x_wconf 88' lang='lat' dir='ltr'>uitulus</span> <span class='ocrx_word' id='word_1_156' title='bbox 1693 2496 1925 2561; x_wconf 88' lang='lat' dir='ltr'>fusilis.</span> <span class='ocrx_word' id='word_1_157' title='bbox 1974 2515 2050 2560; x_wconf 86' lang='lat' dir='ltr'>an</span> <span class='ocrx_word' id='word_1_158' title='bbox 2089 2496 2509 2561; x_wconf 74' lang='lat' dir='ltr'>excusationis</span> <span class='ocrx_word' id='word_1_159' title='bbox 2547 2514 2738 2560; x_wconf 89' lang='lat' dir='ltr'>causa</span> 
     </span>
     <span class='ocr_line' id='line_1_20' title="bbox 446 2600 2736 2688; baseline 0 -24"><span class='ocrx_word' id='word_1_160' title='bbox 446 2600 730 2665; x_wconf 89' lang='lat' dir='ltr'>timendo</span> <span class='ocrx_word' id='word_1_161' title='bbox 796 2600 1105 2664; x_wconf 88' lang='lat' dir='ltr'>mentitus</span> <span class='ocrx_word' id='word_1_162' title='bbox 1170 2603 1296 2677; x_wconf 89' lang='lat' dir='ltr'>est,</span> <span class='ocrx_word' id='word_1_163' title='bbox 1374 2604 1700 2684; x_wconf 89' lang='lat' dir='ltr'>tamquam</span> <span class='ocrx_word' id='word_1_164' title='bbox 1772 2603 1910 2684; x_wconf 92' lang='lat' dir='ltr'>ipse</span> <span class='ocrx_word' id='word_1_165' title='bbox 1973 2604 2036 2667; x_wconf 93' lang='lat' dir='ltr'>in</span> <span class='ocrx_word' id='word_1_166' title='bbox 2100 2605 2313 2688; x_wconf 88' lang='lat' dir='ltr'>ignem</span> <span class='ocrx_word' id='word_1_167' title='bbox 2386 2603 2736 2685; x_wconf 88' lang='lat' dir='ltr'>periturum</span> 
     </span>
     <span class='ocr_line' id='line_1_21' title="bbox 448 2706 2827 2794; baseline 0.003 -24"><span class='ocrx_word' id='word_1_168' title='bbox 448 2726 671 2771; x_wconf 88' lang='lat' dir='ltr'>aurum</span> <span class='ocrx_word' id='word_1_169' title='bbox 708 2706 1045 2789; x_wconf 91' lang='lat' dir='ltr'>proiecerit</span> <span class='ocrx_word' id='word_1_170' title='bbox 1082 2710 1269 2789; x_wconf 86' lang='lat' dir='ltr'>atque</span> <span class='ocrx_word' id='word_1_171' title='bbox 1306 2708 1445 2791; x_wconf 90' lang='lat' dir='ltr'>ipso</span> <span class='ocrx_word' id='word_1_172' title='bbox 1484 2728 1607 2774; x_wconf 91' lang='lat' dir='ltr'>non</span> <span class='ocrx_word' id='word_1_173' title='bbox 1645 2709 1711 2773; x_wconf 91' lang='lat' dir='ltr'>id</span> <span class='ocrx_word' id='word_1_174' title='bbox 1747 2713 1975 2794; x_wconf 86' lang='lat' dir='ltr'>agente</span> <span class='ocrx_word' id='word_1_175' title='bbox 2013 2714 2214 2775; x_wconf 85' lang='lat' dir='ltr'>forma</span> <span class='ocrx_word' id='word_1_176' title='bbox 2248 2712 2442 2775; x_wconf 90' lang='lat' dir='ltr'>uituli</span> <span class='ocrx_word' id='word_1_177' title='bbox 2478 2709 2735 2774; x_wconf 77' lang='lat' dir='ltr'>exierit?</span> <span class='ocrx_word' id='word_1_178' title='bbox 2770 2738 2827 2777; x_wconf 67' lang='grc' dir='ltr'>ιο</span> 
     </span>
     <span class='ocr_line' id='line_1_22' title="bbox 447 2812 2739 2898; baseline 0.001 -21"><span class='ocrx_word' id='word_1_179' title='bbox 447 2812 615 2896; x_wconf 91' lang='lat' dir='ltr'>quod</span> <span class='ocrx_word' id='word_1_180' title='bbox 671 2813 812 2878; x_wconf 91' lang='lat' dir='ltr'>ideo</span> <span class='ocrx_word' id='word_1_181' title='bbox 869 2833 990 2878; x_wconf 90' lang='lat' dir='ltr'>non</span> <span class='ocrx_word' id='word_1_182' title='bbox 1050 2820 1150 2878; x_wconf 87' lang='lat' dir='ltr'>est</span> <span class='ocrx_word' id='word_1_183' title='bbox 1203 2815 1585 2880; x_wconf 90' lang='lat' dir='ltr'>credendum</span> <span class='ocrx_word' id='word_1_184' title='bbox 1642 2817 1765 2882; x_wconf 91' lang='lat' dir='ltr'>hoc</span> <span class='ocrx_word' id='word_1_185' title='bbox 1820 2836 1964 2881; x_wconf 89' lang='lat' dir='ltr'>eum</span> <span class='ocrx_word' id='word_1_186' title='bbox 2022 2819 2227 2882; x_wconf 90' lang='lat' dir='ltr'>animo</span> <span class='ocrx_word' id='word_1_187' title='bbox 2285 2818 2542 2895; x_wconf 83' lang='lat' dir='ltr'>dixisse,</span> <span class='ocrx_word' id='word_1_188' title='bbox 2590 2816 2739 2898; x_wconf 88' lang='lat' dir='ltr'>quia</span> 
     </span>
     <span class='ocr_line' id='line_1_23' title="bbox 445 2920 2735 3007; baseline 0.002 -24"><span class='ocrx_word' id='word_1_189' title='bbox 445 2939 562 2984; x_wconf 87' lang='lat' dir='ltr'>nec</span> <span class='ocrx_word' id='word_1_190' title='bbox 607 2922 802 2985; x_wconf 85' lang='lat' dir='ltr'>latere</span> <span class='ocrx_word' id='word_1_191' title='bbox 849 2920 1114 3003; x_wconf 80' lang='lat' dir='ltr'>Moysen</span> <span class='ocrx_word' id='word_1_192' title='bbox 1164 2925 1382 3003; x_wconf 90' lang='lat' dir='ltr'>posset</span> <span class='ocrx_word' id='word_1_193' title='bbox 1427 2922 1580 3004; x_wconf 89' lang='lat' dir='ltr'>quid</span> <span class='ocrx_word' id='word_1_194' title='bbox 1636 2926 1808 2988; x_wconf 88' lang='lat' dir='ltr'>esset</span> <span class='ocrx_word' id='word_1_195' title='bbox 1861 2925 1923 2988; x_wconf 92' lang='lat' dir='ltr'>in</span> <span class='ocrx_word' id='word_1_196' title='bbox 1979 2925 2140 3003; x_wconf 91' lang='lat' dir='ltr'>uiro,</span> <span class='ocrx_word' id='word_1_197' title='bbox 2197 2944 2342 2990; x_wconf 89' lang='lat' dir='ltr'>cum</span> <span class='ocrx_word' id='word_1_198' title='bbox 2399 2945 2524 3007; x_wconf 90' lang='lat' dir='ltr'>quo</span> <span class='ocrx_word' id='word_1_199' title='bbox 2581 2924 2735 2989; x_wconf 89' lang='lat' dir='ltr'>deus</span> 
     </span>
     <span class='ocr_line' id='line_1_24' title="bbox 443 3026 2316 3114; baseline 0.003 -24"><span class='ocrx_word' id='word_1_200' title='bbox 443 3027 844 3109; x_wconf 84' lang='lat' dir='ltr'>loquebatur,</span> <span class='ocrx_word' id='word_1_201' title='bbox 894 3029 958 3091; x_wconf 88' lang='lat' dir='ltr'>et</span> <span class='ocrx_word' id='word_1_202' title='bbox 1001 3026 1257 3090; x_wconf 88' lang='lat' dir='ltr'>fratrem</span> <span class='ocrx_word' id='word_1_203' title='bbox 1304 3027 1381 3092; x_wconf 87' lang='lat' dir='ltr'>de</span> <span class='ocrx_word' id='word_1_204' title='bbox 1427 3029 1756 3093; x_wconf 91' lang='lat' dir='ltr'>mendacio</span> <span class='ocrx_word' id='word_1_205' title='bbox 1804 3049 1923 3094; x_wconf 92' lang='lat' dir='ltr'>non</span> <span class='ocrx_word' id='word_1_206' title='bbox 1972 3030 2316 3114; x_wconf 87' lang='lat' dir='ltr'>redarguit.</span> 
     </span>
    </p>

    <p class='ocr_par' dir='ltr' id='par_1_5' title="bbox 449 3132 2825 3540">
     <span class='ocr_line' id='line_1_25' title="bbox 540 3132 2737 3220; baseline 0.001 -23"><span class='ocrx_word' id='word_1_207' title='bbox 540 3132 812 3198; x_wconf 87' lang='lat' dir='ltr'>CXLVI.</span> <span class='ocrx_word' id='word_1_208' title='bbox 891 3134 988 3197; x_wconf 86' lang='lat' dir='ltr'>Et</span> <span class='ocrx_word' id='word_1_209' title='bbox 1045 3152 1216 3197; x_wconf 89' lang='lat' dir='ltr'>cum</span> <span class='ocrx_word' id='word_1_210' title='bbox 1272 3134 1639 3199; x_wconf 88' lang='lat' dir='ltr'>uidisset</span> <span class='ocrx_word' id='word_1_211' title='bbox 1692 3135 2011 3219; x_wconf 83' lang='lat' dir='ltr'>Moyses</span> <span class='ocrx_word' id='word_1_212' title='bbox 2071 3139 2489 3220; x_wconf 89' lang='lat' dir='ltr'>populum,</span> <span class='ocrx_word' id='word_1_213' title='bbox 2547 3137 2737 3219; x_wconf 89' lang='lat' dir='ltr'>quia</span> 
     </span>
     <span class='ocr_line' id='line_1_26' title="bbox 451 3238 2825 3324; baseline 0.003 -21"><span class='ocrx_word' id='word_1_214' title='bbox 451 3238 925 3323; x_wconf 89' lang='lat' dir='ltr'>dissipatus</span> <span class='ocrx_word' id='word_1_215' title='bbox 984 3247 1139 3315; x_wconf 81' lang='lat' dir='ltr'>est3</span> <span class='ocrx_word' id='word_1_216' title='bbox 1201 3240 1659 3324; x_wconf 88' lang='lat' dir='ltr'>dissipauit</span> <span class='ocrx_word' id='word_1_217' title='bbox 1714 3243 1918 3306; x_wconf 90' lang='lat' dir='ltr'>enim</span> <span class='ocrx_word' id='word_1_218' title='bbox 1978 3262 2116 3308; x_wconf 88' lang='lat' dir='ltr'>eos</span> <span class='ocrx_word' id='word_1_219' title='bbox 2171 3244 2460 3319; x_wconf 86' lang='lat' dir='ltr'>Aaron,</span> <span class='ocrx_word' id='word_1_220' title='bbox 2517 3249 2606 3307; x_wconf 89' lang='lat' dir='ltr'>ut</span> <span class='ocrx_word' id='word_1_221' title='bbox 2656 3244 2825 3311; x_wconf 68' lang='lat' dir='ltr'>inas</span> 
     </span>
     <span class='ocr_line' id='line_1_27' title="bbox 451 3344 2738 3429; baseline 0.002 -20"><span class='ocrx_word' id='word_1_222' title='bbox 451 3344 838 3429; x_wconf 90' lang='lat' dir='ltr'>gaudium</span> <span class='ocrx_word' id='word_1_223' title='bbox 913 3346 1291 3411; x_wconf 89' lang='lat' dir='ltr'>uenirent</span> <span class='ocrx_word' id='word_1_224' title='bbox 1363 3348 1871 3413; x_wconf 89' lang='lat' dir='ltr'>aduersariis</span> <span class='ocrx_word' id='word_1_225' title='bbox 1946 3350 2141 3416; x_wconf 89' lang='lat' dir='ltr'>suis.</span> <span class='ocrx_word' id='word_1_226' title='bbox 2227 3351 2573 3415; x_wconf 88' lang='lat' dir='ltr'>notandum</span> <span class='ocrx_word' id='word_1_227' title='bbox 2638 3354 2738 3414; x_wconf 89' lang='lat' dir='ltr'>est</span> 
     </span>
     <span class='ocr_line' id='line_1_28' title="bbox 449 3453 2737 3540; baseline 0.002 -24"><span class='ocrx_word' id='word_1_228' title='bbox 449 3453 980 3535; x_wconf 87' lang='lat' dir='ltr'>quemadmodum</span> <span class='ocrx_word' id='word_1_229' title='bbox 1047 3453 1207 3517; x_wconf 90' lang='lat' dir='ltr'>illud</span> <span class='ocrx_word' id='word_1_230' title='bbox 1270 3457 1479 3518; x_wconf 85' lang='lat' dir='ltr'>totum</span> <span class='ocrx_word' id='word_1_231' title='bbox 1546 3455 1727 3530; x_wconf 87' lang='lat' dir='ltr'>mali,</span> <span class='ocrx_word' id='word_1_232' title='bbox 1796 3456 1964 3537; x_wconf 91' lang='lat' dir='ltr'>quod</span> <span class='ocrx_word' id='word_1_233' title='bbox 2027 3457 2303 3540; x_wconf 87' lang='lat' dir='ltr'>populus</span> <span class='ocrx_word' id='word_1_234' title='bbox 2368 3457 2548 3534; x_wconf 90' lang='lat' dir='ltr'>fecit,</span> <span class='ocrx_word' id='word_1_235' title='bbox 2612 3456 2737 3540; x_wconf 89' lang='lat' dir='ltr'>ipsi</span> 
     </span>
    </p>
   </div>
   <div class='ocr_carea' id='block_1_3' title="bbox 451 3694 2736 3936">
    <p class='ocr_par' dir='ltr' id='par_1_6' title="bbox 451 3694 2736 3936">
     <span class='ocr_line' id='line_1_29' title="bbox 626 3694 2734 3764; baseline 0.003 -16"><span class='ocrx_word' id='word_1_236' title='bbox 626 3696 654 3748; x_wconf 89' lang='lat'>1</span> <span class='ocrx_word' id='word_1_237' title='bbox 695 3694 790 3750; x_wconf 80' lang='lat' dir='ltr'>Ex.</span> <span class='ocrx_word' id='word_1_238' title='bbox 830 3696 916 3756; x_wconf 87' lang='grc'><strong>32,</strong></span> <span class='ocrx_word' id='word_1_239' title='bbox 960 3696 1024 3748; x_wconf 84' lang='grc'>14</span> <span class='ocrx_word' id='word_1_240' title='bbox 1116 3695 1150 3747; x_wconf 90' lang='grc'>3</span> <span class='ocrx_word' id='word_1_241' title='bbox 1190 3694 1315 3764; x_wconf 82' lang='lat' dir='ltr'>Sap.</span> <span class='ocrx_word' id='word_1_242' title='bbox 1354 3694 1405 3758; x_wconf 88' lang='lat'>3,</span> <span class='ocrx_word' id='word_1_243' title='bbox 1445 3697 1477 3748; x_wconf 87' lang='grc'>2</span> <span class='ocrx_word' id='word_1_244' title='bbox 1570 3697 1605 3748; x_wconf 87' lang='lat'>4</span> <span class='ocrx_word' id='word_1_245' title='bbox 1644 3695 1709 3749; x_wconf 83' lang='lat' dir='ltr'>cf.</span> <span class='ocrx_word' id='word_1_246' title='bbox 1748 3696 1913 3751; x_wconf 87' lang='lat' dir='ltr'>Eccli.</span> <span class='ocrx_word' id='word_1_247' title='bbox 1954 3698 2037 3760; x_wconf 82' lang='lat'>11,</span> <span class='ocrx_word' id='word_1_248' title='bbox 2083 3699 2148 3750; x_wconf 88' lang='lat'>14</span> <span class='ocrx_word' id='word_1_249' title='bbox 2240 3700 2270 3752; x_wconf 90' lang='lat'><strong>7</strong></span> <span class='ocrx_word' id='word_1_250' title='bbox 2311 3699 2377 3755; x_wconf 81' lang='lat' dir='ltr'>cf.</span> <span class='ocrx_word' id='word_1_251' title='bbox 2420 3701 2512 3754; x_wconf 84' lang='lat' dir='ltr'>Ex.</span> <span class='ocrx_word' id='word_1_252' title='bbox 2551 3702 2734 3762; x_wconf 87' lang='grc'><strong>32,19</strong></span> 
     </span>
     <span class='ocr_line' id='line_1_30' title="bbox 451 3782 2736 3855; baseline 0.003 -19"><span class='ocrx_word' id='word_1_253' title='bbox 451 3782 514 3836; x_wconf 88' lang='grc'>12</span> <span class='ocrx_word' id='word_1_254' title='bbox 564 3782 632 3835; x_wconf 87' lang='lat' dir='ltr'>cf.</span> <span class='ocrx_word' id='word_1_255' title='bbox 679 3783 770 3835; x_wconf 83' lang='lat' dir='ltr'>Ex.</span> <span class='ocrx_word' id='word_1_256' title='bbox 820 3783 906 3844; x_wconf 87' lang='grc'><strong>32,</strong></span> <span class='ocrx_word' id='word_1_257' title='bbox 957 3783 1027 3836; x_wconf 89' lang='grc'><strong>20</strong></span> <span class='ocrx_word' id='word_1_258' title='bbox 1209 3784 1276 3837; x_wconf 88' lang='grc'>15</span> <span class='ocrx_word' id='word_1_259' title='bbox 1326 3787 1514 3837; x_wconf 88' lang='lat' dir='ltr'>contra</span> <span class='ocrx_word' id='word_1_260' title='bbox 1562 3784 1825 3838; x_wconf 86' lang='lat' dir='ltr'>Faustum</span> <span class='ocrx_word' id='word_1_261' title='bbox 1876 3785 2030 3839; x_wconf 79' lang='lat' dir='ltr'>XXII</span> <span class='ocrx_word' id='word_1_262' title='bbox 2076 3787 2146 3840; x_wconf 84' lang='lat'>93</span> <span class='ocrx_word' id='word_1_263' title='bbox 2194 3805 2243 3855; x_wconf 92' lang='lat' dir='ltr'>p.</span> <span class='ocrx_word' id='word_1_264' title='bbox 2299 3789 2403 3843; x_wconf 89' lang='lat'>700</span> <span class='ocrx_word' id='word_1_265' title='bbox 2450 3788 2533 3844; x_wconf 88' lang='lat' dir='ltr'>ed.</span> <span class='ocrx_word' id='word_1_266' title='bbox 2586 3807 2736 3843; x_wconf 86' lang='lat' dir='ltr'>meae</span> 
     </span>
     <span class='ocr_line' id='line_1_31' title="bbox 451 3870 1428 3936; baseline 0.002 -12"><span class='ocrx_word' id='word_1_267' title='bbox 451 3871 515 3924; x_wconf 91' lang='lat'>16</span> <span class='ocrx_word' id='word_1_268' title='bbox 552 3870 647 3924; x_wconf 77' lang='lat' dir='ltr'>Ex.</span> <span class='ocrx_word' id='word_1_269' title='bbox 688 3871 774 3934; x_wconf 87' lang='lat'>32,</span> <span class='ocrx_word' id='word_1_270' title='bbox 812 3871 885 3924; x_wconf 75' lang='lat'>24</span> <span class='ocrx_word' id='word_1_271' title='bbox 993 3872 1059 3924; x_wconf 84' lang='lat'>24</span> <span class='ocrx_word' id='word_1_272' title='bbox 1100 3872 1192 3924; x_wconf 83' lang='lat' dir='ltr'>Ex.</span> <span class='ocrx_word' id='word_1_273' title='bbox 1235 3872 1319 3936; x_wconf 82' lang='lat'>32,</span> <span class='ocrx_word' id='word_1_274' title='bbox 1360 3874 1428 3926; x_wconf 79' lang='lat'>25</span> 
     </span>
    </p>
   </div>
   <div class='ocr_carea' id='block_1_4' title="bbox 448 4042 2742 4467">
    <p class='ocr_par' dir='ltr' id='par_1_7' title="bbox 448 4042 2742 4467">
     <span class='ocr_line' id='line_1_32' title="bbox 523 4042 2740 4122; baseline 0.005 -24"><span class='ocrx_word' id='word_1_275' title='bbox 523 4046 547 4099; x_wconf 94' lang='grc'><strong>1</strong></span> <span class='ocrx_word' id='word_1_276' title='bbox 592 4047 705 4117; x_wconf 79' lang='grc' dir='ltr'><strong>περὶ</strong></span> <span class='ocrx_word' id='word_1_277' title='bbox 733 4053 828 4117; x_wconf 79' lang='grc' dir='ltr'>τῆς</span> <span class='ocrx_word' id='word_1_278' title='bbox 867 4046 1052 4110; x_wconf 75' lang='grc' dir='ltr'>κακίας</span> <span class='ocrx_word' id='word_1_279' title='bbox 1081 4042 1150 4119; x_wconf 75' lang='grc' dir='ltr'>ἧς</span> <span class='ocrx_word' id='word_1_280' title='bbox 1182 4044 1286 4102; x_wconf 75' lang='grc' dir='ltr'>εἷπε</span> <span class='ocrx_word' id='word_1_281' title='bbox 1317 4058 1530 4122; x_wconf 73' lang='grc' dir='ltr'>ποιῆσαι</span> <span class='ocrx_word' id='word_1_282' title='bbox 1550 4053 1666 4106; x_wconf 83' lang='lat' dir='ltr'>cod.</span> <span class='ocrx_word' id='word_1_283' title='bbox 1692 4052 1834 4107; x_wconf 71' lang='lat' dir='ltr'>Alex</span> <span class='ocrx_word' id='word_1_284' title='bbox 1859 4059 1907 4106; x_wconf 81' lang='lat' dir='ltr'>et</span> <span class='ocrx_word' id='word_1_285' title='bbox 1932 4053 2058 4122; x_wconf 77' lang='lat' dir='ltr'>Lay</span> <span class='ocrx_word' id='word_1_286' title='bbox 2130 4054 2163 4107; x_wconf 87' lang='lat'><strong>3</strong></span> <span class='ocrx_word' id='word_1_287' title='bbox 2185 4058 2241 4107; x_wconf 82' lang='lat' dir='ltr'>et</span> <span class='ocrx_word' id='word_1_288' title='bbox 2258 4070 2360 4108; x_wconf 88' lang='lat' dir='ltr'>om.</span> <span class='ocrx_word' id='word_1_289' title='bbox 2390 4054 2546 4108; x_wconf 80' lang='lat' dir='ltr'>PSN</span> <span class='ocrx_word' id='word_1_290' title='bbox 2562 4055 2740 4109; x_wconf 80' lang='lat' dir='ltr'>Vde</span> 
     </span>
     <span class='ocr_line' id='line_1_33' title="bbox 452 4134 2735 4213; baseline 0.005 -27"><span class='ocrx_word' id='word_1_291' title='bbox 452 4134 761 4188; x_wconf 84' lang='lat' dir='ltr'>existimata</span> <span class='ocrx_word' id='word_1_292' title='bbox 801 4134 910 4188; x_wconf 85' lang='lat' dir='ltr'>CN</span> <span class='ocrx_word' id='word_1_293' title='bbox 975 4137 1010 4189; x_wconf 88' lang='lat'>4</span> <span class='ocrx_word' id='word_1_294' title='bbox 1049 4155 1228 4191; x_wconf 91' lang='lat' dir='ltr'>eorum</span> <span class='ocrx_word' id='word_1_295' title='bbox 1271 4138 1316 4192; x_wconf 87' lang='lat' dir='ltr'><strong><em>S</em></strong></span> <span class='ocrx_word' id='word_1_296' title='bbox 1423 4143 1478 4192; x_wconf 87' lang='lat' dir='ltr'>et</span> <span class='ocrx_word' id='word_1_297' title='bbox 1510 4157 1598 4207; x_wconf 81' lang='lat' dir='ltr'>pr.</span> <span class='ocrx_word' id='word_1_298' title='bbox 1638 4158 1738 4194; x_wconf 86' lang='lat' dir='ltr'>om.</span> <span class='ocrx_word' id='word_1_299' title='bbox 1780 4141 1855 4195; x_wconf 85' lang='lat' dir='ltr'>bd</span> <span class='ocrx_word' id='word_1_300' title='bbox 1924 4144 1957 4196; x_wconf 86' lang='lat'><strong>5</strong></span> <span class='ocrx_word' id='word_1_301' title='bbox 1997 4159 2156 4212; x_wconf 83' lang='lat' dir='ltr'>quam</span> <span class='ocrx_word' id='word_1_302' title='bbox 2194 4143 2262 4196; x_wconf 90' lang='lat' dir='ltr'><em>N</em></span> <span class='ocrx_word' id='word_1_303' title='bbox 2293 4144 2421 4213; x_wconf 80' lang='lat' dir='ltr'>quia</span> <span class='ocrx_word' id='word_1_304' title='bbox 2472 4144 2517 4194; x_wconf 84' lang='lat' dir='ltr'><strong><em>V</em></strong></span> <span class='ocrx_word' id='word_1_305' title='bbox 2583 4146 2615 4197; x_wconf 88' lang='grc'>6</span> <span class='ocrx_word' id='word_1_306' title='bbox 2653 4144 2735 4197; x_wconf 89' lang='lat' dir='ltr'>in·</span> 
     </span>
     <span class='ocr_line' id='line_1_34' title="bbox 450 4224 2742 4298; baseline 0.005 -24"><span class='ocrx_word' id='word_1_307' title='bbox 450 4226 674 4290; x_wconf 75' lang='lat' dir='ltr'>generet</span> <span class='ocrx_word' id='word_1_308' title='bbox 713 4224 757 4276; x_wconf 89' lang='lat' dir='ltr'><strong><em>C</em></strong></span> <span class='ocrx_word' id='word_1_309' title='bbox 920 4226 949 4277; x_wconf 88' lang='lat'><strong>7</strong></span> <span class='ocrx_word' id='word_1_310' title='bbox 991 4226 1158 4294; x_wconf 76' lang='lat' dir='ltr'>quida</span> <span class='ocrx_word' id='word_1_311' title='bbox 1202 4229 1246 4281; x_wconf 83' lang='lat' dir='ltr'><strong><em>C</em></strong></span> <span class='ocrx_word' id='word_1_312' title='bbox 1407 4233 1439 4282; x_wconf 69' lang='lat'><em>8</em></span> <span class='ocrx_word' id='word_1_313' title='bbox 1479 4228 1637 4298; x_wconf 83' lang='lat' dir='ltr'>digiti</span> <span class='ocrx_word' id='word_1_314' title='bbox 1677 4230 1744 4282; x_wconf 89' lang='lat' dir='ltr'><em>N</em></span> <span class='ocrx_word' id='word_1_315' title='bbox 1904 4232 1969 4284; x_wconf 89' lang='grc'>12</span> <span class='ocrx_word' id='word_1_316' title='bbox 2007 4248 2069 4284; x_wconf 90' lang='lat' dir='ltr'>eo</span> <span class='ocrx_word' id='word_1_317' title='bbox 2108 4232 2163 4284; x_wconf 93' lang='lat' dir='ltr'><em>P</em></span> <span class='ocrx_word' id='word_1_318' title='bbox 2325 4233 2390 4285; x_wconf 88' lang='lat'>14</span> <span class='ocrx_word' id='word_1_319' title='bbox 2428 4232 2647 4286; x_wconf 87' lang='lat' dir='ltr'>uidetur</span> <span class='ocrx_word' id='word_1_320' title='bbox 2691 4232 2742 4286; x_wconf 89' lang='lat' dir='ltr'><em>T</em></span> 
     </span>
     <span class='ocr_line' id='line_1_35' title="bbox 452 4308 2736 4391; baseline 0.006 -30"><span class='ocrx_word' id='word_1_321' title='bbox 452 4308 584 4361; x_wconf 85' lang='lat' dir='ltr'>alibi</span> <span class='ocrx_word' id='word_1_322' title='bbox 623 4327 726 4364; x_wconf 87' lang='lat' dir='ltr'>om.</span> <span class='ocrx_word' id='word_1_323' title='bbox 762 4311 835 4364; x_wconf 75' lang='lat'>1²¹</span> <span class='ocrx_word' id='word_1_324' title='bbox 855 4313 900 4364; x_wconf 76' lang='lat' dir='ltr'><em>V</em></span> <span class='ocrx_word' id='word_1_325' title='bbox 974 4315 1038 4368; x_wconf 88' lang='lat'>15</span> <span class='ocrx_word' id='word_1_326' title='bbox 1076 4315 1415 4369; x_wconf 84' lang='lat' dir='ltr'>manicheum</span> <span class='ocrx_word' id='word_1_327' title='bbox 1462 4317 1775 4371; x_wconf 70' lang='lat' dir='ltr'><em>CPSNVT</em></span> <span class='ocrx_word' id='word_1_328' title='bbox 1847 4320 1910 4371; x_wconf 84' lang='lat'>17</span> <span class='ocrx_word' id='word_1_329' title='bbox 1950 4320 2007 4372; x_wconf 92' lang='lat' dir='ltr'>in</span> <span class='ocrx_word' id='word_1_330' title='bbox 2047 4320 2363 4389; x_wconf 83' lang='lat' dir='ltr'>compendio</span> <span class='ocrx_word' id='word_1_331' title='bbox 2399 4321 2449 4374; x_wconf 92' lang='lat' dir='ltr'><em>T</em></span> <span class='ocrx_word' id='word_1_332' title='bbox 2518 4320 2587 4376; x_wconf 91' lang='grc'><strong>20</strong></span> <span class='ocrx_word' id='word_1_333' title='bbox 2612 4339 2736 4391; x_wconf 88' lang='lat' dir='ltr'>pro-</span> 
     </span>
     <span class='ocr_line' id='line_1_36' title="bbox 448 4399 1741 4467; baseline 0.005 -17"><span class='ocrx_word' id='word_1_334' title='bbox 448 4399 655 4467; x_wconf 87' lang='lat' dir='ltr'>gecerit</span> <span class='ocrx_word' id='word_1_335' title='bbox 698 4401 740 4451; x_wconf 79' lang='lat' dir='ltr'><em>G</em></span> <span class='ocrx_word' id='word_1_336' title='bbox 849 4402 918 4454; x_wconf 80' lang='grc'>22</span> <span class='ocrx_word' id='word_1_337' title='bbox 958 4419 1083 4455; x_wconf 86' lang='lat' dir='ltr'>uero</span> <span class='ocrx_word' id='word_1_338' title='bbox 1129 4404 1235 4458; x_wconf 86' lang='lat' dir='ltr'>CN</span> <span class='ocrx_word' id='word_1_339' title='bbox 1338 4405 1404 4458; x_wconf 78' lang='lat'>27</span> <span class='ocrx_word' id='word_1_340' title='bbox 1445 4406 1648 4459; x_wconf 89' lang='lat' dir='ltr'>malum</span> <span class='ocrx_word' id='word_1_341' title='bbox 1702 4405 1741 4457; x_wconf 78' lang='lat' dir='ltr'><strong><em>V</em></strong></span> 
     </span>
    </p>
   </div>
  </div>
 </body>
</html>
