3076 4976
304 1659 353 1699 10

302 2199 354 2239 15

302 2733 356 2774 20

303 3266 354 3303 25

733 476 1210 543 Quaestionum
1248 477 1359 533 lib.
1398 478 1513 532 1111
1555 476 1844 545 (Quaest.
1885 477 1958 532 de
1997 476 2346 545 Numeris).
2552 484 2680 545 339

391 674 563 737 dicta
610 672 1002 737 sanctificata
1048 691 1252 755 poena
1300 692 1536 749 eorum,
1587 692 1623 736 a
1670 673 1901 755 quibus
1949 674 2067 738 hoc
2106 678 2437 756 peccatum
2477 674 2684 738 fuerat

393 781 840 863 perpetratum,
891 780 1038 861 quia
1084 798 1195 862 per
1241 798 1349 844 eos
1399 779 1755 861 exemplum
1803 780 2021 844 datum
2070 784 2170 845 est
2215 780 2463 858 ceteriS,
2513 781 2683 863 quod

392 888 704 951 timerent.
740 886 1365 967 circumpositionem
1404 890 1618 951 autem
1667 887 1848 951 altari
1888 907 1999 952 cur
2038 907 2107 952 ex
2146 887 2238 951 eis
2276 888 2412 952 fieri
2452 888 2681 965 uoluit,

392 993 637 1058 addidit
683 993 929 1057 dicens:
981 992 1329 1075 quoniam
1397 993 1653 1057 oblata
1709 998 1885 1059 sunt
1949 998 2118 1059 ante
2186 994 2561 1060 dominum
2611 998 2685 1058 et

394 1100 886 1164 sanctificata
956 1104 1184 1170 <sunt
1232 1104 1351 1172 et>
1417 1100 1621 1164 facta
1667 1105 1841 1165 sunt
1897 1101 1967 1164 in
2018 1101 2316 1185 signum
2363 1100 2434 1164 in
2483 1101 2681 1165 filiis

391 1207 704 1273 Israhel.
769 1225 892 1270 non
959 1226 1107 1291 ergo
1172 1207 1236 1270 in
1305 1208 1397 1272 eis
1462 1208 1780 1290 reprobari
1848 1209 2074 1285 uoluit,
2144 1208 2313 1290 quod
2361 1227 2397 1271 a
2444 1209 2682 1275 talibus

391 1314 603 1378 oblata
651 1317 818 1390 sunt,
888 1313 999 1377 sed
1049 1314 1166 1377 hoc
1231 1314 1446 1396 potius
1515 1314 1782 1399 cogitari
1830 1317 1895 1379 et
1941 1314 2216 1389 adtendi,
2284 1318 2426 1379 ante
2493 1334 2681 1397 quem

392 1422 604 1485 oblata
651 1420 778 1484 sint
824 1457 911 1467 —·
957 1420 1024 1483 id
1092 1424 1189 1485 est
1250 1421 1397 1503 quia
1444 1425 1590 1485 ante
1657 1420 1981 1485 dominum
2031 1458 2116 1467 -
2165 1425 2239 1486 ut
2283 1423 2430 1503 plus
2476 1422 2539 1486 in
2591 1423 2681 1486 eis

389 1529 635 1592 ualeret
681 1546 905 1591 nornen
955 1527 1195 1592 domini
1243 1531 1387 1592 ante
1429 1547 1619 1609 quem
1660 1529 1870 1593 oblata
1909 1532 2059 1593 sunt
2098 1549 2286 1611 quam
2323 1528 2679 1611 pessimum

391 1634 688 1699 meritum
746 1652 961 1699 eorum
1009 1654 1046 1697 a
1094 1634 1326 1716 quibus
1395 1635 1610 1698 oblata
1654 1639 1823 1699 sunt.
1871 1636 1990 1700 hoc
2058 1638 2271 1698 autem
2333 1636 2458 1698 iam
2509 1638 2573 1698 et
2615 1634 2680 1697 in

389 1740 600 1806 Exodo
667 1745 1269 1806 commemorauerat
1331 1741 1663 1824 scriptura,
1733 1742 1979 1824 quando
2047 1743 2242 1806 altare
2308 1741 2683 1805 fabricatum

391 1846 561 1914 dicit.
611 1848 777 1911 unde
825 1848 1220 1931 intellegitur
1266 1867 1496 1931 genera
1540 1868 1749 1913 rerum
1799 1854 2123 1933 gestarum
2165 1848 2505 1913 distributa
2543 1867 2682 1912 esse

390 1973 500 2036 per
543 1955 763 2031 libros,
820 1975 941 2020 non
1009 1958 1365 2038 temporum
1433 1956 1584 2020 ordo
1653 1959 2003 2021 contextus,
2073 1976 2217 2019 nam
2267 1959 2331 2019 et
2378 1953 2452 2017 de
2501 1954 2685 2037 uirga

389 2061 616 2136 Aaron,
684 2060 997 2142 quomodo
1062 2081 1161 2125 res
1231 2066 1413 2146 gesta
1478 2063 1582 2140 sit,
1651 2066 1724 2127 ut
1791 2068 1855 2126 et
1902 2063 2127 2127 florens
2196 2065 2260 2125 et
2324 2059 2683 2144 germinans

391 2168 763 2233 electionem
840 2168 1173 2232 sacerdotii
1243 2169 1378 2232 eius
1446 2168 1757 2233 diuinitus
1825 2169 2146 2249 indicaret,
2207 2168 2270 2231 in
2336 2168 2454 2232 hoc
2520 2167 2681 2232 libro

392 2273 703 2355 scriptura
764 2275 1064 2338 narrauit.
1114 2279 1179 2339 et
1223 2278 1434 2340 tamen
1498 2275 1574 2340 de
1621 2276 1760 2358 ipsa
1807 2277 1989 2360 uirga
2033 2276 2095 2339 in
2143 2274 2357 2339 Exodo
2425 2273 2674 2350 dicitur,

392 2384 465 2443 ut
510 2380 571 2444 in
623 2381 859 2444 sanctis
900 2384 1259 2446 sanctorum
1300 2401 1443 2446 cum
1484 2401 1710 2446 manna
1747 2383 1811 2445 in
1852 2401 1996 2447 arca
2031 2383 2390 2464 poneretur,
2432 2379 2680 2462 quando

392 2486 774 2571 praecipitur
820 2487 893 2551 de
941 2487 1347 2554 tabernaculo
1392 2488 1784 2554 fabricando:
1836 2490 2005 2571 quod
2051 2490 2274 2572 utique
2310 2488 2498 2572 longe
2539 2488 2682 2550 ante

390 2598 794 2678 praeceptum
845 2597 961 2670 est,
1010 2613 1196 2676 quam
1247 2594 1457 2677 ipsum
1504 2595 1984 2659 tabernaculum
2034 2594 2413 2658 fabricatum
2449 2593 2683 2676 perfec-

392 2704 654 2784 tumque
704 2701 1094 2766 consisteret.
1165 2701 1346 2765 stetit
1393 2703 1606 2765 autem
1652 2701 1855 2783 primo
1923 2719 2141 2765 mense
2190 2700 2457 2764 secundi
2516 2698 2680 2776 anni,

393 2827 462 2872 ex
503 2827 624 2889 quo
667 2808 742 2872 de
783 2809 1071 2891 Aegypto
1112 2807 1353 2891 egressi
1393 2810 1563 2885 sunt,
1605 2811 1669 2872 et
1704 2808 1866 2872 liber
1902 2807 2024 2873 iste
2061 2808 2287 2890 incipit
2325 2827 2361 2871 a
2408 2806 2681 2871 secundo

392 2933 610 2979 mense
658 2914 942 2979 eiusdem
991 2915 1137 2978 anni
1183 2914 1444 2978 secundi
1492 2914 1697 2996 primo
1747 2914 1846 2980 die
1893 2915 2163 2979 mensis:
2229 2914 2394 2978 unde
2443 2913 2682 2977 clamm

393 3025 492 3086 est
519 3022 664 3098 ista,
696 3022 748 3085 si
775 3021 1084 3086 librorum
1116 3021 1396 3086 ordinem
1429 3021 1920 3099 consideremuS,
1943 3041 2055 3104 per
2075 3020 2681 3103 recapitulationem,

391 3127 454 3191 id
503 3131 603 3192 est
648 3127 1130 3210 praeteritorum
1177 3126 1676 3192 recordationem
1718 3127 2216 3202 commemorari,
2258 3145 2418 3209 quae
2458 3131 2685 3208 putant

393 3234 500 3315 qui
547 3233 756 3298 minus
822 3233 1547 3319 diligenterintendunt
1611 3233 1835 3297 eodem
1882 3232 2051 3297 facta
2097 3231 2312 3298 ordine
2379 3251 2502 3314 quo
2551 3252 2685 3295 nar-

391 3344 629 3405 rantur.

479 3448 713 3512 XXXI.
779 3449 870 3513 Et
918 3449 1025 3512 ait
1074 3448 1418 3511 dominus
1469 3447 1557 3511 ad
1602 3447 1841 3511 Aaron
1911 3446 2201 3511 dicens:
2268 3447 2349 3508 tu
2397 3448 2469 3510 et
2524 3443 2683 3508 filii

393 3555 508 3618 tui
586 3558 657 3619 et
731 3554 991 3619 domus
1066 3554 1307 3636 patris
1384 3555 1496 3618 tui
1571 3557 1824 3618 tecum
1897 3553 2299 3635 accipietis
2366 3555 2684 3634 peccata

397 3664 856 3734 sanctorum3
908 3665 980 3725 et
1028 3664 1104 3724 tu
1157 3664 1230 3725 et
1276 3660 1430 3725 filii
1478 3661 1593 3725 tui
1641 3660 2049 3742 accipietis
2098 3662 2410 3740 peccata
2449 3677 2681 3722 sacer·

394 3768 584 3832 dotii
649 3768 914 3835 uestri.
963 3768 1114 3831 haec
1184 3770 1333 3831 sunt
1380 3771 1641 3851 peccata
1689 3787 1848 3850 quae
1916 3767 2312 3849 appellantur
2376 3764 2684 3829 sacrificia

576 3991 650 4054 11,
697 3991 764 4044 cf.
802 3990 895 4043 Ex.
936 3990 1022 4052 27,
1063 3992 1095 4043 2
1244 3992 1309 4046 13
1360 3990 1425 4045 cf.
1465 3991 1626 4045 Num.
1670 3992 1752 4055 17,
1793 3992 1825 4046 8
1974 3991 2040 4045 113
2093 3991 2159 4045 cf.
2199 3991 2291 4045 Ex.
2334 3990 2419 4057 26,
2459 3990 2546 4043 33.
2588 3991 2680 4052 34;

392 4081 478 4144 40,
520 4080 601 4134 18.
641 4081 706 4133 21
822 4081 886 4133 21
932 4079 998 4135 cf.
1037 4079 1130 4132 Ex.
1169 4081 1257 4144 40,
1304 4081 1370 4134 15
1479 4081 1548 4134 27
1588 4080 1749 4134 Num.
1794 4080 1876 4142 18,
1919 4081 1944 4132 1

463 4226 495 4278 2
535 4223 698 4294 quod]
738 4241 845 4293 quo
881 4221 1139 4277 P¹SVbd
1208 4225 1243 4277 4
1281 4223 1466 4277 ablata
1501 4222 1568 4277 N
1634 4226 1665 4276 5
1707 4226 1835 4277 sunt
1874 4227 1929 4276 et
1976 4220 2176 4275 addidi
2212 4237 2276 4274 ex
2310 4218 2684 4288 superioribus

391 4315 447 4367 in
475 4314 580 4382 fin.
620 4331 724 4367 om.
761 4312 1052 4368 PSVde
1135 4315 1165 4366 7
1206 4312 1390 4367 ablata
1433 4313 1479 4366 C
1558 4313 1589 4366 8
1630 4316 1756 4365 sunt
1793 4313 1843 4365 T
1922 4312 1984 4364 17
2018 4327 2109 4379 pr.
2150 4310 2205 4362 in
2244 4325 2347 4364 om.
2378 4308 2424 4362 G
2494 4307 2563 4362 20
2601 4323 2681 4360 se·

393 4403 565 4457 cundo
611 4402 658 4456 C
764 4403 835 4456 24
869 4401 1073 4456 butant
1115 4401 1163 4456 Ο

2476 4503 2575 4557 22*
