3076 4976
496 453 623 515 592
1200 448 1251 501 S.
1310 446 1584 501 Aureli
1640 445 2087 515 Augustini

497 644 930 708 aeternitatem
963 643 1245 727 positum
1280 647 1396 707 est.
1430 643 1499 706 ei
1531 646 1793 706 autem
1823 639 2467 705 innumerabiles
2500 639 2792 703 stillae

494 752 862 832 pluuiae:
940 750 1060 814 hoc
1135 750 1321 825 enim,
1399 749 1572 832 quod
1636 748 1924 813 homines
1988 747 2454 829 praedicatores
2520 746 2795 827 inpleuit

494 856 917 940 euangelium,
949 855 1335 919 numerabile
1377 859 1476 918 est
1512 874 1717 937 usque
1766 854 1828 917 in
1879 853 2488 918 consummationem
2530 851 2793 925 saeculi,

495 964 693 1027 donec
748 963 1068 1026 auferatur
1123 962 1388 1027 scientia
1444 981 1607 1044 quae
1665 981 1735 1025 ex
1791 967 1969 1044 parte
2027 965 2146 1037 est,
2215 963 2277 1024 et
2342 960 2559 1023 ueniat
2622 958 2795 1041 quod

492 1070 845 1151 perfectum
903 1072 1021 1144 est,
1069 1069 1283 1133 facie
1333 1069 1420 1134 ad
1468 1069 1779 1133 faciem.
1832 1066 2310 1132 effundetur
2357 1066 2608 1130 imber
2654 1084 2794 1147 per
2854 1087 2879 1125 s

497 1177 834 1240 semitas
866 1195 1091 1241 suas:
1124 1195 1242 1240 non
1285 1177 1450 1240 enim
1489 1176 1632 1240 uiae
1671 1177 1983 1239 malorum
2024 1175 2275 1256 capient
2313 1193 2480 1238 eum.
2519 1173 2795 1236 fluent

495 1282 746 1347 nubes
815 1286 892 1347 et
955 1283 1540 1347 tenebrascent
1605 1302 1846 1363 super
1910 1282 2274 1345 homines
2349 1279 2789 1362 plurimos:

495 1389 644 1470 quia
699 1390 820 1453 etsi
878 1391 1245 1454 obuelatum
1305 1395 1404 1453 est·
1460 1389 1886 1472 euangelium,
1943 1388 2006 1450 in
2063 1388 2162 1451 his
2222 1387 2329 1468 qui
2379 1389 2647 1468 pereunt
2693 1389 2791 1449 est

496 1497 884 1560 obuelatum.
960 1497 1228 1561 horam
1325 1496 1777 1560 constituit
1858 1494 2251 1558 iumentis
2350 1498 2426 1557 et
2510 1494 2791 1557 sciunt

497 1603 803 1668 cubilis
854 1603 1244 1667 ordinem:
1296 1604 1593 1685 quoniam
1642 1603 1981 1686 agnouit
2029 1602 2168 1665 bos
2218 1619 2785 1684 possessorem
2827 1622 2873 1657 ιο

497 1729 722 1773 suum
761 1716 837 1773 et
867 1710 1141 1774 asinus
1182 1729 1569 1792 praesepe
1612 1709 1910 1773 domini
1950 1709 2096 1772 sui.
2137 1709 2215 1771 in
2255 1708 2379 1771 his
2419 1707 2784 1771 omnibus

496 1834 642 1879 non
705 1816 1233 1899 obstupescit
1288 1817 1601 1879 animus
1660 1816 1867 1879 eius:
1929 1815 2259 1878 initium
2321 1813 2785 1896 sapientiae

500 1922 745 1987 timor
793 1922 1114 1987 domini.
1166 1941 1304 1985 nec
1353 1926 1720 1986 mutatur
1768 1925 2170 1986 cortuum
2220 1940 2253 1984 a
2303 1939 2672 2002 corpore:
2713 1925 2788 1983 ut

495 2030 815 2092 eleuatum
864 2049 900 2092 a
946 2032 1111 2092 terra
1156 2048 1411 2092 sursum
1457 2029 1765 2092 habeatur
1820 2028 1897 2091 ad
1953 2028 2298 2093 dominum.
2358 2026 2426 2090 si
2483 2027 2786 2109 cogita·

495 2134 715 2198 uerit
789 2135 1219 2199 extendere
1296 2136 1703 2199 nebulam:
1781 2139 1853 2199 ut
1936 2135 2069 2216 qui
2154 2133 2473 2210 uident,
2560 2132 2784 2196 caeci
2825 2151 2870 2190 ιε

495 2241 722 2304 fiant.
802 2261 1053 2323 aeque
1129 2246 1216 2304 ut
1287 2241 1907 2305 tabernaculum
1985 2240 2371 2323 expandit
2444 2259 2645 2304 eam:
2720 2239 2783 2302 in

494 2367 675 2412 carne
732 2348 964 2430 quippe
1023 2348 1273 2412 mortali
1321 2353 1645 2430 tamquam
1695 2348 2099 2413 tabernaculo
2150 2347 2440 2412 babitans
2486 2367 2600 2430 per
2647 2365 2785 2410 eam

498 2473 618 2520 non
686 2459 785 2519 est
849 2456 1102 2539 agnitus
1169 2474 1205 2520 a
1267 2455 1804 2538 persecutoribus,
1872 2456 2022 2520 dum
2090 2456 2179 2521 eis
2248 2456 2443 2520 cessit
2508 2457 2573 2520 et
2646 2474 2783 2519 eam

498 2562 776 2626 extendit
841 2566 1029 2644 atque
1098 2563 1391 2645 expandit
1454 2563 1516 2625 in
1585 2581 1789 2627 cruce.
1858 2582 2039 2627 ecce
2107 2563 2471 2627 effundit
2545 2582 2787 2644 super

500 2669 762 2731 omnia
816 2669 1076 2732 lucem
1137 2689 1386 2733 suam:
1445 2688 1636 2750 quam
1693 2669 2124 2745 absconderat,
2184 2690 2327 2734 cum
2385 2671 2658 2733 caecitas
2716 2689 2782 2733 ex
2819 2682 2867 2721 ω

497 2779 673 2856 parte
711 2775 951 2838 Israhel
988 2774 1185 2851 fieret,
1234 2776 1501 2839 effundit
1550 2794 1738 2857 super
1786 2797 2003 2841 omnes
2052 2782 2294 2861 gentes.
2345 2781 2422 2841 et
2467 2777 2785 2840 radices

500 2881 741 2944 maris
810 2882 1210 2945 contexit:
1279 2882 1695 2965 cupiditatem
1752 2885 1988 2947 saeculi
2043 2884 2385 2968 redarguit.
2443 2903 2563 2948 non
2624 2882 2786 2947 enim

500 2986 577 3050 ad
635 2987 1142 3052 abscondendum
1190 2990 1297 3053 lux
1344 2990 1651 3073 contegit,
1700 2990 1812 3054 sed
1860 2991 1939 3054 ad
1983 2991 2537 3055 manifestandum.
2586 2991 2649 3055 in
2698 2990 2787 3054 eis

502 3094 668 3157 enim
733 3094 1045 3159 iudicauit
1107 3097 1376 3178 populos
1444 3097 1833 3161 ostendendo
1901 3097 2030 3162 illis
2086 3103 2350 3179 peccata
2406 3118 2622 3161 eorum
2682 3115 2789 3179 per

683 3337 706 3389 1
750 3337 845 3390 Iob
886 3339 972 3404 36,
1011 3339 1078 3391 27
1190 3340 1224 3392 4
1263 3339 1329 3392 cf.
1369 3339 1396 3391 I
1435 3338 1554 3395 Cor.
1598 3341 1681 3402 13,
1724 3341 1790 3393 12
1900 3341 1931 3393 5
1968 3339 2067 3393 Iob
2106 3342 2191 3401 36,
2231 3341 2298 3393 27
2393 3343 2425 3395 6
2464 3340 2561 3394 Iob
2601 3341 2687 3401 36,
2722 3340 2787 3393 28

500 3427 531 3479 9
571 3426 668 3478 Iob
708 3427 794 3488 36,
834 3426 903 3479 28
1015 3428 1082 3480 10
1119 3427 1211 3480 Es.
1256 3427 1302 3491 1,
1342 3428 1374 3481 3
1486 3431 1546 3481 11
1591 3428 1688 3481 Iob
1729 3431 1814 3491 36,
1854 3430 1922 3481 28
2038 3430 2101 3482 12
2140 3429 2225 3481 Ps.
2270 3430 2388 3491 110,
2433 3431 2496 3482 10
2602 3428 2786 3483 1310b

501 3516 588 3575 36,
629 3516 698 3567 28
814 3518 877 3567 14
914 3515 1012 3569 Iob
1052 3518 1135 3577 36,
1177 3518 1245 3570 29
1379 3520 1442 3572 15
1482 3518 1549 3571 cf.
1589 3518 1703 3571 Iob.
1744 3520 1794 3578 9.
1834 3519 1901 3572 39
2035 3521 2098 3571 16
2138 3518 2233 3571 Iob
2274 3519 2359 3581 36,
2399 3519 2467 3572 29
2593 3520 2657 3572 19
2694 3517 2786 3571 Iob

501 3604 586 3666 36,
627 3604 695 3657 30
804 3605 873 3657 20
912 3604 977 3657 cf.
1016 3605 1168 3658 Rom.
1215 3607 1297 3673 11,
1337 3608 1404 3661 25
1516 3608 1581 3660 21
1622 3607 1720 3660 Iob
1760 3608 1846 3669 36,
1887 3607 1955 3660 30

577 3727 600 3779 1
645 3728 716 3796 ei]
759 3731 816 3780 et
860 3728 1045 3782 TPC'b
1084 3745 1184 3782 om.
1225 3729 1270 3783 S
1484 3734 1664 3783 autem
1704 3747 1806 3784 om.
1845 3729 1893 3783 S
2101 3730 2461 3784 numerabiles
2517 3730 2794 3783 TPdHier

503 3816 659 3869 stelle
707 3816 891 3869 TCPb
1037 3817 1069 3869 2
1109 3821 1163 3870 et
1199 3818 1416 3886 pluuiae
1462 3818 1614 3873 TPC
1755 3820 1787 3871 5
1825 3820 1940 3887 per]
1990 3819 2041 3870 in
2084 3818 2129 3872 S
2270 3820 2299 3871 7
2340 3819 2719 3873 tenebrescent
2752 3817 2794 3871 S

501 3904 762 3973 plurimus
802 3904 849 3958 S
970 3906 1002 3959 8
1042 3908 1768 3974 euangelium—obuelaturn
1809 3925 1909 3961 om.
1956 3908 2002 3961 C
2123 3909 2155 3961 9
2195 3925 2287 3961 ora
2325 3908 2371 3961 S
2492 3910 2558 3961 10
2598 3925 2790 3977 coguo-

504 3994 585 4046 uit
623 3992 697 4047 bd
877 3996 944 4048 12
984 3996 1312 4049 obstabiscit
1349 3996 1396 4049 S
1429 3997 1693 4066 torpescit
1731 3996 1871 4050 Hier
2016 3998 2151 4066 eius]
2193 4005 2321 4050 tuus
2361 3997 2407 4051 S
2547 3998 2707 4050 initio
2749 3995 2795 4049 T

506 4083 571 4136 13
609 4086 789 4135 mutat
831 4083 876 4135 C
1017 4086 1101 4152 ut]
1145 4089 1200 4137 et
1244 4084 1289 4137 C
1460 4086 1524 4138 16
1564 4086 1755 4154 aeque]
1799 4094 1855 4138 et
1894 4102 2029 4155 quae
2068 4087 2122 4139 P
2265 4091 2327 4138 ut
2362 4085 2788 4153 tabernaculum]

504 4188 600 4240 per
634 4171 1044 4225 tabernaculum
1083 4173 1158 4226 bd
1201 4173 1268 4225 ad
1314 4172 1724 4227 tabernaculum
1766 4174 1908 4227 Hier
2055 4175 2120 4228 18
2168 4192 2230 4228 ea
2266 4175 2322 4227 P
2466 4177 2531 4229 19
2571 4174 2790 4229 estundit

503 4260 723 4328 scr-ipsi:
761 4259 943 4313 fundit
988 4261 1214 4314 TPde
1249 4261 1505 4314 diffundit
1542 4262 1732 4316 SHier
1875 4264 1939 4316 21
1985 4264 2039 4315 in
2078 4263 2246 4318 Israel
2285 4265 2359 4318 bd
2500 4264 2571 4317 23
2610 4263 2679 4316 ad
2706 4278 2788 4331 pr.

504 4365 604 4401 om.
643 4348 688 4401 C
792 4351 861 4402 24
898 4350 1031 4418 illis]
1073 4351 1161 4403 uel
1206 4350 1252 4403 C
