3076 4976
685 490 1164 557 Quaestionum
1201 490 1309 544 lib.
1349 491 1461 545 1111
1503 490 1794 557 (Quaest.
1834 491 1908 545 de
1946 491 2297 555 Numer-is).
2513 496 2635 559 361

342 686 670 761 ‹lictionis3
719 685 783 749 id
835 689 933 750 est
980 686 1128 769 quia
1175 686 1629 751 dubitauerunt
1677 687 1753 751 de
1803 686 1963 751 dono
2015 688 2174 765 eius,
2218 688 2388 770 quod
2424 696 2645 771 posset

343 814 504 876 aqua
551 793 628 857 de
687 796 865 875 petra
918 794 1250 874 profluere,
1310 795 1481 857 sicut
1537 793 1946 875 exposuimus
2001 793 2063 857 in
2124 813 2194 858 eo
2253 795 2391 876 ipso
2452 795 2643 879 scrip-

341 906 518 965 turae
563 901 726 965 loco.
806 900 996 964 huius
1048 903 1262 963 autem
1319 900 1408 964 rei
1466 900 1839 981 mysterium
1901 901 2087 964 datur
2140 901 2446 985 intellegi,
2496 904 2647 984 quia

342 1028 456 1073 nec
513 1007 940 1071 sacerdotium
998 1007 1167 1087 quod
1224 1006 1401 1088 prius
1460 1006 1830 1070 institutum
1891 1011 2007 1083 est,
2067 1007 2251 1071 cuius
2308 1027 2643 1091 personam

276 1136 301 1174 ε.
345 1116 602 1200 gerebat
646 1114 877 1187 Aaron,
926 1131 1041 1176 nec
1097 1112 1239 1195 ipsa
1291 1113 1389 1176 lex
1448 1113 1631 1178 cuius
1689 1132 2019 1194 personam
2082 1114 2340 1198 gerebat
2384 1115 2644 1199 Moyses

249 1674 301 1714 10

248 2208 299 2247 15

243 2744 300 2783 20

240 3277 296 3317 25

236 3812 293 3851 30

341 1221 749 1286 introducunt
804 1220 1115 1302 populum
1174 1218 1274 1283 dei
1330 1220 1392 1282 in
1452 1224 1683 1284 terram
1738 1219 2111 1284 hereditatis
2171 1223 2481 1299 aeternae,
2532 1223 2644 1286 sed

340 1330 540 1402 IesuS,
598 1328 660 1391 in
719 1346 842 1409 quo
900 1329 1094 1410 typus
1156 1330 1288 1391 erat
1345 1327 1581 1392 domini
1639 1328 1786 1391 Iesu
1848 1327 2105 1405 Christi,
2165 1327 2227 1391 id
2286 1332 2385 1392 est
2438 1328 2645 1412 gratia

338 1455 451 1518 per
494 1435 707 1500 fidem.
758 1438 823 1497 et
858 1433 1064 1497 Aaron
1116 1433 1372 1515 quidem
1421 1437 1566 1498 ante
1617 1435 1957 1499 defunctus
2006 1440 2124 1509 est,
2174 1454 2362 1515 quam
2400 1436 2642 1499 Israhel

338 1543 401 1606 in
450 1541 726 1623 aliquam
774 1544 1021 1623 partem
1067 1543 1269 1604 terrae
1319 1540 1762 1623 promissionis
1811 1541 2102 1611 intraret:
2152 1542 2375 1624 Moyse
2424 1543 2638 1607 autem

339 1648 543 1713 adhuc
591 1647 852 1711 uiuente
901 1651 1086 1727 capta
1134 1651 1232 1709 est
1278 1651 1445 1711 terra
1490 1646 2022 1711 Amorrhaeorum
2073 1651 2261 1730 atque
2318 1666 2638 1730 possessa,

339 1755 451 1820 sed
500 1754 827 1819 Iordanem
878 1772 1021 1817 cum
1072 1753 1163 1817 eis
1211 1772 1330 1818 non
1383 1757 1480 1817 est
1527 1754 1795 1817 transire
1852 1754 2222 1837 permissus.
2300 1774 2370 1818 ex
2426 1755 2640 1838 aliqua

340 1861 506 1925 enim
552 1863 732 1943 parte
788 1861 886 1923 lex
945 1858 1321 1923 obseruatur
1376 1860 1436 1923 in
1496 1860 1617 1923 fide
1676 1860 2034 1925 christiana.
2121 1860 2210 1924 ibi
2267 1864 2418 1926 sunt
2472 1861 2638 1925 enim

341 1968 531 2032 etiam
580 1972 938 2050 praecepta,
988 1985 1148 2048 quae
1197 1965 1534 2029 obseruare
1585 1964 1899 2047 hodieque
1946 1965 2244 2030 iubemur
2290 1967 2640 2031 christiani.

338 2073 763 2138 sacerdotium
840 2090 988 2136 uero
1066 2072 1224 2135 illud
1293 2075 1356 2135 et
1420 2071 1729 2136 sacrificia
1794 2073 2034 2135 nullam
2103 2076 2345 2156 partem
2420 2077 2642 2137 tenent

338 2180 523 2244 hodie
580 2179 726 2244 fidei
784 2179 1185 2257 christianae,
1244 2179 1366 2243 nisi
1426 2179 1595 2261 quod
1651 2178 1714 2242 in
1777 2179 2013 2243 umbris
2072 2179 2430 2245 futurorum
2497 2186 2639 2244 acta

336 2290 524 2368 atque
589 2290 910 2351 transacta
974 2290 1141 2351 sunt.
1207 2303 1374 2350 ‘cum
1440 2306 1592 2349 uero
1659 2286 1972 2351 ambobus
2034 2286 2357 2363 fratribuS,
2414 2286 2480 2351 id
2539 2292 2639 2352 est

334 2393 537 2458 Aaron
597 2397 661 2457 et
716 2393 947 2476 Moysi,
1009 2393 1262 2470 dicitur,
1321 2398 1396 2457 ut
1451 2393 1847 2476 adponantur
1912 2392 1988 2457 ad
2054 2394 2359 2476 populum
2427 2414 2635 2471 suum,

334 2501 741 2565 manifestum
802 2505 902 2565 est
957 2520 1078 2565 non
1142 2519 1283 2565 esse
1341 2501 1402 2564 in
1461 2501 1607 2566 illos
1666 2500 1817 2564 iram
1878 2500 1999 2576 dei,
2068 2520 2226 2582 quae
2295 2505 2543 2584 separat
2597 2520 2633 2564 a

333 2626 485 2690 pace
526 2611 781 2672 sanctae
821 2607 1148 2672 societatis
1189 2615 1500 2672 aeternae.
1550 2607 1714 2671 unde
1764 2607 2209 2672 manifestatur
2255 2627 2374 2671 non
2424 2609 2634 2672 solum

339 2713 566 2789 officia,
619 2714 731 2778 sed
779 2714 972 2777 etiam
1019 2718 1259 2778 mortes
1309 2732 1526 2778 eorum
1587 2714 1769 2797 signa
1824 2713 2024 2778 fuisse
2082 2715 2461 2792 futurorum,
2509 2733 2633 2778 non

336 2820 650 2902 supplicia
695 2818 1147 2903 indignationis
1199 2819 1320 2884 dei.

419 2926 616 2989 LIllI.
689 2926 784 2988 Et
847 2927 1156 2989 locutus
1223 2929 1343 2988 est
1408 2924 1753 2989 dominus
1824 2926 1909 2989 ad
1966 2926 2273 3008 Moysen
2340 2925 2629 2990 dicens:

332 3033 588 3116 accipe
639 3033 726 3098 ad
773 3035 847 3096 te
894 3032 1140 3115 ipsum
1193 3032 1437 3095 Iesum
1487 3032 1737 3096 filium
1789 3033 2023 3108 Naue,
2085 3033 2453 3097 hominem
2505 3033 2631 3115 qui

331 3139 557 3203 habet
604 3140 966 3222 spiritum
1015 3139 1086 3202 in
1127 3158 1203 3202 se
1242 3139 1430 3219 ipso,
1472 3143 1546 3202 et
1584 3138 1856 3221 inpone
1895 3157 2157 3203 manus
2198 3142 2366 3203 tuas
2408 3159 2633 3220 super

338 3264 529 3322 eum3
580 3249 654 3311 et
700 3249 996 3311 statues
1048 3265 1210 3310 eum
1260 3245 1328 3308 in
1380 3248 1799 3327 conspectu
1849 3245 2159 3309 Eleazar
2206 3245 2631 3310 sacerdotis

335 3356 409 3417 et
445 3352 839 3416 mandabis
882 3352 946 3416 ei
987 3353 1058 3416 in
1100 3356 1517 3435 conspectu
1561 3353 1799 3416 omnis
1836 3371 2258 3436 synagogae
2299 3354 2364 3415 et
2400 3354 2628 3420 cetera.

331 3460 680 3523 notandum
746 3463 864 3536 est,
934 3458 1103 3540 quod
1168 3477 1313 3522 cnm
1379 3458 1505 3521 iam
1573 3457 1832 3522 haberet
1886 3456 2183 3539 spiritum
2240 3458 2303 3521 in
2364 3477 2431 3522 se
2489 3458 2631 3539 ipso

332 3566 477 3630 Iesu
525 3565 726 3645 Naue,
786 3566 957 3630 sicut
1011 3565 1323 3647 scriptura
1379 3568 1654 3629 testatur
1697 3601 1785 3611 —
1833 3564 1942 3629 ubi
2002 3565 2152 3647 quid
2210 3564 2381 3628 aliud
2439 3584 2629 3646 quam

332 3671 628 3752 spiritum
697 3674 988 3735 sanctum
1055 3670 1360 3735 debemus
1428 3671 1758 3754 accipere?
1833 3690 1954 3736 non
2023 3672 2187 3735 enirn
2255 3672 2332 3736 de
2400 3673 2628 3754 spiritu

332 3777 609 3843 hominis
666 3778 787 3842 hoc
844 3777 1099 3853 diceret,
1159 3796 1345 3859 quem
1403 3778 1619 3841 nullus
1679 3781 1812 3842 erat
1868 3779 1975 3860 qui
2032 3797 2153 3843 non
2212 3779 2487 3843 habebat
2543 3815 2627 3825 —-

511 4021 544 4074 2
584 4021 649 4075 cf.
690 4025 896 4091 quaest.
936 4021 1149 4075 XVIIII
1308 4022 1338 4074 7
1379 4020 1444 4075 cf.
1484 4021 1685 4090 Ephes.
1726 4023 1774 4084 2,
1815 4023 1847 4076 8
1993 4023 2062 4076 22
2101 4023 2263 4076 Num.
2302 4023 2387 4086 27,
2431 4023 2514 4077 18.
2563 4025 2627 4078 19

404 4147 438 4200 2
476 4163 670 4216 aquam
716 4145 764 4199 G
853 4147 885 4198 4
924 4146 1175 4200 institum
1212 4146 1275 4200 N
1374 4148 1437 4200 11
1477 4145 1704 4200 iordnne
1739 4144 1805 4200 0¹
1904 4146 1969 4200 12
2009 4145 2151 4200 enim
2189 4152 2316 4199 sunt
2344 4146 2632 4201 PSVde

335 4235 401 4288 13
439 4235 924 4289 etiam—iubemur
960 4251 1062 4290 om.
1107 4235 1174 4290 0ι
1318 4235 1588 4304 hodieque
1628 4234 1916 4289 obseruare
1951 4234 2296 4289 PSNVde
2413 4235 2627 4289 christi-

332 4323 423 4377 ani
460 4322 707 4378 iubemur
742 4322 903 4378 PSN
910 4323 1088 4377 1⁷de
1215 4325 1280 4378 13
1318 4324 1444 4378 illo.
1473 4323 1519 4377 C
1660 4326 1740 4377 ira
1779 4324 1825 4378 S
1964 4328 2178 4394 seperat
2226 4323 2296 4377 V¹
2419 4326 2487 4378 :24
2523 4325 2627 4377 im-

331 4429 497 4482 pones
537 4412 575 4466 d
681 4414 749 4467 25
789 4413 1016 4467 eleazari
1057 4413 1131 4467 bd
1238 4415 1305 4466 28
1347 4414 1488 4467 iesus
1527 4412 1684 4466 PSN
1695 4413 1745 4466 V
1850 4414 1921 4468 30
1956 4412 2182 4467 haberet
2220 4413 2267 4466 S
