3076 4976
423 519 550 581 588
1133 517 1185 570 S.
1244 515 1517 569 Aureli
1574 515 2011 584 Augustini

419 710 814 774 iudicium
884 730 1326 793 pauperum
1393 710 1660 775 dabit:
1727 730 1850 793 quo
1919 710 2163 775 iudicet
2211 730 2340 788 ece,
2401 730 2435 773 a
2486 711 2714 793 quibus

418 817 746 898 patiuntur
790 817 1214 899 iniquitatem.
1267 823 1329 881 et
1375 818 1572 881 bene:
1633 836 2074 900 pauperum
2134 822 2207 881 ut
2273 817 2568 899 superius
2616 818 2716 881 in-

419 923 636 1006 pium
685 924 952 987 diuitem
1003 924 1361 1008 intellegaS,
1411 923 1476 988 id
1526 929 1626 987 est
1673 924 2038 1007 superbum.
2096 944 2245 988 nou
2308 924 2630 988 auferet
2685 945 2719 987 a

417 1030 645 1094 iusto
697 1032 982 1095 oculos
1042 1031 1256 1095 eius:
1309 1031 1497 1095 etiam
1551 1050 1696 1094 cum
1746 1051 1893 1094 eum
1943 1031 2123 1094 uelut
2170 1031 2233 1094 in
2282 1032 2531 1095 fornace
2580 1050 2718 1114 pro-

417 1138 526 1200 bat
571 1138 917 1202 tentatione
966 1138 1417 1212 tribulationie,
1466 1156 1587 1201 non
1640 1137 1695 1201 ei
1745 1138 1989 1202 auferet
2034 1139 2559 1222 intellegentiam,
2598 1157 2722 1220 qua
2781 1161 2805 1198 5

418 1244 824 1328 cognoscitur
889 1246 953 1307 et
1020 1244 1250 1307 colitur
1314 1243 1491 1307 deuS.
1562 1263 1631 1306 ex
1690 1263 1811 1326 quo
1870 1245 2029 1308 satis
2080 1245 2358 1309 ostendit
2405 1245 2720 1327 inpiorum

414 1371 683 1432 poenam
739 1370 881 1415 esse
937 1351 1140 1432 ipsam
1192 1351 1589 1424 caecitatem,
1639 1352 1831 1414 etiam
1882 1370 2026 1415 cum
2085 1352 2341 1416 uidetur
2386 1351 2477 1416 eis
2524 1352 2720 1433 parci.

418 1460 495 1521 et
554 1475 721 1520 curn
784 1455 1121 1539 regibus
1177 1455 1253 1518 in
1305 1455 1557 1519 solio:
1607 1455 1986 1520 subauditur
2039 1457 2294 1530 „sedere
2344 1476 2451 1522 eos
2501 1457 2719 1528 fecit⁴‘‚

417 1564 536 1627 hoc
594 1566 693 1626 est
746 1562 978 1634 iustos;
1039 1580 1219 1644 reges
1279 1564 1488 1625 autem
1552 1561 1708 1624 dicit
1764 1563 1868 1642 qui
1927 1581 2174 1626 carnem
2235 1581 2415 1626 suam
2469 1567 2717 1647 regunt-

419 1669 582 1734 unde
642 1675 741 1732 est
796 1668 992 1732 illud:
1063 1667 1244 1749 quis
1315 1672 1440 1730 est
1504 1687 1633 1730 rex
1703 1669 1835 1750 qui
1902 1668 2137 1732 uadit
2204 1671 2806 1733 committerem

416 1777 722 1842 bellum
782 1795 952 1840 cum
1013 1774 1175 1839 alio
1234 1795 1419 1858 rege
1470 1778 1534 1837 et
1582 1779 1809 1839 cetera.
1862 1780 1939 1839 et
1995 1776 2275 1840 sedere
2335 1796 2467 1841 eos
2518 1776 2721 1841 fecit

418 1885 490 1948 in
539 1889 1024 1965 perpetuum
1075 1886 1152 1944 et
1201 1881 1823 1946 exaltabuntur:
1874 1883 2088 1947 ethic
2131 1883 2513 1947 subauditur
2551 1883 2720 1964 quod

417 2009 609 2073 supra
684 1989 840 2052 dixit
922 2007 1123 2063 „curn
1202 1988 1540 2070 regibus
1609 1987 1685 2051 in
1763 1989 2046 2055 solio“.
2126 1989 2721 2054 exaltabuntur

417 2102 629 2162 autem
696 2095 872 2171 dixit,
935 2095 1233 2177 quoniam
1301 2094 1626 2158 humiliati
1691 2098 1861 2159 sunt.
1931 2099 2009 2159 et
2074 2097 2208 2178 qui
2275 2096 2717 2178 compediti

417 2208 605 2268 sunt
680 2201 1246 2285 compedibus:
1325 2221 1361 2264 a
1433 2221 1557 2281 quo
1637 2201 1892 2265 uinculo
1971 2202 2127 2266 dicit
2189 2205 2518 2284 apostolus
2586 2201 2711 2265 sibi
2754 2226 2802 2263 15

414 2311 651 2374 bonurn
709 2328 848 2373 esse
907 2307 1172 2372 dissolui
1233 2311 1296 2369 et
1351 2326 1491 2370 esse
1551 2326 1695 2370 curn
1756 2307 2031 2380 Christo,
2088 2309 2153 2372 id
2211 2313 2309 2372 est
2361 2307 2712 2373 retinacula

416 2416 606 2480 huius
657 2415 850 2486 uitae,
904 2415 964 2478 iu
1017 2433 1140 2497 qua
1189 2432 1483 2496 eorpus
1545 2414 1752 2496 quod
1812 2416 2364 2499 corrumpitur
2438 2415 2709 2499 adgra-

417 2527 554 2588 uat
629 2522 985 2586 animam.
1066 2521 1498 2602 capientur
1572 2521 1644 2584 in
1731 2522 2064 2585 funibus
2148 2522 2706 2605 paupertatis:

415 2630 893 2694 conuincientur
939 2627 1148 2709 longis
1197 2627 1767 2692 consuetudinibus
1807 2628 2294 2719 delectationum
2345 2615 2708 2702 carnalium,

415 2756 571 2820 quae
630 2740 779 2799 sunt
834 2734 909 2797 de
963 2753 1171 2797 rerum
1229 2733 1599 2817 indigentia,
1659 2735 1891 2816 quibus
1946 2736 2232 2799 mortalis
2281 2736 2419 2799 uita
2464 2740 2708 2799 susten·
2746 2765 2793 2799 20

415 2847 588 2908 tatur
635 2844 699 2904 et
746 2841 975 2923 agitur.
1027 2842 1103 2902 et
1149 2839 1743 2905 adnuntiantur
1789 2842 1906 2905 eis
1957 2862 2194 2924 opera
2242 2861 2548 2907 eorum:
2588 2862 2707 2907 non

413 2950 632 3030 utique
670 2948 832 3011 bona
872 2948 1008 3010 siue
1048 2946 1174 3009 ista
1209 2946 1348 3026 ipsa
1387 2948 2012 3028 concupiscentialia,
2054 2948 2129 3013 de
2168 2949 2400 3029 quibus
2450 2948 2708 3013 dicitur:

417 3056 586 3121 scio
656 3055 846 3137 quia
910 3074 1056 3117 non
1123 3053 1450 3118 habitat
1514 3054 1589 3117 in
1642 3073 1876 3120 carne
1941 3076 2111 3119 mea
2176 3056 2485 3122 bonum.
2554 3075 2711 3137 quae

417 3162 666 3228 etiamsi
717 3181 834 3225 non
884 3171 1149 3243 regnent
1192 3161 1254 3224 in
1295 3167 1508 3225 nostro
1550 3162 1803 3226 mortali
1844 3182 2099 3244 corpore
2138 3163 2215 3226 ad
2254 3162 2709 3227 oboediendum

418 3271 532 3336 eis,
598 3287 719 3331 non
784 3270 991 3331 tamen
1059 3266 1325 3342 desunt;
1396 3269 1533 3332 siue
1603 3268 1833 3350 quibus
1902 3269 1978 3332 ad
2036 3270 2189 3333 haec
2254 3271 2469 3333 uenire
2524 3270 2711 3333 homo
2748 3294 2795 3330 εὖ

418 3376 652 3440 meruit
690 3395 759 3439 ex
797 3375 1058 3439 traduce
1095 3376 1361 3456 peccati.
1414 3381 1491 3439 et
1540 3376 1870 3445 delicta,
1922 3396 2091 3440 cum
2142 3378 2456 3441 fuerint
2501 3377 2714 3441 robo-

421 3485 616 3547 rati:
682 3483 823 3565 ipsa
889 3486 1038 3547 sunt
1103 3502 1291 3564 opera
1354 3502 1513 3564 quae
1579 3502 1771 3565 supra
1827 3483 2001 3549 dixit.
2060 3502 2176 3547 non
2239 3483 2405 3546 enim
2452 3483 2714 3547 infirmis

421 3589 606 3653 facile
653 3592 926 3671 possunt
972 3590 1348 3665 adnuntiari,
1399 3589 1463 3652 id
1511 3596 1611 3653 est
1658 3590 2070 3663 manifestari,
2122 3589 2232 3653 sed
2285 3591 2387 3654 his
2437 3590 2545 3672 qui
2592 3590 2713 3654 iam

605 3835 636 3887 3
675 3834 770 3887 Iob
811 3835 896 3895 36,
940 3835 967 3886 7
1097 3835 1130 3887 5
1170 3834 1233 3887 cs.
1274 3834 1438 3887 Eccli.
1480 3834 1567 3895 27,
1609 3836 1640 3885 6
1768 3835 1799 3887 8
1838 3834 1934 3887 Iob
1974 3835 2062 3891 36.
2102 3835 2131 3886 7
2257 3834 2321 3887 10
2358 3834 2485 3888 Luc.
2530 3834 2612 3895 14,
2650 3834 2710 3886 31

429 3923 488 3974 11
532 3921 629 3974 Iob
669 3923 753 3985 36,
796 3924 824 3975 7
958 3923 1020 3975 14
1062 3923 1160 3976 Iob
1202 3923 1286 3985 36,
1325 3925 1359 3976 8
1497 3926 1561 3976 16
1601 3924 1665 3976 cf.
1706 3924 1845 3979 Phil.
1889 3925 1935 3983 1,
1977 3924 2046 3976 23
2185 3924 2248 3975 17
2290 3923 2356 3976 cf.
2397 3924 2521 3991 Sap.
2563 3923 2612 3984 9,
2655 3923 2717 3975 15

431 4012 495 4064 18
534 4010 630 4062 Iob
670 4014 756 4074 36,
796 4012 827 4064 8
939 4013 1002 4065 21
1045 4012 1140 4065 Iob
1182 4013 1267 4075 36,
1310 4014 1340 4065 9
1450 4013 1518 4065 23
1558 4014 1709 4067 Rom.
1753 4014 1799 4075 7,
1845 4013 1908 4066 18
2018 4013 2086 4065 26
2124 4012 2220 4063 Iob
2260 4012 2345 4073 36,
2385 4014 2417 4065 9

506 4154 526 4204 1
571 4169 862 4221 pauperem
900 4154 931 4206 b
969 4155 1295 4223 pauperibus
1335 4155 1373 4207 cl
1515 4155 1757 4208 iudicent
1795 4155 1869 4208 bd
1975 4156 2007 4209 3
2047 4154 2224 4207 aufert
2258 4153 2381 4206 CSb
2491 4169 2523 4205 a
2549 4169 2650 4206 om.
2681 4150 2724 4205 S

430 4243 464 4294 4
504 4242 640 4309 cius]
678 4257 802 4293 suos
842 4242 982 4295 Hier
1089 4244 1123 4295 8
1160 4244 1294 4296 facit
1328 4243 1374 4296 C
1482 4243 1549 4296 10
1589 4244 1727 4312 quis]
1770 4245 1861 4311 qui
1899 4243 1948 4294 Τ
2048 4244 2107 4295 11
2150 4244 2315 4295 faciet
2344 4240 2390 4295 S
2423 4241 2557 4294 facit
2584 4239 2721 4293 Hier

431 4331 501 4382 20
537 4329 750 4382 mortali
797 4329 843 4381 (J
912 4332 973 4383 21
1016 4332 1363 4385 annuntiabit
1399 4330 1585 4385 SHier
1665 4332 1732 4385 25
1773 4332 1910 4398 siue]
1951 4332 2066 4384 sine
2112 4331 2158 4384 C
2269 4331 2429 4383 homo
2468 4330 2653 4382 uenire
2689 4328 2719 4381 b

433 4418 501 4469 26
541 4417 752 4471 delecta
790 4418 836 4471 S
941 4421 1006 4472 27
1047 4420 1102 4471 in
1142 4420 1305 4472 firmis
1345 4421 1375 4472 b
1485 4421 1553 4471 ‘28
1592 4420 1659 4472 iis
1698 4420 1736 4471 d
