<?xml version="1.0" encoding="UTF-8"?>
<!DOCTYPE html PUBLIC "-//W3C//DTD XHTML 1.0 Transitional//EN"
    "http://www.w3.org/TR/xhtml1/DTD/xhtml1-transitional.dtd">
<html xmlns="http://www.w3.org/1999/xhtml" xml:lang="en" lang="en">
 <head>
  <title>
</title>
<meta http-equiv="Content-Type" content="text/html;charset=utf-8" />
  <meta name='ocr-system' content='tesseract 3.04.00' />
  <meta name='ocr-capabilities' content='ocr_page ocr_carea ocr_par ocr_line ocrx_word'/>
</head>
<body>
  <div class='ocr_page' id='page_1' title='image "./corpusscriptoru31wissgoog_0307.png"; bbox 0 0 3076 4976; ppageno 0'>
   <div class='ocr_carea' id='block_1_1' title="bbox 696 489 2647 559">
    <p class='ocr_par' dir='ltr' id='par_1_1' title="bbox 696 489 2647 559">
     <span class='ocr_line' id='line_1_1' title="bbox 696 489 2647 559; baseline 0.004 -18"><span class='ocrx_word' id='word_1_1' title='bbox 696 489 1181 554; x_wconf 76' lang='lat' dir='ltr'>Quaestionum</span> <span class='ocrx_word' id='word_1_2' title='bbox 1221 491 1330 544; x_wconf 89' lang='lat' dir='ltr'>lib.</span> <span class='ocrx_word' id='word_1_3' title='bbox 1373 491 1456 544; x_wconf 91' lang='lat'>111</span> <span class='ocrx_word' id='word_1_4' title='bbox 1494 490 1784 559; x_wconf 77' lang='lat' dir='ltr'>(Quaest.</span> <span class='ocrx_word' id='word_1_5' title='bbox 1828 491 1900 544; x_wconf 86' lang='lat' dir='ltr'>de</span> <span class='ocrx_word' id='word_1_6' title='bbox 1940 491 2291 557; x_wconf 81' lang='lat' dir='ltr'>Leuitico).</span> <span class='ocrx_word' id='word_1_7' title='bbox 2517 496 2647 557; x_wconf 75' lang='lat'>2723</span> 
     </span>
    </p>
   </div>
   <div class='ocr_carea' id='block_1_2' title="bbox 261 685 2654 3644">
    <p class='ocr_par' dir='ltr' id='par_1_2' title="bbox 350 685 2653 1090">
     <span class='ocr_line' id='line_1_2' title="bbox 350 685 2649 770; baseline 0 -21"><span class='ocrx_word' id='word_1_8' title='bbox 350 685 615 749; x_wconf 85' lang='lat' dir='ltr'>sionis</span> <span class='ocrx_word' id='word_1_9' title='bbox 682 687 1211 769; x_wconf 77' lang='lat' dir='ltr'>purgationis</span> <span class='ocrx_word' id='word_1_10' title='bbox 1279 706 1502 763; x_wconf 82' lang='lat' dir='ltr'>suae,</span> <span class='ocrx_word' id='word_1_11' title='bbox 1574 688 1867 770; x_wconf 87' lang='lat' dir='ltr'>quoniam</span> <span class='ocrx_word' id='word_1_12' title='bbox 1939 687 2094 751; x_wconf 85' lang='lat' dir='ltr'>dicit</span> <span class='ocrx_word' id='word_1_13' title='bbox 2161 688 2284 752; x_wconf 88' lang='lat' dir='ltr'>alio</span> <span class='ocrx_word' id='word_1_14' title='bbox 2352 689 2491 752; x_wconf 89' lang='lat' dir='ltr'>loco</span> <span class='ocrx_word' id='word_1_15' title='bbox 2559 689 2649 751; x_wconf 89' lang='lat' dir='ltr'>in-</span> 
     </span>
     <span class='ocr_line' id='line_1_3' title="bbox 354 792 2651 877; baseline 0 -22"><span class='ocrx_word' id='word_1_16' title='bbox 354 792 731 856; x_wconf 80' lang='lat' dir='ltr'>munditiam</span> <span class='ocrx_word' id='word_1_17' title='bbox 779 792 1067 869; x_wconf 79' lang='lat' dir='ltr'>feminae,</span> <span class='ocrx_word' id='word_1_18' title='bbox 1119 813 1277 875; x_wconf 89' lang='lat' dir='ltr'>quae</span> <span class='ocrx_word' id='word_1_19' title='bbox 1326 794 1671 857; x_wconf 81' lang='lat' dir='ltr'>menstruis</span> <span class='ocrx_word' id='word_1_20' title='bbox 1719 798 2045 877; x_wconf 73' lang='lat' dir='ltr'>purgatur,</span> <span class='ocrx_word' id='word_1_21' title='bbox 2108 798 2350 876; x_wconf 83' lang='lat' dir='ltr'>septem</span> <span class='ocrx_word' id='word_1_22' title='bbox 2410 794 2651 858; x_wconf 87' lang='lat' dir='ltr'>dierum</span> 
     </span>
     <span class='ocr_line' id='line_1_4' title="bbox 356 900 2653 984; baseline 0 -23"><span class='ocrx_word' id='word_1_23' title='bbox 356 917 520 972; x_wconf 85' lang='lat' dir='ltr'>esse,</span> <span class='ocrx_word' id='word_1_24' title='bbox 563 900 811 981; x_wconf 76' lang='lat' dir='ltr'>quando</span> <span class='ocrx_word' id='word_1_25' title='bbox 855 919 1036 964; x_wconf 87' lang='lat' dir='ltr'>omne</span> <span class='ocrx_word' id='word_1_26' title='bbox 1079 921 1269 984; x_wconf 85' lang='lat' dir='ltr'>super</span> <span class='ocrx_word' id='word_1_27' title='bbox 1299 900 1468 982; x_wconf 87' lang='lat' dir='ltr'>quod</span> <span class='ocrx_word' id='word_1_28' title='bbox 1499 901 1734 981; x_wconf 74' lang='lat' dir='ltr'>sederit</span> <span class='ocrx_word' id='word_1_29' title='bbox 1760 901 2134 965; x_wconf 89' lang='lat' dir='ltr'>inmundum</span> <span class='ocrx_word' id='word_1_30' title='bbox 2167 902 2302 965; x_wconf 85' lang='lat' dir='ltr'>erit.</span> <span class='ocrx_word' id='word_1_31' title='bbox 2360 919 2653 976; x_wconf 79' lang='lat' dir='ltr'>„seces-</span> 
     </span>
     <span class='ocr_line' id='line_1_5' title="bbox 358 1007 2653 1090; baseline 0.001 -22"><span class='ocrx_word' id='word_1_32' title='bbox 358 1007 653 1070; x_wconf 81' lang='lat' dir='ltr'>sionis“</span> <span class='ocrx_word' id='word_1_33' title='bbox 701 1009 916 1070; x_wconf 87' lang='lat' dir='ltr'>autem</span> <span class='ocrx_word' id='word_1_34' title='bbox 957 1007 1130 1084; x_wconf 71' lang='lat' dir='ltr'>dicit,</span> <span class='ocrx_word' id='word_1_35' title='bbox 1166 1008 1459 1089; x_wconf 89' lang='lat' dir='ltr'>quoniam</span> <span class='ocrx_word' id='word_1_36' title='bbox 1501 1008 1836 1071; x_wconf 85' lang='lat' dir='ltr'>secedebat</span> <span class='ocrx_word' id='word_1_37' title='bbox 1874 1008 2287 1090; x_wconf 69' lang='lat' dir='ltr'>aliquantum,</span> <span class='ocrx_word' id='word_1_38' title='bbox 2328 1028 2405 1071; x_wconf 91' lang='lat' dir='ltr'>ne</span> <span class='ocrx_word' id='word_1_39' title='bbox 2443 1008 2653 1071; x_wconf 87' lang='lat' dir='ltr'>omnia</span> 
     </span>
    </p>

    <p class='ocr_par' dir='ltr' id='par_1_3' title="bbox 261 1111 2654 3644">
     <span class='ocr_line' id='line_1_6' title="bbox 288 1111 2654 1197; baseline 0 -21"><span class='ocrx_word' id='word_1_40' title='bbox 288 1137 316 1176; x_wconf 73' lang='lat'>5</span> <span class='ocrx_word' id='word_1_41' title='bbox 357 1111 817 1193; x_wconf 70' lang='lat' dir='ltr'>coinquinaret,</span> <span class='ocrx_word' id='word_1_42' title='bbox 869 1131 1012 1176; x_wconf 79' lang='lat' dir='ltr'>cun]</span> <span class='ocrx_word' id='word_1_43' title='bbox 1064 1117 1394 1197; x_wconf 76' lang='lat' dir='ltr'>perageret</span> <span class='ocrx_word' id='word_1_44' title='bbox 1441 1113 1589 1177; x_wconf 89' lang='lat' dir='ltr'>illos</span> <span class='ocrx_word' id='word_1_45' title='bbox 1639 1113 1796 1177; x_wconf 88' lang='lat' dir='ltr'>dies.</span> <span class='ocrx_word' id='word_1_46' title='bbox 1872 1113 1989 1177; x_wconf 85' lang='lat' dir='ltr'>hos</span> <span class='ocrx_word' id='word_1_47' title='bbox 2048 1114 2181 1177; x_wconf 88' lang='lat' dir='ltr'>dies</span> <span class='ocrx_word' id='word_1_48' title='bbox 2237 1114 2654 1177; x_wconf 84' lang='lat' dir='ltr'>inmunditiae</span> 
     </span>
     <span class='ocr_line' id='line_1_7' title="bbox 356 1218 2650 1301; baseline 0 -20"><span class='ocrx_word' id='word_1_49' title='bbox 356 1218 522 1292; x_wconf 76' lang='lat' dir='ltr'>eiuS,</span> <span class='ocrx_word' id='word_1_50' title='bbox 594 1218 646 1281; x_wconf 78' lang='lat' dir='ltr'>si</span> <span class='ocrx_word' id='word_1_51' title='bbox 714 1218 1012 1282; x_wconf 87' lang='lat' dir='ltr'>feminam</span> <span class='ocrx_word' id='word_1_52' title='bbox 1080 1223 1352 1299; x_wconf 81' lang='lat' dir='ltr'>pareret,</span> <span class='ocrx_word' id='word_1_53' title='bbox 1429 1219 1524 1283; x_wconf 80' lang='lat' dir='ltr'>lex</span> <span class='ocrx_word' id='word_1_54' title='bbox 1593 1218 1957 1300; x_wconf 78' lang='lat' dir='ltr'>duplicabat</span> <span class='ocrx_word' id='word_1_55' title='bbox 2022 1222 2084 1282; x_wconf 87' lang='lat' dir='ltr'>et</span> <span class='ocrx_word' id='word_1_56' title='bbox 2149 1219 2650 1301; x_wconf 73' lang='lat' dir='ltr'>quattuordecim</span> 
     </span>
     <span class='ocr_line' id='line_1_8' title="bbox 354 1324 2648 1409; baseline 0 -21"><span class='ocrx_word' id='word_1_57' title='bbox 354 1324 660 1397; x_wconf 76' lang='lat' dir='ltr'>faciebat:</span> <span class='ocrx_word' id='word_1_58' title='bbox 719 1324 997 1407; x_wconf 89' lang='lat' dir='ltr'>reliquos</span> <span class='ocrx_word' id='word_1_59' title='bbox 1057 1331 1272 1389; x_wconf 84' lang='lat' dir='ltr'>autem</span> <span class='ocrx_word' id='word_1_60' title='bbox 1331 1326 1562 1406; x_wconf 87' lang='lat' dir='ltr'>quibus</span> <span class='ocrx_word' id='word_1_61' title='bbox 1622 1325 1883 1389; x_wconf 85' lang='lat' dir='ltr'>sedebat</span> <span class='ocrx_word' id='word_1_62' title='bbox 1935 1326 1994 1389; x_wconf 90' lang='lat' dir='ltr'>in</span> <span class='ocrx_word' id='word_1_63' title='bbox 2054 1327 2358 1409; x_wconf 88' lang='lat' dir='ltr'>sanguine</span> <span class='ocrx_word' id='word_1_64' title='bbox 2416 1326 2648 1390; x_wconf 90' lang='lat' dir='ltr'>mundo</span> 
     </span>
     <span class='ocr_line' id='line_1_9' title="bbox 357 1431 2651 1516; baseline 0.001 -21"><span class='ocrx_word' id='word_1_65' title='bbox 357 1450 493 1502; x_wconf 79' lang='lat' dir='ltr'>suo,</span> <span class='ocrx_word' id='word_1_66' title='bbox 544 1431 732 1495; x_wconf 88' lang='lat' dir='ltr'>etiam</span> <span class='ocrx_word' id='word_1_67' title='bbox 784 1432 956 1513; x_wconf 81' lang='lat' dir='ltr'>ipsos</span> <span class='ocrx_word' id='word_1_68' title='bbox 1008 1431 1294 1515; x_wconf 86' lang='lat' dir='ltr'>duplices</span> <span class='ocrx_word' id='word_1_69' title='bbox 1344 1432 1619 1496; x_wconf 87' lang='lat' dir='ltr'>iusserat</span> <span class='ocrx_word' id='word_1_70' title='bbox 1666 1433 2016 1508; x_wconf 83' lang='lat' dir='ltr'>obseruari,</span> <span class='ocrx_word' id='word_1_71' title='bbox 2066 1433 2127 1496; x_wconf 92' lang='lat' dir='ltr'>id</span> <span class='ocrx_word' id='word_1_72' title='bbox 2177 1437 2273 1496; x_wconf 79' lang='lat' dir='ltr'>est</span> <span class='ocrx_word' id='word_1_73' title='bbox 2331 1434 2651 1516; x_wconf 74' lang='lat' dir='ltr'>sexaginta</span> 
     </span>
     <span class='ocr_line' id='line_1_10' title="bbox 359 1538 2652 1622; baseline 0.001 -22"><span class='ocrx_word' id='word_1_74' title='bbox 359 1557 483 1611; x_wconf 77' lang='lat' dir='ltr'>sex,</span> <span class='ocrx_word' id='word_1_75' title='bbox 525 1541 597 1601; x_wconf 88' lang='lat' dir='ltr'>ut</span> <span class='ocrx_word' id='word_1_76' title='bbox 637 1557 852 1601; x_wconf 87' lang='lat' dir='ltr'>omnes</span> <span class='ocrx_word' id='word_1_77' title='bbox 904 1541 1119 1601; x_wconf 88' lang='lat' dir='ltr'>essent</span> <span class='ocrx_word' id='word_1_78' title='bbox 1165 1538 1226 1600; x_wconf 90' lang='lat' dir='ltr'>iu</span> <span class='ocrx_word' id='word_1_79' title='bbox 1272 1542 1459 1619; x_wconf 89' lang='lat' dir='ltr'>partu</span> <span class='ocrx_word' id='word_1_80' title='bbox 1497 1539 1765 1602; x_wconf 90' lang='lat' dir='ltr'>masculi</span> <span class='ocrx_word' id='word_1_81' title='bbox 1806 1539 2242 1622; x_wconf 71' lang='lat' dir='ltr'>quadraginta,</span> <span class='ocrx_word' id='word_1_82' title='bbox 2283 1539 2343 1602; x_wconf 92' lang='lat' dir='ltr'>in</span> <span class='ocrx_word' id='word_1_83' title='bbox 2382 1539 2652 1604; x_wconf 83' lang='lat' dir='ltr'>feminae</span> 
     </span>
     <span class='ocr_line' id='line_1_11' title="bbox 268 1643 2651 1727; baseline -0.001 -17"><span class='ocrx_word' id='word_1_84' title='bbox 268 1671 319 1710; x_wconf 83' lang='grc' dir='ltr'>ιο</span> <span class='ocrx_word' id='word_1_85' title='bbox 358 1644 699 1727; x_wconf 81' lang='lat' dir='ltr'>octoginta.</span> <span class='ocrx_word' id='word_1_86' title='bbox 779 1643 975 1724; x_wconf 83' lang='lat' dir='ltr'>aliqui</span> <span class='ocrx_word' id='word_1_87' title='bbox 1024 1648 1235 1707; x_wconf 89' lang='lat' dir='ltr'>autem</span> <span class='ocrx_word' id='word_1_88' title='bbox 1288 1643 1540 1707; x_wconf 76' lang='lat' dir='ltr'>codices</span> <span class='ocrx_word' id='word_1_89' title='bbox 1591 1646 1800 1727; x_wconf 86' lang='lat' dir='ltr'>graeci</span> <span class='ocrx_word' id='word_1_90' title='bbox 1847 1664 1965 1709; x_wconf 91' lang='lat' dir='ltr'>non</span> <span class='ocrx_word' id='word_1_91' title='bbox 2026 1645 2257 1708; x_wconf 87' lang='lat' dir='ltr'>habent</span> <span class='ocrx_word' id='word_1_92' title='bbox 2319 1646 2427 1721; x_wconf 76' lang='lat' dir='ltr'>„in</span> <span class='ocrx_word' id='word_1_93' title='bbox 2489 1664 2651 1708; x_wconf 85' lang='lat' dir='ltr'>san-</span> 
     </span>
     <span class='ocr_line' id='line_1_12' title="bbox 358 1750 2650 1835; baseline 0 -22"><span class='ocrx_word' id='word_1_94' title='bbox 358 1750 605 1835; x_wconf 88' lang='lat' dir='ltr'>guine</span> <span class='ocrx_word' id='word_1_95' title='bbox 654 1751 939 1815; x_wconf 88' lang='lat' dir='ltr'>mundo</span> <span class='ocrx_word' id='word_1_96' title='bbox 993 1760 1201 1828; x_wconf 80' lang='lat' dir='ltr'>suo“‚</span> <span class='ocrx_word' id='word_1_97' title='bbox 1255 1751 1359 1815; x_wconf 89' lang='lat' dir='ltr'>sed</span> <span class='ocrx_word' id='word_1_98' title='bbox 1408 1751 1520 1828; x_wconf 86' lang='lat' dir='ltr'>„in</span> <span class='ocrx_word' id='word_1_99' title='bbox 1572 1752 1967 1835; x_wconf 86' lang='lat' dir='ltr'>sanguine</span> <span class='ocrx_word' id='word_1_100' title='bbox 2014 1752 2393 1816; x_wconf 88' lang='lat' dir='ltr'>inmundo</span> <span class='ocrx_word' id='word_1_101' title='bbox 2442 1760 2650 1815; x_wconf 84' lang='lat' dir='ltr'>suo“.</span> 
     </span>
     <span class='ocr_line' id='line_1_13' title="bbox 447 1857 2649 1940; baseline 0.001 -20"><span class='ocrx_word' id='word_1_102' title='bbox 447 1857 541 1920; x_wconf 87' lang='lat' dir='ltr'>Et</span> <span class='ocrx_word' id='word_1_103' title='bbox 591 1876 760 1920; x_wconf 82' lang='lat' dir='ltr'>cum</span> <span class='ocrx_word' id='word_1_104' title='bbox 815 1858 1228 1938; x_wconf 87' lang='lat' dir='ltr'>adinpleti</span> <span class='ocrx_word' id='word_1_105' title='bbox 1276 1857 1592 1922; x_wconf 89' lang='lat' dir='ltr'>fuerint</span> <span class='ocrx_word' id='word_1_106' title='bbox 1641 1858 1812 1923; x_wconf 91' lang='lat' dir='ltr'>dies</span> <span class='ocrx_word' id='word_1_107' title='bbox 1868 1858 2392 1940; x_wconf 87' lang='lat' dir='ltr'>purgationis</span> <span class='ocrx_word' id='word_1_108' title='bbox 2453 1859 2649 1935; x_wconf 79' lang='lat' dir='ltr'>eius,</span> 
     </span>
     <span class='ocr_line' id='line_1_14' title="bbox 353 1962 2652 2046; baseline 0 -20"><span class='ocrx_word' id='word_1_109' title='bbox 353 1981 606 2046; x_wconf 81' lang='lat' dir='ltr'>super</span> <span class='ocrx_word' id='word_1_110' title='bbox 680 1964 873 2027; x_wconf 90' lang='lat' dir='ltr'>filio</span> <span class='ocrx_word' id='word_1_111' title='bbox 952 1967 1089 2027; x_wconf 89' lang='lat' dir='ltr'>aut</span> <span class='ocrx_word' id='word_1_112' title='bbox 1165 1982 1409 2046; x_wconf 90' lang='lat' dir='ltr'>super</span> <span class='ocrx_word' id='word_1_113' title='bbox 1473 1962 1660 2027; x_wconf 89' lang='lat' dir='ltr'>filia</span> <span class='ocrx_word' id='word_1_114' title='bbox 1727 1964 2029 2027; x_wconf 85' lang='lat' dir='ltr'>offeret</span> <span class='ocrx_word' id='word_1_115' title='bbox 2096 1984 2380 2046; x_wconf 87' lang='lat' dir='ltr'>agnum</span> <span class='ocrx_word' id='word_1_116' title='bbox 2446 1964 2652 2028; x_wconf 89' lang='lat' dir='ltr'>anni-</span> 
     </span>
     <span class='ocr_line' id='line_1_15' title="bbox 359 2070 2647 2153; baseline 0 -20"><span class='ocrx_word' id='word_1_117' title='bbox 359 2071 628 2134; x_wconf 87' lang='lat' dir='ltr'>culum</span> <span class='ocrx_word' id='word_1_118' title='bbox 716 2070 891 2134; x_wconf 90' lang='lat' dir='ltr'>sine</span> <span class='ocrx_word' id='word_1_119' title='bbox 974 2072 1289 2134; x_wconf 85' lang='lat' dir='ltr'>macula</span> <span class='ocrx_word' id='word_1_120' title='bbox 1372 2070 1446 2133; x_wconf 92' lang='lat' dir='ltr'>in</span> <span class='ocrx_word' id='word_1_121' title='bbox 1523 2070 2097 2135; x_wconf 88' lang='lat' dir='ltr'>holocaustum</span> <span class='ocrx_word' id='word_1_122' title='bbox 2182 2075 2257 2135; x_wconf 84' lang='lat' dir='ltr'>et</span> <span class='ocrx_word' id='word_1_123' title='bbox 2340 2072 2647 2153; x_wconf 84' lang='lat' dir='ltr'>pullum</span> 
     </span>
     <span class='ocr_line' id='line_1_16' title="bbox 277 2177 2647 2260; baseline -0.003 -14"><span class='ocrx_word' id='word_1_124' title='bbox 277 2207 327 2246; x_wconf 55' lang='grc' dir='ltr'>ιε,</span> <span class='ocrx_word' id='word_1_125' title='bbox 360 2177 918 2241; x_wconf 88' lang='lat' dir='ltr'>columbinum</span> <span class='ocrx_word' id='word_1_126' title='bbox 969 2182 1107 2241; x_wconf 87' lang='lat' dir='ltr'>aut</span> <span class='ocrx_word' id='word_1_127' title='bbox 1153 2182 1559 2241; x_wconf 87' lang='lat' dir='ltr'>turturem</span> <span class='ocrx_word' id='word_1_128' title='bbox 1605 2197 1742 2259; x_wconf 90' lang='lat' dir='ltr'>pro</span> <span class='ocrx_word' id='word_1_129' title='bbox 1800 2182 2140 2260; x_wconf 86' lang='lat' dir='ltr'>peccato</span> <span class='ocrx_word' id='word_1_130' title='bbox 2199 2178 2289 2241; x_wconf 89' lang='lat' dir='ltr'>ad</span> <span class='ocrx_word' id='word_1_131' title='bbox 2349 2179 2647 2243; x_wconf 82' lang='lat' dir='ltr'>ostium</span> 
     </span>
     <span class='ocr_line' id='line_1_17' title="bbox 356 2282 2652 2348; baseline 0.001 -3"><span class='ocrx_word' id='word_1_132' title='bbox 356 2283 874 2347; x_wconf 85' lang='lat' dir='ltr'>tabernaculi</span> <span class='ocrx_word' id='word_1_133' title='bbox 933 2282 1400 2347; x_wconf 86' lang='lat' dir='ltr'>testimonii</span> <span class='ocrx_word' id='word_1_134' title='bbox 1460 2282 1551 2345; x_wconf 89' lang='lat' dir='ltr'>ad</span> <span class='ocrx_word' id='word_1_135' title='bbox 1610 2283 2140 2348; x_wconf 86' lang='lat' dir='ltr'>sacerdotem.</span> <span class='ocrx_word' id='word_1_136' title='bbox 2214 2288 2291 2347; x_wconf 91' lang='lat' dir='ltr'>et</span> <span class='ocrx_word' id='word_1_137' title='bbox 2348 2284 2652 2348; x_wconf 85' lang='lat' dir='ltr'>offeret</span> 
     </span>
     <span class='ocr_line' id='line_1_18' title="bbox 356 2389 2645 2471; baseline 0 -19"><span class='ocrx_word' id='word_1_138' title='bbox 356 2408 527 2452; x_wconf 88' lang='lat' dir='ltr'>eum</span> <span class='ocrx_word' id='word_1_139' title='bbox 595 2395 778 2452; x_wconf 90' lang='lat' dir='ltr'>ante</span> <span class='ocrx_word' id='word_1_140' title='bbox 846 2389 1283 2463; x_wconf 79' lang='lat' dir='ltr'>dominum3</span> <span class='ocrx_word' id='word_1_141' title='bbox 1353 2393 1429 2452; x_wconf 90' lang='lat' dir='ltr'>et</span> <span class='ocrx_word' id='word_1_142' title='bbox 1495 2389 1866 2454; x_wconf 78' lang='lat' dir='ltr'>exorabit</span> <span class='ocrx_word' id='word_1_143' title='bbox 1929 2410 2065 2471; x_wconf 90' lang='lat' dir='ltr'>pro</span> <span class='ocrx_word' id='word_1_144' title='bbox 2125 2409 2210 2454; x_wconf 87' lang='lat' dir='ltr'>ea</span> <span class='ocrx_word' id='word_1_145' title='bbox 2268 2392 2645 2455; x_wconf 85' lang='lat' dir='ltr'>sacerdos</span> 
     </span>
     <span class='ocr_line' id='line_1_19' title="bbox 358 2477 2647 2581; baseline 0.001 -21"><span class='ocrx_word' id='word_1_146' title='bbox 358 2500 432 2560; x_wconf 92' lang='lat' dir='ltr'>et</span> <span class='ocrx_word' id='word_1_147' title='bbox 490 2497 881 2581; x_wconf 88' lang='lat' dir='ltr'>purgabit</span> <span class='ocrx_word' id='word_1_148' title='bbox 939 2516 1098 2561; x_wconf 87' lang='lat' dir='ltr'>eam</span> <span class='ocrx_word' id='word_1_149' title='bbox 1159 2519 1190 2560; x_wconf 91' lang='lat' dir='ltr'>a</span> <span class='ocrx_word' id='word_1_150' title='bbox 1249 2499 1471 2562; x_wconf 86' lang='lat' dir='ltr'>fonte</span> <span class='ocrx_word' id='word_1_151' title='bbox 1530 2477 1963 2580; x_wconf 81' lang='lat' dir='ltr'>sanguinis</span> <span class='ocrx_word' id='word_1_152' title='bbox 2024 2499 2220 2562; x_wconf 88' lang='lat' dir='ltr'>eius.</span> <span class='ocrx_word' id='word_1_153' title='bbox 2306 2499 2469 2563; x_wconf 86' lang='lat' dir='ltr'>ista</span> <span class='ocrx_word' id='word_1_154' title='bbox 2524 2499 2647 2563; x_wconf 80' lang='lat' dir='ltr'>lex</span> 
     </span>
     <span class='ocr_line' id='line_1_20' title="bbox 358 2604 2645 2685; baseline 0 -18"><span class='ocrx_word' id='word_1_155' title='bbox 358 2604 533 2668; x_wconf 88' lang='lat' dir='ltr'>eius</span> <span class='ocrx_word' id='word_1_156' title='bbox 576 2624 774 2685; x_wconf 84' lang='lat' dir='ltr'>qnae</span> <span class='ocrx_word' id='word_1_157' title='bbox 813 2605 1141 2685; x_wconf 89' lang='lat' dir='ltr'>peperit</span> <span class='ocrx_word' id='word_1_158' title='bbox 1179 2605 1624 2669; x_wconf 88' lang='lat' dir='ltr'>masculum</span> <span class='ocrx_word' id='word_1_159' title='bbox 1669 2608 1806 2668; x_wconf 88' lang='lat' dir='ltr'>aut</span> <span class='ocrx_word' id='word_1_160' title='bbox 1842 2604 2239 2671; x_wconf 86' lang='lat' dir='ltr'>feminam.</span> <span class='ocrx_word' id='word_1_161' title='bbox 2283 2605 2347 2668; x_wconf 89' lang='lat' dir='ltr'>si</span> <span class='ocrx_word' id='word_1_162' title='bbox 2380 2607 2645 2669; x_wconf 87' lang='lat' dir='ltr'>autem</span> 
     </span>
     <span class='ocr_line' id='line_1_21' title="bbox 265 2709 2646 2793; baseline 0 -21"><span class='ocrx_word' id='word_1_163' title='bbox 265 2742 320 2782; x_wconf 67' lang='lat'>20</span> <span class='ocrx_word' id='word_1_164' title='bbox 357 2729 501 2773; x_wconf 88' lang='lat' dir='ltr'>non</span> <span class='ocrx_word' id='word_1_165' title='bbox 552 2709 975 2773; x_wconf 87' lang='lat' dir='ltr'>inuenerit</span> <span class='ocrx_word' id='word_1_166' title='bbox 1019 2729 1298 2774; x_wconf 88' lang='lat' dir='ltr'>manus</span> <span class='ocrx_word' id='word_1_167' title='bbox 1347 2710 1523 2774; x_wconf 83' lang='lat' dir='ltr'>eius</span> <span class='ocrx_word' id='word_1_168' title='bbox 1567 2710 1774 2792; x_wconf 87' lang='lat' dir='ltr'>quod</span> <span class='ocrx_word' id='word_1_169' title='bbox 1814 2710 2021 2774; x_wconf 87' lang='lat' dir='ltr'>satis</span> <span class='ocrx_word' id='word_1_170' title='bbox 2062 2711 2296 2773; x_wconf 86' lang='lat' dir='ltr'>estin</span> <span class='ocrx_word' id='word_1_171' title='bbox 2337 2728 2646 2793; x_wconf 82' lang='lat' dir='ltr'>agnum,</span> 
     </span>
     <span class='ocr_line' id='line_1_22' title="bbox 357 2817 2645 2899; baseline 0 -21"><span class='ocrx_word' id='word_1_172' title='bbox 357 2823 432 2879; x_wconf 86' lang='lat' dir='ltr'>et</span> <span class='ocrx_word' id='word_1_173' title='bbox 481 2817 843 2897; x_wconf 86' lang='lat' dir='ltr'>accipiet</span> <span class='ocrx_word' id='word_1_174' title='bbox 892 2817 1092 2880; x_wconf 86' lang='lat' dir='ltr'>duos</span> <span class='ocrx_word' id='word_1_175' title='bbox 1139 2821 1509 2880; x_wconf 85' lang='lat' dir='ltr'>turtures</span> <span class='ocrx_word' id='word_1_176' title='bbox 1570 2819 1706 2880; x_wconf 88' lang='lat' dir='ltr'>aut</span> <span class='ocrx_word' id='word_1_177' title='bbox 1764 2817 1961 2881; x_wconf 85' lang='lat' dir='ltr'>duos</span> <span class='ocrx_word' id='word_1_178' title='bbox 2019 2817 2295 2899; x_wconf 87' lang='lat' dir='ltr'>pullos</span> <span class='ocrx_word' id='word_1_179' title='bbox 2354 2817 2645 2880; x_wconf 81' lang='lat' dir='ltr'>colurn-</span> 
     </span>
     <span class='ocr_line' id='line_1_23' title="bbox 354 2924 2645 3006; baseline 0.001 -21"><span class='ocrx_word' id='word_1_180' title='bbox 354 2924 610 2987; x_wconf 83' lang='lat' dir='ltr'>binos.</span> <span class='ocrx_word' id='word_1_181' title='bbox 661 2943 894 2986; x_wconf 87' lang='lat' dir='ltr'>unum</span> <span class='ocrx_word' id='word_1_182' title='bbox 945 2924 1018 2987; x_wconf 90' lang='lat' dir='ltr'>in</span> <span class='ocrx_word' id='word_1_183' title='bbox 1069 2924 1648 2988; x_wconf 86' lang='lat' dir='ltr'>holocaustum</span> <span class='ocrx_word' id='word_1_184' title='bbox 1699 2928 1774 2987; x_wconf 89' lang='lat' dir='ltr'>et</span> <span class='ocrx_word' id='word_1_185' title='bbox 1821 2943 2054 2987; x_wconf 86' lang='lat' dir='ltr'>unum</span> <span class='ocrx_word' id='word_1_186' title='bbox 2106 2942 2240 3005; x_wconf 90' lang='lat' dir='ltr'>pro</span> <span class='ocrx_word' id='word_1_187' title='bbox 2288 2927 2645 3006; x_wconf 78' lang='lat' dir='ltr'>peccato,</span> 
     </span>
     <span class='ocr_line' id='line_1_24' title="bbox 357 3030 2647 3113; baseline -0.001 -19"><span class='ocrx_word' id='word_1_188' title='bbox 357 3034 430 3094; x_wconf 82' lang='lat' dir='ltr'>et</span> <span class='ocrx_word' id='word_1_189' title='bbox 508 3031 876 3095; x_wconf 83' lang='lat' dir='ltr'>exorabit</span> <span class='ocrx_word' id='word_1_190' title='bbox 939 3051 1072 3112; x_wconf 92' lang='lat' dir='ltr'>pro</span> <span class='ocrx_word' id='word_1_191' title='bbox 1142 3050 1225 3094; x_wconf 87' lang='lat' dir='ltr'>ea</span> <span class='ocrx_word' id='word_1_192' title='bbox 1294 3030 1676 3094; x_wconf 87' lang='lat' dir='ltr'>sacerdos</span> <span class='ocrx_word' id='word_1_193' title='bbox 1745 3035 1822 3094; x_wconf 88' lang='lat' dir='ltr'>et</span> <span class='ocrx_word' id='word_1_194' title='bbox 1884 3030 2393 3113; x_wconf 88' lang='lat' dir='ltr'>purgabitur.</span> <span class='ocrx_word' id='word_1_195' title='bbox 2478 3034 2647 3093; x_wconf 86' lang='lat' dir='ltr'>recte</span> 
     </span>
     <span class='ocr_line' id='line_1_25' title="bbox 356 3136 2643 3221; baseline -0.001 -20"><span class='ocrx_word' id='word_1_196' title='bbox 356 3157 502 3221; x_wconf 83' lang='lat' dir='ltr'>ergo</span> <span class='ocrx_word' id='word_1_197' title='bbox 562 3138 853 3220; x_wconf 86' lang='lat' dir='ltr'>superius</span> <span class='ocrx_word' id='word_1_198' title='bbox 916 3158 1035 3201; x_wconf 89' lang='lat' dir='ltr'>non</span> <span class='ocrx_word' id='word_1_199' title='bbox 1103 3137 1442 3221; x_wconf 88' lang='lat' dir='ltr'>legendum</span> <span class='ocrx_word' id='word_1_200' title='bbox 1514 3142 1645 3200; x_wconf 85' lang='lat' dir='ltr'>est:</span> <span class='ocrx_word' id='word_1_201' title='bbox 1724 3136 2021 3201; x_wconf 85' lang='lat' dir='ltr'>offeret</span> <span class='ocrx_word' id='word_1_202' title='bbox 2089 3156 2369 3221; x_wconf 89' lang='lat' dir='ltr'>agnum</span> <span class='ocrx_word' id='word_1_203' title='bbox 2439 3138 2643 3200; x_wconf 87' lang='lat' dir='ltr'>anni-</span> 
     </span>
     <span class='ocr_line' id='line_1_26' title="bbox 261 3243 2643 3325; baseline -0 -18"><span class='ocrx_word' id='word_1_204' title='bbox 261 3279 318 3320; x_wconf 71' lang='lat'>25</span> <span class='ocrx_word' id='word_1_205' title='bbox 359 3246 623 3308; x_wconf 86' lang='lat' dir='ltr'>culum</span> <span class='ocrx_word' id='word_1_206' title='bbox 696 3244 868 3307; x_wconf 87' lang='lat' dir='ltr'>sine</span> <span class='ocrx_word' id='word_1_207' title='bbox 935 3245 1248 3308; x_wconf 86' lang='lat' dir='ltr'>macula</span> <span class='ocrx_word' id='word_1_208' title='bbox 1314 3244 1388 3306; x_wconf 88' lang='lat' dir='ltr'>in</span> <span class='ocrx_word' id='word_1_209' title='bbox 1450 3243 2017 3308; x_wconf 87' lang='lat' dir='ltr'>holocaustum</span> <span class='ocrx_word' id='word_1_210' title='bbox 2088 3247 2269 3318; x_wconf 77' lang='lat' dir='ltr'>„aut“</span> <span class='ocrx_word' id='word_1_211' title='bbox 2333 3243 2643 3325; x_wconf 87' lang='lat' dir='ltr'>pullum</span> 
     </span>
     <span class='ocr_line' id='line_1_27' title="bbox 356 3350 2646 3432; baseline -0.001 -18"><span class='ocrx_word' id='word_1_212' title='bbox 356 3351 908 3414; x_wconf 89' lang='lat' dir='ltr'>columbinum</span> <span class='ocrx_word' id='word_1_213' title='bbox 963 3354 1100 3414; x_wconf 87' lang='lat' dir='ltr'>aut</span> <span class='ocrx_word' id='word_1_214' title='bbox 1137 3354 1540 3414; x_wconf 80' lang='lat' dir='ltr'>turturem</span> <span class='ocrx_word' id='word_1_215' title='bbox 1579 3370 1715 3432; x_wconf 91' lang='lat' dir='ltr'>pro</span> <span class='ocrx_word' id='word_1_216' title='bbox 1756 3355 2114 3431; x_wconf 79' lang='lat' dir='ltr'>peccate,</span> <span class='ocrx_word' id='word_1_217' title='bbox 2158 3351 2325 3414; x_wconf 83' lang='lat' dir='ltr'>sicut</span> <span class='ocrx_word' id='word_1_218' title='bbox 2363 3350 2646 3414; x_wconf 89' lang='lat' dir='ltr'>nonnulli</span> 
     </span>
     <span class='ocr_line' id='line_1_28' title="bbox 356 3455 2643 3537; baseline -0 -18"><span class='ocrx_word' id='word_1_219' title='bbox 356 3455 606 3520; x_wconf 81' lang='lat' dir='ltr'>codices</span> <span class='ocrx_word' id='word_1_220' title='bbox 663 3456 914 3532; x_wconf 72' lang='lat' dir='ltr'>habent,</span> <span class='ocrx_word' id='word_1_221' title='bbox 975 3456 1086 3518; x_wconf 89' lang='lat' dir='ltr'>sed</span> <span class='ocrx_word' id='word_1_222' title='bbox 1145 3456 1312 3519; x_wconf 85' lang='lat' dir='ltr'>sicut</span> <span class='ocrx_word' id='word_1_223' title='bbox 1368 3455 1611 3518; x_wconf 88' lang='lat' dir='ltr'>dictum</span> <span class='ocrx_word' id='word_1_224' title='bbox 1669 3461 1798 3519; x_wconf 88' lang='lat' dir='ltr'>est:</span> <span class='ocrx_word' id='word_1_225' title='bbox 1850 3459 1926 3518; x_wconf 90' lang='lat' dir='ltr'>et</span> <span class='ocrx_word' id='word_1_226' title='bbox 1985 3456 2297 3537; x_wconf 87' lang='lat' dir='ltr'>pullum</span> <span class='ocrx_word' id='word_1_227' title='bbox 2356 3455 2643 3518; x_wconf 87' lang='lat' dir='ltr'>colum·</span> 
     </span>
     <span class='ocr_line' id='line_1_29' title="bbox 354 3562 2645 3644; baseline 0 -20"><span class='ocrx_word' id='word_1_228' title='bbox 354 3563 624 3625; x_wconf 85' lang='lat' dir='ltr'>binum</span> <span class='ocrx_word' id='word_1_229' title='bbox 665 3567 797 3625; x_wconf 86' lang='lat' dir='ltr'>aut</span> <span class='ocrx_word' id='word_1_230' title='bbox 835 3565 1235 3626; x_wconf 88' lang='lat' dir='ltr'>turturem</span> <span class='ocrx_word' id='word_1_231' title='bbox 1286 3582 1422 3644; x_wconf 89' lang='lat' dir='ltr'>pro</span> <span class='ocrx_word' id='word_1_232' title='bbox 1473 3566 1833 3643; x_wconf 63' lang='lat' dir='ltr'>peccam,</span> <span class='ocrx_word' id='word_1_233' title='bbox 1877 3562 2385 3644; x_wconf 88' lang='lat' dir='ltr'>quandoquidem</span> <span class='ocrx_word' id='word_1_234' title='bbox 2422 3565 2645 3643; x_wconf 84' lang='lat' dir='ltr'>postea</span> 
     </span>
    </p>
   </div>
   <div class='ocr_carea' id='block_1_3' title="bbox 537 3753 1865 3816">
    <p class='ocr_par' dir='ltr' id='par_1_4' title="bbox 537 3753 1865 3816">
     <span class='ocr_line' id='line_1_30' title="bbox 537 3753 1865 3816; baseline 0.002 -12"><span class='ocrx_word' id='word_1_235' title='bbox 537 3755 557 3804; x_wconf 93' lang='lat'>1</span> <span class='ocrx_word' id='word_1_236' title='bbox 605 3753 670 3806; x_wconf 79' lang='lat' dir='ltr'>ef.</span> <span class='ocrx_word' id='word_1_237' title='bbox 711 3753 837 3806; x_wconf 85' lang='lat' dir='ltr'>Len.</span> <span class='ocrx_word' id='word_1_238' title='bbox 884 3755 962 3812; x_wconf 72' lang='lat'>15,</span> <span class='ocrx_word' id='word_1_239' title='bbox 1008 3753 1213 3807; x_wconf 75' lang='lat'><strong>19—23</strong></span> <span class='ocrx_word' id='word_1_240' title='bbox 1329 3753 1392 3806; x_wconf 77' lang='lat'>12</span> <span class='ocrx_word' id='word_1_241' title='bbox 1432 3753 1560 3807; x_wconf 87' lang='lat' dir='ltr'>Leu.</span> <span class='ocrx_word' id='word_1_242' title='bbox 1605 3754 1685 3816; x_wconf 81' lang='lat'>12,</span> <span class='ocrx_word' id='word_1_243' title='bbox 1726 3754 1865 3807; x_wconf 84' lang='lat'>6—8</span> 
     </span>
    </p>
   </div>
   <div class='ocr_carea' id='block_1_4' title="bbox 350 3875 2649 4212">
    <p class='ocr_par' dir='ltr' id='par_1_5' title="bbox 350 3875 2649 4212">
     <span class='ocr_line' id='line_1_31' title="bbox 429 3875 2645 3946; baseline -0 -18"><span class='ocrx_word' id='word_1_244' title='bbox 429 3877 452 3929; x_wconf 88' lang='lat'>1</span> <span class='ocrx_word' id='word_1_245' title='bbox 508 3893 636 3929; x_wconf 83' lang='lat' dir='ltr'>suae</span> <span class='ocrx_word' id='word_1_246' title='bbox 687 3883 740 3929; x_wconf 91' lang='lat' dir='ltr'>et</span> <span class='ocrx_word' id='word_1_247' title='bbox 787 3876 851 3928; x_wconf 91' lang='grc' dir='ltr'><em>Ν</em></span> <span class='ocrx_word' id='word_1_248' title='bbox 1062 3876 1206 3946; x_wconf 86' lang='lat' dir='ltr'>quod</span> <span class='ocrx_word' id='word_1_249' title='bbox 1267 3876 1437 3930; x_wconf 68' lang='lat' dir='ltr'>I&#39;de</span> <span class='ocrx_word' id='word_1_250' title='bbox 1654 3877 1983 3930; x_wconf 83' lang='lat' dir='ltr'>inmunditia</span> <span class='ocrx_word' id='word_1_251' title='bbox 2033 3876 2153 3930; x_wconf 48' lang='lat' dir='ltr'>SI*</span> <span class='ocrx_word' id='word_1_252' title='bbox 2200 3875 2525 3930; x_wconf 83' lang='lat' dir='ltr'>imnunditie</span> <span class='ocrx_word' id='word_1_253' title='bbox 2574 3876 2645 3927; x_wconf 63' lang='lat' dir='ltr'>P*</span> 
     </span>
     <span class='ocr_line' id='line_1_32' title="bbox 350 3964 2648 4035; baseline -0.001 -17"><span class='ocrx_word' id='word_1_254' title='bbox 350 3966 385 4018; x_wconf 79' lang='lat'>2</span> <span class='ocrx_word' id='word_1_255' title='bbox 425 3967 729 4024; x_wconf 78' lang='lat' dir='ltr'>nlenstruit,</span> <span class='ocrx_word' id='word_1_256' title='bbox 751 3966 812 4017; x_wconf 83' lang='grc' dir='ltr'><em>Ν</em></span> <span class='ocrx_word' id='word_1_257' title='bbox 1029 3965 1211 4018; x_wconf 87' lang='lat' dir='ltr'>derum</span> <span class='ocrx_word' id='word_1_258' title='bbox 1252 3966 1295 4019; x_wconf 75' lang='lat' dir='ltr'><strong><em>S</em></strong></span> <span class='ocrx_word' id='word_1_259' title='bbox 1474 3967 1506 4018; x_wconf 88' lang='lat'><strong>3</strong></span> <span class='ocrx_word' id='word_1_260' title='bbox 1547 3965 1693 4035; x_wconf 88' lang='lat' dir='ltr'>quod</span> <span class='ocrx_word' id='word_1_261' title='bbox 1732 3983 1891 4035; x_wconf 85' lang='lat' dir='ltr'>snper</span> <span class='ocrx_word' id='word_1_262' title='bbox 1926 3966 1992 4018; x_wconf 98' lang='grc' dir='ltr'><em>Ν</em></span> <span class='ocrx_word' id='word_1_263' title='bbox 2157 3969 2188 4020; x_wconf 82' lang='lat'>5</span> <span class='ocrx_word' id='word_1_264' title='bbox 2228 3964 2558 4017; x_wconf 80' lang='lat' dir='ltr'>emunditiae</span> <span class='ocrx_word' id='word_1_265' title='bbox 2606 3967 2648 4014; x_wconf 64' lang='lat' dir='ltr'>(J</span> 
     </span>
     <span class='ocr_line' id='line_1_33' title="bbox 357 4052 2647 4124; baseline -0.001 -18"><span class='ocrx_word' id='word_1_266' title='bbox 357 4054 423 4107; x_wconf 84' lang='lat' dir='ltr'>lo</span> <span class='ocrx_word' id='word_1_267' title='bbox 462 4052 638 4124; x_wconf 75' lang='grc' dir='ltr'>αἵματι</span> <span class='ocrx_word' id='word_1_268' title='bbox 675 4053 959 4124; x_wconf 71' lang='grc' dir='ltr'>ἀκαθάρτῳ</span> <span class='ocrx_word' id='word_1_269' title='bbox 999 4054 1114 4107; x_wconf 84' lang='lat' dir='ltr'>cod.</span> <span class='ocrx_word' id='word_1_270' title='bbox 1165 4053 1290 4107; x_wconf 79' lang='lat' dir='ltr'>Vat.</span> <span class='ocrx_word' id='word_1_271' title='bbox 1478 4056 1543 4108; x_wconf 81' lang='lat'>12</span> <span class='ocrx_word' id='word_1_272' title='bbox 1590 4055 1798 4124; x_wconf 83' lang='lat' dir='ltr'>impleti</span> <span class='ocrx_word' id='word_1_273' title='bbox 1840 4055 2053 4108; x_wconf 73' lang='lat' dir='ltr'><strong><em>PSVT</em></strong></span> <span class='ocrx_word' id='word_1_274' title='bbox 2234 4054 2296 4106; x_wconf 90' lang='lat'>13</span> <span class='ocrx_word' id='word_1_275' title='bbox 2337 4053 2549 4107; x_wconf 80' lang='lat' dir='ltr'>offerret</span> <span class='ocrx_word' id='word_1_276' title='bbox 2589 4052 2647 4104; x_wconf 86' lang='grc' dir='ltr'><em>Ν</em></span> 
     </span>
     <span class='ocr_line' id='line_1_34' title="bbox 354 4140 2649 4212; baseline 0 -18"><span class='ocrx_word' id='word_1_277' title='bbox 354 4143 419 4195; x_wconf 75' lang='lat'>15</span> <span class='ocrx_word' id='word_1_278' title='bbox 465 4147 725 4196; x_wconf 72' lang='lat' dir='ltr'>tun-torem</span> <span class='ocrx_word' id='word_1_279' title='bbox 774 4155 824 4209; x_wconf 64' lang='lat' dir='ltr'>(o</span> <span class='ocrx_word' id='word_1_280' title='bbox 867 4159 976 4210; x_wconf 78' lang='lat' dir='ltr'>pro</span> <span class='ocrx_word' id='word_1_281' title='bbox 1023 4159 1058 4195; x_wconf 90' lang='lat' dir='ltr'>u</span> <span class='ocrx_word' id='word_1_282' title='bbox 1103 4144 1164 4195; x_wconf 81' lang='lat' dir='ltr'>in</span> <span class='ocrx_word' id='word_1_283' title='bbox 1209 4159 1348 4210; x_wconf 75' lang='lat' dir='ltr'>seqq.</span> <span class='ocrx_word' id='word_1_284' title='bbox 1393 4144 1715 4212; x_wconf 76' lang='lat' dir='ltr'>plerumque</span> <span class='ocrx_word' id='word_1_285' title='bbox 1760 4152 1989 4204; x_wconf 82' lang='lat' dir='ltr'>occurr.)</span> <span class='ocrx_word' id='word_1_286' title='bbox 2035 4143 2081 4195; x_wconf 91' lang='lat' dir='ltr'><em>C</em></span> <span class='ocrx_word' id='word_1_287' title='bbox 2292 4142 2563 4194; x_wconf 87' lang='lat' dir='ltr'>hostioum</span> <span class='ocrx_word' id='word_1_288' title='bbox 2604 4140 2649 4194; x_wconf 80' lang='lat' dir='ltr'><strong><em>S</em></strong></span> 
     </span>
    </p>
   </div>
   <div class='ocr_carea' id='block_1_5' title="bbox 348 4230 2655 4476">
    <p class='ocr_par' dir='ltr' id='par_1_6' title="bbox 348 4230 2655 4476">
     <span class='ocr_line' id='line_1_35' title="bbox 355 4230 2645 4302; baseline 0 -20"><span class='ocrx_word' id='word_1_289' title='bbox 355 4232 418 4283; x_wconf 75' lang='lat'>17</span> <span class='ocrx_word' id='word_1_290' title='bbox 459 4247 578 4283; x_wconf 86' lang='lat' dir='ltr'>eum</span> <span class='ocrx_word' id='word_1_291' title='bbox 617 4248 719 4285; x_wconf 86' lang='lat' dir='ltr'>om.</span> <span class='ocrx_word' id='word_1_292' title='bbox 758 4231 818 4284; x_wconf 88' lang='grc' dir='ltr'><em>Ν</em></span> <span class='ocrx_word' id='word_1_293' title='bbox 961 4231 1203 4284; x_wconf 82' lang='lat' dir='ltr'>exorauit</span> <span class='ocrx_word' id='word_1_294' title='bbox 1243 4233 1284 4282; x_wconf 80' lang='lat' dir='ltr'><em>C</em></span> <span class='ocrx_word' id='word_1_295' title='bbox 1430 4248 1491 4285; x_wconf 88' lang='lat' dir='ltr'>eo</span> <span class='ocrx_word' id='word_1_296' title='bbox 1538 4232 1823 4287; x_wconf 74' lang='lat' dir='ltr'><em>CPS&#39;NV</em></span> <span class='ocrx_word' id='word_1_297' title='bbox 1933 4235 1995 4286; x_wconf 70' lang='lat'>18</span> <span class='ocrx_word' id='word_1_298' title='bbox 2038 4232 2291 4302; x_wconf 82' lang='lat' dir='ltr'>purgauit</span> <span class='ocrx_word' id='word_1_299' title='bbox 2334 4230 2432 4283; x_wconf 79' lang='lat' dir='ltr'>GP</span> <span class='ocrx_word' id='word_1_300' title='bbox 2564 4231 2645 4282; x_wconf 76' lang='lat' dir='ltr'>lex</span> 
     </span>
     <span class='ocr_line' id='line_1_36' title="bbox 348 4318 2655 4391; baseline -0 -19"><span class='ocrx_word' id='word_1_301' title='bbox 348 4327 380 4372; x_wconf 67' lang='lat' dir='ltr'>e</span> <span class='ocrx_word' id='word_1_302' title='bbox 429 4320 478 4372; x_wconf 82' lang='lat' dir='ltr'><em>T</em></span> <span class='ocrx_word' id='word_1_303' title='bbox 617 4321 680 4372; x_wconf 78' lang='lat'>21</span> <span class='ocrx_word' id='word_1_304' title='bbox 726 4327 778 4372; x_wconf 88' lang='lat' dir='ltr'>et</span> <span class='ocrx_word' id='word_1_305' title='bbox 819 4337 922 4373; x_wconf 85' lang='lat' dir='ltr'>om.</span> <span class='ocrx_word' id='word_1_306' title='bbox 962 4319 1176 4372; x_wconf 61' lang='lat' dir='ltr'><em>CPNV</em></span> <span class='ocrx_word' id='word_1_307' title='bbox 1318 4322 1385 4373; x_wconf 71' lang='lat'>‘22</span> <span class='ocrx_word' id='word_1_308' title='bbox 1425 4325 1479 4373; x_wconf 84' lang='lat' dir='ltr'>et</span> <span class='ocrx_word' id='word_1_309' title='bbox 1520 4323 1706 4391; x_wconf 88' lang='lat' dir='ltr'>unum]</span> <span class='ocrx_word' id='word_1_310' title='bbox 1753 4327 1804 4375; x_wconf 86' lang='lat' dir='ltr'>et</span> <span class='ocrx_word' id='word_1_311' title='bbox 1845 4322 2008 4374; x_wconf 84' lang='lat' dir='ltr'>alium</span> <span class='ocrx_word' id='word_1_312' title='bbox 2056 4321 2101 4374; x_wconf 83' lang='lat' dir='ltr'><em>C</em></span> <span class='ocrx_word' id='word_1_313' title='bbox 2242 4320 2309 4372; x_wconf 75' lang='lat'>24</span> <span class='ocrx_word' id='word_1_314' title='bbox 2350 4319 2567 4372; x_wconf 64' lang='lat' dir='ltr'>offe-ret</span> <span class='ocrx_word' id='word_1_315' title='bbox 2607 4318 2655 4371; x_wconf 75' lang='lat' dir='ltr'><strong><em>S</em></strong></span> 
     </span>
     <span class='ocr_line' id='line_1_37' title="bbox 349 4408 840 4476; baseline -0.006 -14"><span class='ocrx_word' id='word_1_316' title='bbox 349 4409 419 4463; x_wconf 73' lang='lat'>28</span> <span class='ocrx_word' id='word_1_317' title='bbox 453 4410 570 4476; x_wconf 77' lang='lat' dir='ltr'>aut]</span> <span class='ocrx_word' id='word_1_318' title='bbox 614 4417 668 4461; x_wconf 82' lang='lat' dir='ltr'>et</span> <span class='ocrx_word' id='word_1_319' title='bbox 705 4408 840 4460; x_wconf 72' lang='lat' dir='ltr'>P&#39;V</span> 
     </span>
    </p>
   </div>
   <div class='ocr_carea' id='block_1_6' title="bbox 459 4513 2503 4582">
    <p class='ocr_par' dir='ltr' id='par_1_7' title="bbox 459 4513 2503 4582">
     <span class='ocr_line' id='line_1_38' title="bbox 459 4513 2503 4582; baseline 0 -11"><span class='ocrx_word' id='word_1_320' title='bbox 459 4533 652 4572; x_wconf 62' lang='lat' dir='ltr'>xxx-111</span> <span class='ocrx_word' id='word_1_321' title='bbox 688 4534 799 4582; x_wconf 74' lang='lat' dir='ltr'>Aug.</span> <span class='ocrx_word' id='word_1_322' title='bbox 833 4537 942 4572; x_wconf 66' lang='lat' dir='ltr'>sect.</span> <span class='ocrx_word' id='word_1_323' title='bbox 973 4534 1042 4573; x_wconf 94' lang='lat'>111</span> <span class='ocrx_word' id='word_1_324' title='bbox 1073 4544 1174 4581; x_wconf 61' lang='lat' dir='ltr'>par&lt;</span> <span class='ocrx_word' id='word_1_325' title='bbox 1205 4534 1229 4571; x_wconf 85' lang='lat'>3</span> <span class='ocrx_word' id='word_1_326' title='bbox 2440 4513 2503 4565; x_wconf 81' lang='lat' dir='ltr'>IS</span> 
     </span>
    </p>
   </div>
  </div>
 </body>
</html>
