3076 4976
657 478 1132 544 Quaestionum
1171 478 1282 532 lib.
1320 479 1348 533 I
1389 478 1677 545 (Quaest.
1720 479 1794 533 de
1834 479 2117 548 Genesi).
2488 486 2527 549 9

246 676 445 759 potuit
497 675 786 739 inuenire
841 674 1111 757 pedibus
1168 676 1320 741 suis,
1378 676 1544 739 unde
1603 676 1911 741 conicitur
1967 696 2002 741 a
2059 678 2304 753 multis,
2364 678 2532 760 quod

248 781 527 846 cadaueri
559 783 773 864 potuit
802 800 1029 846 coruus
1052 783 1342 861 insidere,
1368 783 1536 865 quod
1568 783 1862 847 columba
1882 784 2252 848 naturaliter
2276 785 2531 869 refugit.

327 889 535 953 XIIII.
616 890 778 953 Item
845 889 1133 971 quaestio
1192 893 1289 954 est
1346 891 1660 971 quomodo
1711 890 2004 954 columba
2051 910 2172 955 non
2229 892 2537 955 inuenerit

246 995 347 1060 nbi
396 995 730 1072 resideret,
779 996 834 1060 si
880 996 1028 1081 iam,
1078 995 1248 1061 sicut
1284 996 1658 1061 narrationis
1701 997 1849 1061 ordo
1890 998 2263 1075 contexitur,
2303 998 2538 1062 nudata

192 1126 213 1167 ⁵
248 1102 486 1166 fuerant
552 1104 883 1167 cacumina
944 1105 1280 1167 montium.
1372 1123 1531 1185 qnae
1597 1103 1852 1167 uidetur
1918 1104 2202 1185 quaestio
2267 1106 2374 1168 aut
2429 1124 2539 1185 per

244 1210 830 1293 recapitulationem
885 1229 1077 1293 posse
1126 1210 1417 1288 dissolui,
1458 1213 1534 1274 ut
1582 1231 1654 1274 ea
1698 1210 2021 1292 posterius
2067 1214 2312 1275 narrata
2358 1211 2538 1275 intel-

245 1318 533 1401 legantur
604 1336 763 1399 quae
827 1317 1005 1398 prius
1070 1317 1240 1381 facta
1306 1320 1484 1393 sunt,
1553 1320 1665 1381 aut
1726 1317 1973 1401 potiuS,
2052 1317 2198 1397 quia
2262 1318 2538 1382 nondum

246 1424 477 1487 siccata
522 1423 793 1488 fuerant.

327 1530 460 1595 XV.
540 1527 713 1608 Quid
770 1530 891 1594 sibi
949 1531 1094 1594 uult
1151 1529 1316 1611 quod
1377 1529 1670 1594 dominus
1731 1530 1916 1595 dicit:
1985 1551 2131 1595 non
2192 1530 2534 1595 adiciam

174 1637 498 1702 wadhuc
547 1637 1053 1701 maledicere
1103 1639 1688 1718 superterram
1743 1641 2077 1719 propter
2134 1657 2373 1718 opera
2418 1638 2539 1702 ho-

244 1745 559 1817 minum,
610 1744 799 1826 quia
852 1743 1233 1825 adposita
1264 1747 1632 1808 estmens
1664 1744 2014 1808 hominis
2055 1743 2145 1807 ad
2183 1744 2540 1828 maligna

248 1870 279 1913 3
341 1850 813 1916 iuuentute.
899 1870 1046 1915 non
1114 1851 1457 1914 adiciam
1525 1870 1710 1934 ergo
1781 1851 2034 1914 adhuc
2111 1852 2539 1934 percutere

248 1976 547 2021 omnem
601 1976 920 2021 carnem
959 1958 1247 2033 uiuam,
1291 1957 1954 2039 quemadmodum
1992 1957 2173 2031 feci,
2216 1960 2280 2020 et
2317 1957 2539 2021 deinde

250 2063 538 2147 adiungit
596 2082 757 2145 quae
815 2064 1164 2128 secundum
1219 2065 1578 2148 largitatem
1635 2064 1938 2127 bonitatis
1998 2082 2149 2127 suae
2198 2064 2389 2128 donat
2433 2063 2540 2128 ho-

173 2196 215 2235 15
249 2171 521 2234 minibus
564 2170 894 2254 indignis?
942 2174 1157 2234 utrum
1205 2171 1308 2236 hic
1358 2171 1723 2235 testamenti
1763 2171 1912 2233 noui
1953 2170 2347 2253 indulgentia
2383 2170 2541 2250 figu-

248 2281 377 2341 rata
433 2277 523 2341 sit
581 2280 648 2341 et
702 2277 1038 2358 praeterita
1093 2278 1254 2342 ultio
1312 2278 1388 2342 ad
1446 2282 1634 2342 uetus
1693 2278 2004 2360 pertineat
2067 2279 2539 2353 testamentum,

250 2383 363 2448 hoc
412 2388 512 2447 est
559 2383 727 2447 illud
774 2383 850 2446 ad
897 2383 1059 2465 legis
1111 2383 1537 2461 seueritatem,
1587 2383 1705 2448 hoc
1756 2384 1835 2448 ad
1883 2384 2122 2467 gratiae
2169 2383 2539 2447 bonitatem.

333 2491 503 2554 XVI.
551 2490 723 2569 Quid
757 2496 1003 2554 est:.et
1041 2491 1129 2555 de
1169 2511 1396 2555 manu
1427 2491 1782 2556 hominis
1814 2491 2100 2555 fratris
2134 2491 2541 2573 exquiram

253 2599 592 2661 animam
668 2598 1066 2660 hominis?
1151 2618 1227 2661 an
1304 2618 1550 2662 omnem
1620 2599 1938 2662 hominem
2013 2599 2268 2662 fratrem
2346 2597 2548 2661 omnis

176 2732 222 2770 ει)
254 2703 524 2768 hominis
559 2704 843 2788 intellegi
874 2704 1085 2768 uoluit
1114 2705 1463 2769 secundum
1497 2706 1935 2788 cognationem
1978 2724 2046 2768 ex
2088 2724 2208 2767 uno
2248 2703 2548 2767 ductam?

338 2810 546 2873 XVII.
610 2809 946 2889 Quaeritur
993 2830 1183 2892 quare
1229 2829 1495 2891 peccans
1547 2810 1744 2874 Cham
1791 2811 1850 2874 in
1899 2811 2096 2891 patris
2146 2809 2384 2872 offensa
2428 2828 2549 2872 non

258 2916 316 2980 in
381 2936 447 2981 se
507 2918 649 2999 ipso
711 2916 820 2980 sed
878 2917 939 2979 in
997 2916 1130 2980 filio
1199 2936 1313 2980 suo
1375 2905 1666 2981 Chanaan
1723 2917 2137 2981 maledicitur.
2224 2917 2346 2980 nisi
2406 2915 2552 2997 quia

258 3024 705 3104 prophetatum
762 3027 861 3087 est
917 3023 1189 3104 quodam
1244 3024 1431 3087 modo
1487 3027 1718 3087 terram
1775 3023 2065 3088 Chanaan
2133 3023 2351 3086 eiectis
2406 3020 2550 3084 inde

263 3129 647 3193 Chananaeis
706 3133 770 3192 et
826 3129 1158 3194 debellatis
1217 3133 1588 3213 accepturos
1646 3130 1844 3194 fuisse
1899 3130 2066 3193 filios
2124 3129 2384 3200 Israhel,
2443 3125 2550 3207 qui

181 3264 228 3304 2⁵
264 3238 549 3301 uenirent
598 3236 673 3300 de
724 3237 958 3301 semine
1009 3235 1175 3301 Sem.

436 3445 469 3498 3
510 3443 578 3498 cf.
619 3448 751 3503 Gen.
791 3445 840 3508 8,
879 3446 912 3497 9
1004 3444 1035 3496 9
1077 3441 1209 3498 Gen.
1248 3444 1301 3506 8,
1340 3445 1407 3496 21
1506 3445 1572 3497 14
1612 3443 1678 3499 of.
1719 3443 1850 3498 Gen.
1891 3443 1940 3508 8,
1981 3445 2050 3496 22
2145 3443 2211 3496 15
2252 3443 2316 3497 cf.
2355 3443 2550 3497 Matth.

267 3534 314 3592 5,
351 3531 417 3586 38
456 3549 579 3602 sqq.
692 3533 757 3586 18
797 3532 931 3587 Gen.
972 3533 1020 3594 9,
1062 3533 1093 3585 5
1204 3533 1267 3586 21
1313 3532 1379 3585 of.
1420 3531 1553 3588 Gen.
1595 3534 1646 3594 9,
1684 3533 1895 3586 25—27

334 3670 365 3722 2
404 3669 647 3740 potuerit
680 3667 816 3723 Nbd
959 3669 989 3721 3
1036 3669 1307 3722 inueniret
1341 3669 1548 3722 PVTb
1696 3671 1727 3722 5
1776 3669 1989 3738 questio
2027 3668 2247 3722 uidetur
2283 3668 2314 3721 b
2460 3672 2557 3721 aut

270 3773 363 3812 om.
403 3760 435 3813 b
621 3759 652 3811 7
691 3759 807 3827 aut]
849 3774 917 3811 an
955 3758 987 3811 b
1134 3759 1283 3826 quia]
1322 3775 1460 3827 quae
1497 3757 1624 3811 P¹S
1657 3775 1794 3828 aque
1843 3757 1926 3811 Vb
2098 3759 2132 3811 8
2170 3759 2402 3811 siccatae
2451 3755 2553 3809 V²b

270 3845 479 3900 fuerant
516 3864 619 3901 om.
666 3846 717 3899 T
788 3848 849 3900 11
889 3846 1150 3916 maligna]
1189 3847 1401 3900 malitia
1428 3845 1676 3900 PSVTb
1757 3849 1821 3900 12
1851 3847 1916 3900 ab
1944 3846 2132 3900 PSTb
2211 3847 2276 3899 14
2313 3846 2496 3914 iungit
2524 3844 2554 3897 b

271 3936 504 3990 bonitati
538 3936 605 3989 N
775 3936 1107 4005 hominibus]
1145 3935 1392 3990 omnibus
1430 3936 1495 3988 N
1633 3937 1699 3988 16
1749 3934 2016 4000 aduentus
2053 3936 2107 3988 P
2250 3936 2314 3988 17
2354 3935 2455 3987 hoc
2493 3950 2557 3986 ex

272 4025 396 4079 haec
434 4027 489 4080 P
650 4026 750 4079 hoc
791 4032 819 4098 e
857 4025 913 4078 P
1072 4026 1282 4095 gratiae
1320 4042 1386 4080 ex
1423 4025 1654 4095 gratiam
1695 4026 1749 4078 P
1931 4025 1995 4079 18
2031 4025 2215 4078 fratris
2253 4024 2484 4077 hominis
2525 4023 2555 4074 b

278 4113 338 4166 19
364 4114 585 4168 fratrem
614 4115 728 4168 eius
753 4114 989 4168 hominis
1016 4115 1233 4167 nomine
1261 4114 1498 4182 intelligi
1519 4113 1551 4166 b
1624 4114 1694 4167 20
1723 4113 1978 4182 hominis]
2007 4114 2240 4167 hominis
2270 4113 2487 4177 homine
2506 4111 2560 4163 P

275 4200 500 4256 hominis
538 4204 752 4256 nomine
800 4202 853 4256 V
974 4204 1037 4256 21
1084 4200 1376 4266 Quaeritur
1413 4218 1513 4256 om.
1557 4201 1596 4255 d
1740 4201 1997 4256 offensam
2036 4203 2163 4271 Euy
2203 4201 2309 4267 (ed.
2348 4199 2557 4253 Knoell

198 4295 201 4298 “
274 4306 324 4356 p.
366 4294 507 4358 326)
584 4293 654 4345 22
694 4291 901 4345 chanan
930 4292 993 4346 N
1028 4309 1229 4345 canaan
1258 4291 1374 4344 PV
1444 4292 1511 4344 23
1551 4291 1778 4360 quodam
1819 4290 2000 4359 modo]
2043 4298 2145 4359 qne
2185 4289 2469 4354 admodum
2512 4288 2560 4341 V

282 4394 440 4433 canan
477 4380 541 4434 N
573 4398 773 4434 canaan
826 4381 875 4431 V
1015 4381 1302 4433 chananeis
1338 4380 1465 4433 inde
1502 4379 1674 4432 PVT
