3076 4976
484 508 616 570 570
1201 503 1253 557 S.
1310 501 1588 556 Aureli
1641 501 2076 572 Augustini

487 700 847 766 secutiones
895 719 1084 782 passa
1133 705 1262 775 est;
1313 718 1434 763 non
1484 698 1730 780 aliquas
1777 698 2044 780 pertulit
2089 697 2197 761 uel
2242 695 2629 760 intrinsecus
2678 695 2779 758 uel

485 808 875 872 extrinsecus
961 806 1396 869 aduersitates.
1482 805 1769 886 loquitur
1849 805 2064 886 itaque
2148 803 2260 867 Iob
2354 822 2424 866 ex
2515 820 2780 884 persona

486 913 782 990 hominis,
840 913 961 977 hoc
1018 915 1118 976 est
1172 912 1392 995 populi
1450 912 1526 976 ad
1584 930 1822 975 nouum
1881 914 2336 975 testamentum
2384 908 2781 991 pertinentis,

486 1019 907 1084 desiderantis
965 1019 1110 1083 illos
1171 1019 1327 1094 dieS‚
1387 1019 1558 1083 sicut
1603 1018 1994 1101 praedixerat
2040 1017 2353 1082 dominus.
2404 1021 2468 1079 et
2513 1016 2784 1080 fortasse

485 1127 628 1192 ideo
669 1145 960 1191 menses
1003 1126 1369 1209 appellauit,
1411 1146 1530 1189 non
1574 1145 1789 1198 annos,
1832 1125 1977 1208 quia
2008 1145 2079 1189 ex
2109 1144 2233 1206 quo
2265 1123 2463 1206 elegit
2490 1121 2783 1185 dominus

488 1233 836 1316 discipulos
886 1252 1086 1314 usque
1136 1231 1212 1296 ad
1261 1233 1620 1315 passionem
1673 1252 1791 1296 non
1843 1232 2005 1301 anni.
2056 1231 2168 1294 sed
2215 1248 2467 1294 menses
2505 1228 2782 1291 fuerunt.

487 1359 656 1404 cum
737 1340 1050 1404 lucebat
1122 1342 1433 1403 lucerna
1510 1340 1674 1404 eius
1751 1358 1976 1422 super
2044 1341 2271 1420 caput
2333 1355 2611 1399 meum:
2680 1336 2786 1398 uel

487 1466 736 1512 carnem
787 1446 1023 1510 domini
1069 1446 1416 1510 uisibiliter
1460 1449 1856 1529 praesentem
1907 1447 2012 1509 uel
2051 1444 2320 1508 uerbum
2360 1462 2432 1507 ex
2471 1462 2574 1506 ore
2611 1460 2785 1522 prae-

492 1554 693 1618 sentis
789 1553 1217 1636 corporaliter.
1314 1569 1475 1617 cum
1570 1552 1887 1617 uerbum
1983 1550 2260 1615 domini
2366 1549 2787 1631 inspiceret

490 1661 781 1724 domum
836 1679 1119 1724 meamz
1164 1659 1241 1723 ad
1299 1659 1691 1743 diligentiam
1753 1657 2151 1723 custodiendi
2210 1655 2780 1721 conuersationem.

489 1771 563 1830 et
636 1767 916 1830 circum
991 1786 1100 1830 me
1175 1766 1387 1848 pueri
1461 1767 1637 1832 mei:
1716 1766 1823 1847 qui
1889 1764 2401 1846 obsequebantur
2462 1760 2788 1825 humiliter

492 1873 846 1938 necessaria
928 1873 1380 1937 ministrantes
1469 1891 1629 1936 cum
1715 1872 2016 1955 plueret
2108 1889 2237 1953 per
2328 1870 2494 1933 uias
2583 1886 2785 1932 meas

492 1981 879 2062 butyrum:
947 1998 1058 2062 per
1119 1998 1327 2043 mores
1393 1998 1572 2043 meos
1639 1977 2086 2042 exultationem
2154 1976 2299 2040 fidei
2358 1980 2420 2039 et
2474 1975 2784 2038 bonorum

491 2106 777 2169 operum.
840 2106 1001 2150 cum
1061 2090 1349 2150 montes
1406 2086 1549 2149 mei
1616 2084 2082 2148 abundarent
2144 2084 2376 2147 lacte:
2442 2081 2787 2163 prophetae

490 2194 649 2257 bene
719 2192 1003 2276 paruulis
1080 2196 1553 2273 exponerentur.
1631 2211 1791 2255 cum
1867 2190 2140 2254 exirem
2215 2188 2639 2252 matutinus
2720 2186 2786 2249 in

494 2300 852 2364 ciuitate:
904 2303 1015 2362 aut
1063 2318 1206 2364 cum
1257 2299 1380 2361 iam
1431 2297 1688 2361 claritas
1734 2298 2088 2361 lucesceret
2133 2295 2471 2358 transactis
2508 2292 2788 2357 tenebris

493 2406 743 2470 timoris
802 2408 912 2469 aut
968 2405 1029 2467 in
1089 2403 1339 2467 exordio
1399 2403 1710 2467 ecclesiae
1766 2405 1839 2465 ut
1896 2421 2019 2466 non
2080 2400 2235 2464 satis
2295 2399 2608 2475 occultuS‚
2669 2419 2789 2463 non

502 2513 659 2577 satis
710 2512 1105 2576 manifestus
1158 2514 1231 2574 et
1279 2511 1349 2573 in
1408 2510 1685 2593 plateis
1743 2508 2170 2590 ponebatur
2225 2507 2410 2570 mihi
2469 2507 2698 2571 sella:
2756 2526 2788 2569 a

492 2619 698 2684 turbis
767 2618 1167 2682 deferebatur
1240 2617 1396 2681 mihi
1472 2616 1736 2681 docendi
1812 2615 2178 2679 auctoritas.
2254 2612 2607 2678 uidentes
2681 2632 2787 2677 me

492 2728 1023 2791 adulescentes
1048 2725 1738 2789 abscondebantur:
1764 2723 1958 2787 dediti
1983 2720 2538 2804 concupiscentiis.
2572 2738 2786 2784 senes

494 2837 745 2897 autem
784 2831 1333 2914 adsurgebant:
1374 2831 1738 2913 prudentes,
1780 2834 1857 2894 et
1892 2831 2243 2912 potentes
2287 2828 2788 2892 cessauerant

493 2938 737 3020 loqui:
787 2937 1224 3020 superbientes
1283 2937 1357 3002 de
1415 2937 1718 3002 doctrinis
1779 2937 1935 3003 suis,
1998 2937 2171 3018 quia
2228 2934 2432 2999 auris
2491 2932 2789 2997 audiuit

493 3048 568 3108 et
633 3043 1125 3108 beatificauit
1188 3064 1329 3108 me:
1396 3044 1673 3126 populus
1742 3062 1930 3126 quem
1996 3061 2117 3107 non
2186 3040 2456 3125 cognoui
2523 3038 2789 3104 seruiuit

494 3150 675 3221 mihi,
741 3151 811 3214 in
882 3150 1261 3214 obauditu
1333 3151 1535 3214 auris
1609 3150 2012 3215 oboediuit
2090 3149 2291 3214 mihi.
2373 3152 2446 3212 et
2520 3147 2787 3211 oculus

495 3256 766 3321 uidens
823 3275 934 3320 me
998 3256 1456 3320 declinauit:
1515 3257 1893 3321 Iudaeorum
1953 3275 2074 3320 nou
2125 3253 2545 3320 credentium.
2597 3258 2671 3317 et
2717 3271 2788 3316 os

495 3363 767 3428 uiduae
831 3363 1219 3428 benedixit
1274 3382 1418 3427 me:
1480 3363 1617 3427 eius
1675 3362 1918 3426 animae
1979 3381 2138 3443 quae
2196 3361 2432 3426 diaboli
2492 3359 2784 3443 coniugio

676 3626 705 3678 7
745 3626 841 3679 Iob
882 3626 970 3690 29,
1001 3626 1033 3679 3
1136 3626 1167 3679 9
1205 3624 1301 3680 Iob
1341 3627 1427 3686 29,
1467 3627 1500 3678 4
1606 3626 1665 3678 11
1708 3623 1804 3677 Iob
1844 3624 1930 3688 29,
1969 3625 2001 3677 5
2107 3625 2171 3677 12
2211 3623 2306 3677 Iob
2347 3624 2431 3682 29.
2464 3625 2495 3676 6
2603 3619 2784 3675 141012

496 3714 584 3769 29.
624 3716 655 3767 6
752 3715 815 3767 15
852 3714 949 3769 Iob
989 3715 1074 3775 29,
1118 3716 1146 3767 7
1245 3714 1309 3768 18
1346 3713 1442 3767 Iob
1484 3714 1569 3775 29,
1612 3715 1640 3766 7
1759 3713 1838 3765 19.
1879 3713 1949 3766 20
1987 3712 2082 3765 Iob
2125 3713 2209 3771 29,
2250 3712 2282 3765 8
2384 3712 2448 3764 21
2492 3709 2592 3764 Iob
2634 3709 2718 3767 29.
2755 3708 2783 3759 9

492 3801 562 3853 22
599 3802 696 3855 Iob
738 3802 822 3865 29,
866 3805 926 3856 11
1041 3803 1111 3856 24
1147 3803 1237 3855 Ps.
1281 3804 1362 3866 17,
1400 3805 1470 3856 45
1617 3802 1712 3855 Iob
1754 3802 1839 3865 29,
1884 3803 1942 3855 11
2058 3797 2134 3855 ‘25'
2164 3800 2262 3853 Iob
2302 3801 2389 3862 29,
2433 3800 2497 3853 13

565 3979 598 4030 5
637 3976 876 4044 appellat
916 3975 947 4028 b
1113 3975 1260 4045 quia]
1300 3975 1390 4044 qui
1432 3976 1476 4027 C
1621 3976 1648 4027 7
1689 3976 1906 4029 lucerna
1947 3974 1992 4028 S
2133 3976 2165 4027 9
2204 3973 2428 4027 uerbum
2468 3991 2571 4029 om.
2613 3973 2793 4028 SHier

492 4064 740 4117 dominus
779 4064 965 4118 SHier
1056 4064 1121 4117 12
1160 4063 1597 4117 administrantes
1631 4065 1668 4117 d
1809 4063 2001 4117 flueret
2031 4062 2293 4116 deHier
2385 4063 2449 4117 13
2487 4064 2724 4132 putirum
2751 4058 2793 4113 S

498 4155 564 4208 14
602 4154 743 4221 cum]
785 4157 840 4205 et
878 4152 923 4206 S
1026 4154 1223 4206 montis
1266 4153 1310 4207 S
1402 4153 1467 4205 18
1505 4152 1690 4222 platea
1728 4152 1776 4205 S
1862 4153 1931 4205 20
1970 4152 2330 4205 aduliscentes
2369 4150 2417 4205 S
2512 4152 2578 4204 21
2614 4165 2788 4204 omues

493 4240 861 4310 adsurgebant
900 4240 1087 4295 SHier
1194 4244 1261 4295 22
1301 4240 1514 4294 audiuit
1551 4242 1684 4295 haec
1715 4241 1758 4295 S
1865 4242 1932 4294 24
1973 4241 2026 4293 in
2068 4238 2328 4293 obauditu
2366 4240 2588 4307 scripsi:
2632 4239 2788 4292 obau-

494 4330 612 4384 ditu
659 4330 759 4383 ΤΡ
793 4331 847 4383 in
886 4329 1074 4383 auditu
1119 4331 1241 4384 de
1491 4330 1774 4383 obaudiuit
1823 4329 1924 4382 TP
2150 4327 2576 4383 et—declinauit
2614 4344 2715 4381 om.
2752 4325 2794 4379 S

491 4421 561 4473 25
601 4419 705 4490 me]
746 4436 851 4472 non
897 4418 944 4472 0
1046 4420 1115 4471 26
1157 4419 1286 4471 mihi
1331 4419 1369 4471 ὁ

2841 1143 2864 1182 5

2821 1679 2867 1718 10

2822 2212 2866 2252 15

2822 3280 2867 3322 25
