3076 4976
417 468 545 530 274
1120 463 1174 517 S.
1229 464 1497 517 Aureli
1556 463 1990 532 Augustini

422 659 611 722 dicit:
678 658 948 722 sinon
1007 657 1423 721 inuenerit
1478 677 1753 722 manus
1812 657 1987 721 eius
2054 656 2261 738 quod
2320 658 2528 721 satis
2587 662 2711 721 est

420 765 514 828 ad
563 784 873 849 agnum,
924 768 1001 827 et
1048 765 1408 847 accipiet
1446 765 1643 828 duos
1682 767 2073 828 turtures,
2124 763 2233 826 ubi
2270 765 2417 846 plus
2456 764 2712 828 uidetur

418 871 648 935 habere
705 875 893 947 „et“;
952 891 1097 935 nam
1147 889 1220 935 ea
1267 871 1708 936 coniunctione
1756 871 2037 935 detracta
2090 871 2331 954 integre
2388 871 2708 954 sequitur:

420 978 783 1060 accipiet
823 978 1019 1042 duos
1060 982 1436 1042 turtures
1468 982 1607 1042 aut
1639 977 1835 1043 duos
1868 978 2142 1060 pullos
2179 977 2707 1053 columbinOS,

416 1104 605 1148 unam
654 1104 838 1149 auem
887 1085 1136 1149 scilicet
1183 1085 1243 1148 in
1296 1086 1767 1161 holocaustum,
1817 1085 2077 1148 alteram
2125 1104 2237 1167 pro
2283 1089 2567 1166 peccato,
2767 1106 2795 1146 s

508 1190 630 1255 Sed
671 1210 793 1273 quo
832 1195 1143 1272 peccato?
1192 1191 1501 1273 numquid
1548 1191 1866 1273 peperisse
1911 1195 2244 1272 peccatum
2292 1195 2436 1255 est?
2484 1210 2559 1256 an
2605 1191 2712 1257 hic

418 1297 775 1362 ostenditur
838 1297 950 1361 illa
1014 1317 1293 1383 propago
1353 1318 1424 1362 ex
1478 1297 1703 1376 Adam,
1762 1298 1926 1362 unde
1982 1299 2313 1381 apostolus
2370 1297 2557 1362 dicit:
2626 1317 2708 1363 ex

417 1425 566 1470 uno
615 1404 688 1469 in
743 1405 1518 1483 condemnationem,
1569 1409 1635 1469 et
1673 1406 1822 1487 quia
1867 1424 2002 1488 per
2037 1424 2274 1469 unum
2310 1405 2708 1469 hominem

418 1515 842 1594 peccatum
923 1513 1277 1576 intrauit
1351 1512 1426 1577 in
1501 1513 1875 1577 mundum
1944 1516 2020 1576 et
2082 1532 2217 1596 per
2287 1518 2709 1594 peccatum

417 1638 628 1684 mors
687 1623 765 1683 et
819 1618 937 1683 ita
992 1619 1066 1683 in
1127 1637 1394 1683 omnes
1452 1620 1818 1684 homines
1876 1619 2411 1702 pertransiit?
2487 1619 2706 1684 ethic
2751 1649 2804 1686 ιο

418 1726 574 1790 satis
623 1725 883 1809 adparet
939 1725 1472 1806 quemadmodum
1533 1726 1774 1789 dictum
1836 1727 1952 1790 sit:
2012 1745 2153 1809 ego
2214 1727 2417 1790 enim
2474 1727 2549 1789 in
2607 1727 2709 1789 in-

418 1832 932 1915 iquitatibus
1001 1836 1446 1916 conceptus
1513 1852 1681 1897 sum
1740 1837 1816 1896 et
1879 1833 1954 1896 in
2020 1834 2391 1915 peccatis
2458 1837 2711 1897 mater

416 1958 585 2003 mea
639 1939 715 2002 in
774 1943 1004 2003 utero
1063 1958 1178 2003 me
1237 1939 1468 2003 aluit.
1546 1958 1658 2004 cur
1703 1959 1851 2024 ergo
1899 1959 2019 2003 non
2066 1939 2227 2004 illud
2274 1940 2443 2021 quod
2489 1945 2709 2003 natum

417 2053 516 2111 est
579 2047 833 2130 purgari
901 2046 1056 2110 dicit
1122 2045 1438 2129 scriptura
1502 2066 1614 2129 per
1674 2047 1794 2111 hoc
1860 2046 2261 2123 sacrificium,
2328 2046 2439 2110 sed
2504 2047 2709 2128 ipsam

418 2172 577 2234 quae
615 2153 906 2235 peperit?
954 2172 1027 2217 an
1077 2154 1156 2216 ad
1202 2153 1404 2236 ipsam
1445 2153 1722 2236 quidem,
1761 2152 1926 2216 unde
1964 2153 2075 2216 illa
2112 2153 2285 2236 origo
2322 2152 2709 2231 trahebatur,
2750 2178 2801 2218 ιε

415 2261 614 2325 relata
684 2260 978 2344 purgatio
1047 2263 1147 2324 est
1209 2263 1465 2343 propter
1527 2260 1855 2345 sanguinis
1919 2260 2204 2324 fontem?
2280 2279 2400 2323 non
2465 2262 2714 2341 poterat

415 2370 625 2431 tamen
676 2367 809 2430 sine
857 2366 1058 2449 ipsius
1105 2367 1275 2431 fetus
1322 2367 1701 2450 purgatione
1749 2366 1902 2443 fieri,
1944 2366 2051 2448 qui
2100 2385 2170 2430 ex
2216 2366 2355 2449 ipso
2405 2367 2710 2450 sanguine

418 2477 669 2538 exortus
728 2476 871 2537 est?
955 2492 1098 2536 nam
1166 2491 1290 2554 quo
1357 2456 1632 2557 pertinet
1697 2471 1866 2556 quod
1933 2473 2225 2554 superius
2283 2472 2403 2537 ait:
2472 2493 2711 2556 super

416 2580 604 2643 filio
683 2583 822 2643 aut
896 2598 1141 2662 super
1209 2579 1397 2643 filia
1479 2580 1787 2643 offeret
1869 2599 2154 2664 agnum
2239 2580 2707 2645 anniculum

419 2685 594 2748 sine
679 2687 996 2749 macula
1078 2685 1152 2749 in
1229 2685 1807 2750 holocaustum
1885 2690 1963 2750 et
2033 2687 2349 2768 pullum
2421 2687 2801 2756 colum-20

416 2791 692 2855 binum
761 2796 901 2855 aut
965 2797 1365 2856 turturem
1436 2812 1571 2875 pro
1639 2797 2012 2876 peccat0‚
2072 2794 2126 2857 si
2192 2794 2351 2857 nihil
2416 2813 2527 2877 per
2590 2794 2709 2858 hoc

418 2898 796 2962 sacrificium
844 2897 1036 2962 fiebat
1079 2919 1189 2981 pro
1239 2899 1329 2964 eis
1377 2900 1486 2981 qui
1530 2901 1997 2965 nascebantur?

507 3005 748 3084 Quodsi
810 3006 1143 3088 quisquam
1201 3007 1293 3070 ita
1348 3006 1740 3091 distinguere
1807 3007 2156 3083 conabitur,
2215 3011 2289 3071 ut
2353 3007 2525 3071 dicat
2585 3024 2707 3071 non

419 3131 560 3176 esse
624 3111 1016 3196 iungendum
1082 3132 1363 3196 „super
1416 3114 1605 3178 filio
1663 3117 1800 3178 aut
1859 3133 2099 3197 super
2153 3114 2341 3178 filia
2408 3114 2712 3178 offeret

419 3239 709 3303 agnum
767 3220 1235 3284 anniculum
1291 3221 1462 3284 sine
1519 3222 1833 3285 macula
1887 3221 1961 3284 in
2012 3221 2584 3285 holocaustum
2634 3224 2803 3291 eta

417 3326 735 3407 pullum
814 3325 1358 3389 columbinum
1435 3345 1574 3408 pro
1657 3331 2061 3408 peccato“‚
2147 3325 2258 3390 sed
2332 3326 2423 3389 ita
2494 3326 2708 3408 potius

418 3432 795 3516 legendum:
848 3435 1129 3496 etcum
1169 3431 1578 3514 adinpleti
1618 3432 1933 3496 fuerint
1972 3432 2144 3497 dies
2184 3432 2706 3516 purgationis

417 3536 592 3600 eius
642 3556 889 3618 super
933 3537 1119 3602 filio
1171 3542 1307 3602 aut
1355 3557 1598 3622 super
1644 3539 1849 3616 filia,
1898 3539 1962 3602 id
2001 3543 2100 3603 est
2138 3540 2272 3604 dies
2312 3539 2707 3623 purgationis

416 3642 640 3724 inpleti
690 3643 926 3707 suerint
973 3664 1164 3727 super
1208 3645 1318 3709 illo
1370 3650 1481 3709 aut
1527 3665 1718 3727 super
1764 3646 1893 3723 illa,
1942 3645 2071 3710 filio
2121 3646 2371 3710 scilicet
2418 3644 2523 3708 uel
2560 3643 2709 3718 filia,

416 3754 492 3813 ut
549 3750 772 3814 deinde
830 3751 907 3815 ab
966 3752 1089 3816 alio
1139 3772 1329 3816 sensu
1389 3756 1725 3835 sequatur:
1794 3754 2091 3818 offeret
2158 3773 2439 3838 agnum
2501 3751 2708 3816 anni·
2746 3782 2802 3822 30

595 3938 625 3990 7
663 3937 816 3992 Rom.
856 3938 908 4003 5,
951 3938 1032 3989 16.
1075 3938 1139 3990 12
1253 3938 1313 3991 11
1354 3937 1444 3990 Ps.
1485 3939 1572 4000 50,
1614 3939 1643 3991 7

486 4043 519 4095 2
560 4045 616 4108 et
655 4042 708 4095 V
810 4040 901 4096 ubi
943 4046 999 4096 et
1037 4043 1086 4094 V
1192 4048 1247 4097 et
1285 4043 1484 4097 habere
1524 4043 1741 4099 uidetur
1773 4045 1818 4100 S
1887 4047 1918 4099 3
1959 4050 2014 4100 et
2050 4063 2151 4101 om.
2180 4046 2317 4101 P¹V
2387 4049 2419 4099 5
2458 4056 2568 4101 unu
2608 4048 2715 4102 VT

415 4131 591 4200 auem]
631 4135 811 4184 autem
852 4130 1010 4184 PSV
1042 4145 1142 4183 om.
1194 4131 1244 4183 T
1381 4132 1611 4186 alterurn
1651 4134 1820 4187 PVT
1948 4136 1980 4188 6
2021 4140 2105 4188 est
2141 4151 2243 4189 om.
2284 4137 2347 4190 N
2483 4137 2550 4190 10
2588 4154 2707 4207 per-

414 4219 613 4272 transit
661 4218 705 4268 V
811 4218 938 4271 hinc
975 4219 1041 4271 N
1146 4221 1210 4272 13
1249 4236 1354 4273 non
1394 4237 1495 4276 om.
1534 4222 1595 4275 N
1672 4224 1736 4275 14
1774 4224 1948 4293 ipsum
1995 4224 2041 4278 C
2112 4226 2176 4278 17
2216 4226 2353 4293 sine]
2395 4230 2617 4294 propter
2650 4225 2715 4278 N

418 4309 482 4360 19
522 4307 741 4360 offenret
778 4305 824 4361 S
945 4309 1016 4360 24
1055 4307 1270 4363 offerret
1312 4309 1358 4363 C
1393 4311 1580 4363 offerre
1617 4311 1850 4365 PSVbd
1966 4314 2032 4366 27
2074 4313 2148 4383 et]
2189 4320 2217 4367 e
2254 4313 2455 4368 P¹SV¹
2495 4330 2611 4368 esse
2650 4315 2712 4367 in

413 4412 527 4450 ras.
574 4395 624 4448 T
766 4396 834 4450 30
861 4400 952 4449 *ut
987 4396 1087 4450 PS
1228 4398 1442 4452 offe-ret
1480 4399 1525 4452 S
1682 4398 1914 4471 θυγατρί,
1954 4400 2217 4472 προσοίσει
2263 4402 2311 4454 T
2309 4402 2440 4456 isch.
2481 4409 2531 4457 et
2567 4401 2709 4472 Lay.
