3076 4976
533 497 663 561 484
1235 493 1287 546 S.
1348 492 1627 545 Aureli
1682 492 2117 561 Augustini

535 692 634 752 est
698 688 1090 771 plectendus,
1150 687 1203 751 si
1269 687 1391 752 hoc
1456 687 1660 751 facere
1726 689 1949 769 sponte
2015 685 2532 768 praesumpserit.
2600 685 2825 748 deinde

534 796 810 860 habebat
855 794 1024 876 quod
1071 795 1351 858 crederet
1387 794 1724 869 Abraham,
1763 796 1839 857 ut
1872 798 2126 876 propter
2163 792 2452 857 diuinum
2488 793 2825 875 imperium

533 923 653 967 non
702 905 985 983 parceret
1039 901 1192 976 filio,
1239 920 1359 965 non
1419 901 1680 965 credens
1744 901 1931 965 deum
1987 901 2149 964 tales
2206 899 2502 963 uictimas
2557 900 2830 964 libenter

536 1010 839 1090 accipere,
916 1008 1027 1072 sed
1101 1008 1221 1072 hoc
1298 1027 1441 1072 eum
1518 1010 1849 1090 propterea
1923 1007 2211 1082 iussisse,
2283 1010 2357 1070 ut
2418 1007 2828 1070 resuscitaret

537 1115 819 1180 occisum
870 1119 934 1179 et
980 1115 1125 1179 hinc
1175 1114 1414 1197 aliquid
1463 1118 1788 1196 tamquam
1836 1114 1994 1178 deus
2043 1114 2292 1195 sapiens
2351 1113 2827 1178 demonstraret.
2889 1137 2911 1174 ε»

535 1240 678 1284 nani
730 1220 850 1284 hoc
898 1219 975 1283 de
1023 1221 1132 1285 illo
1183 1219 1374 1284 etiam
1421 1220 1484 1282 in
1534 1220 1812 1301 epistula
1856 1219 2094 1304 legitur
2139 1238 2297 1301 quae
2345 1219 2715 1283 inscribitur
2751 1219 2830 1283 ad

536 1327 858 1392 Hebraeos
890 1331 954 1392 et
989 1327 1145 1391 fides
1187 1327 1346 1403 eim,
1388 1326 1537 1408 quia
1575 1326 1692 1392 hoc
1734 1326 1808 1390 de
1851 1326 1963 1390 deo
2006 1326 2361 1404 crediderit,
2404 1326 2571 1408 quod
2609 1331 2831 1408 posset

537 1434 737 1497 filium
790 1434 926 1498 eius
977 1435 1309 1510 suscitare,
1364 1433 1678 1499 laudatur.
1737 1434 1859 1497 iste
1907 1452 2056 1498 uero
2109 1437 2173 1498 et
2219 1433 2334 1497 deo
2392 1452 2511 1498 non
2571 1433 2830 1498 iubente

537 1560 740 1623 neque
808 1544 1105 1621 poscente
1155 1543 1218 1604 et
1278 1545 1495 1604 contra
1559 1539 1921 1623 legitimum
1989 1541 2124 1604 eins
2188 1543 2596 1623 praeceptum
2662 1541 2831 1604 ultro

540 1646 921 1711 sacrificium
971 1647 1157 1710 uouit
1202 1647 1572 1710 humanum.
1613 1647 1705 1711 sic
1745 1648 1913 1711 enim
1952 1647 2258 1730 scriptum
2299 1650 2424 1711 est:
2474 1651 2553 1710 et
2596 1646 2833 1710 uouit
2872 1671 2915 1708 ιο

538 1753 828 1836 Iephte
881 1757 1156 1817 uotum
1206 1753 1523 1817 domino
1576 1756 1652 1817 et
1700 1753 1937 1817 dixit:
1989 1754 2056 1817 si
2095 1754 2550 1817 traditione
2590 1753 2833 1817 tradi-

541 1860 759 1923 deris
809 1860 1004 1923 mihi
1054 1860 1291 1923 filios
1340 1861 1662 1924 Ammon
1710 1861 1784 1924 in
1835 1880 2059 1923 manu
2112 1879 2277 1924 mea
2324 1863 2403 1924 et
2450 1861 2609 1923 erit
2671 1861 2830 1941 qui·

541 1985 875 2048 cumque
939 1966 1235 2030 exierit
1292 1967 1378 2030 de
1429 1966 1704 2031 ianuis
1766 1967 2044 2031 domus
2104 1986 2318 2031 meae
2373 1967 2451 2030 in
2512 1967 2832 2031 obuiam

542 2073 735 2137 mihi
784 2073 859 2136 in
923 2073 1412 2138 reuertendo
1462 2093 1576 2137 me
1634 2074 1703 2137 in
1761 2093 1952 2157 pace
2001 2094 2037 2137 a
2084 2074 2301 2138 siliis
2361 2075 2706 2150 Ammon,
2758 2078 2832 2137 et

542 2180 698 2244 erit
747 2181 1063 2244 domino
1119 2184 1298 2252 <et>
1344 2181 1684 2244 offeram
1732 2200 1902 2245 eum
1949 2181 2592 2246 holocaustoma.
2873 2202 2921 2243 ιε

628 2287 766 2351 Non
816 2286 1035 2369 utique
1084 2287 1182 2351 his
1231 2288 1444 2352 uerbis
1481 2306 1678 2369 pecus
1718 2287 1975 2368 aliquod
2024 2286 2226 2364 uouit,
2268 2286 2436 2369 quod
2485 2286 2833 2351 secundum

539 2395 745 2478 legem
787 2393 1265 2458 holocaustoma
1291 2398 1513 2477 posset
1543 2395 1789 2468 offerre;
1832 2412 2033 2476 neque
2066 2394 2233 2457 enim
2264 2396 2363 2458 est
2402 2396 2513 2457 aut
2538 2393 2664 2457 fuit
2693 2412 2838 2457 con-

541 2501 920 2577 suetudini3‚
952 2505 1025 2564 ut
1052 2500 1468 2565 redeuntibus
1500 2521 1646 2565 cum
1675 2501 1944 2565 uictoria
1983 2500 2058 2564 de
2097 2500 2264 2564 bello
2306 2499 2578 2564 ducibus
2611 2518 2840 2583 pecora

541 2610 959 2671 occurrerent.
1019 2610 1324 2689 qnantum
1385 2612 1598 2671 autem
1647 2607 1888 2671 adtinet
1935 2607 2011 2670 ad
2057 2611 2236 2670 muta
2283 2606 2598 2679 animalia,
2648 2625 2837 2670 canes

543 2712 750 2778 solent
797 2713 1068 2778 dominis
1116 2713 1344 2777 blando
1385 2713 1698 2777 famulatu
1747 2713 2122 2777 adludentes
2163 2732 2407 2777 currere
2445 2713 2506 2777 in
2549 2715 2837 2779 obuiam:
2879 2738 2929 2777 20

544 2818 621 2881 de
679 2819 910 2901 quibus
969 2819 1075 2884 ille
1123 2819 1184 2882 in
1246 2838 1359 2883 suo
1419 2823 1569 2884 uoto
1630 2820 1906 2902 cogitare
1963 2838 2083 2883 non
2141 2826 2381 2901 posset,
2429 2839 2508 2884 ne
2554 2820 2618 2883 in
2676 2820 2840 2883 iniu-

540 2925 697 2989 riam
758 2926 860 2990 dei
919 2924 1159 3008 aliquid
1205 2944 1323 2988 non
1388 2926 1596 2989 solum
1655 2925 1975 2988 inlicitum
2031 2944 2253 2989 uerum
2311 2926 2500 2989 etiam
2559 2931 2843 2991 contem·

544 3032 723 3097 tibile
765 3038 827 3097 et
867 3031 1217 3097 secundum
1244 3031 1454 3114 legem
1484 3031 1859 3097 inmundum
1890 3031 2147 3095 uouisse
2182 3032 2521 3096 uideretur.
2563 3052 2679 3096 nec
2717 3034 2841 3097 ait:

544 3139 989 3221 quodcumque
1056 3137 1273 3202 exierit
1330 3138 1404 3202 de
1460 3138 1667 3202 ianuis
1725 3139 1951 3202 domus
2019 3158 2193 3203 meae
2240 3140 2303 3202 in
2354 3140 2608 3203 obuiam
2658 3140 2845 3205 mihi.

546 3246 801 3308 offeram
849 3245 1010 3308 illud
1060 3245 1563 3323 holocaustoma,
1622 3245 1732 3309 sed
1792 3246 1910 3308 ait:
1971 3247 2455 3328 quicumque
2514 3246 2843 3317 exierit,
2884 3273 2934 3311 25

547 3351 885 3415 offeram
938 3370 1129 3415 eum.
1178 3350 1287 3414 ubi
1335 3351 1555 3432 procul
1606 3351 1798 3416 dubio
1849 3353 2005 3416 nihil
2055 3353 2229 3417 aliud
2278 3372 2466 3434 quam
2514 3353 2850 3418 hominem

544 3458 884 3541 cogitauit3
933 3476 1056 3521 non
1105 3462 1313 3522 tamen
1362 3457 1631 3521 fortasse
1679 3458 1929 3522 unicam
1978 3459 2194 3523 filiam.
2237 3478 2617 3541 quamquam
2657 3460 2848 3524 illam

542 3566 605 3629 in
663 3568 839 3629 tanta
894 3570 1152 3647 paterna
1218 3563 1419 3648 gloria
1475 3566 1619 3646 quis
1675 3568 1897 3647 posset
1952 3567 2189 3631 anteire
2247 3567 2368 3631 nisi
2425 3567 2584 3631 forte
2641 3572 2849 3631 uxor?

545 3691 689 3735 nam
719 3672 888 3753 quod
919 3692 1037 3736 non
1072 3672 1228 3735 dixit
1265 3680 1805 3755 „quaecumque“‚
1831 3672 1940 3736 sed
1969 3674 2497 3756 ,quicumque
2539 3674 2854 3737 exierit
3069 3728 3070 3789 ᾖ

546 3780 633 3843 de
712 3779 983 3844 ianuis
1060 3780 1337 3844 domus
1415 3787 1694 3855 meae“‚
1773 3781 1936 3845 solet
2021 3781 2336 3862 scriptura
2407 3780 2848 3845 masculinum
2894 3806 2944 3843 ιο

722 4007 753 4058 6
794 4003 859 4057 cf.
898 4004 1062 4059 Hebr.
1107 4005 1188 4067 11,
1231 4005 1440 4058 17—19
1555 4005 1620 4057 10
1659 4004 1777 4059 Iud.
1821 4006 1904 4069 11,
1942 4006 2028 4059 30.
2069 4006 2133 4059 31

619 4145 645 4198 1
687 4145 975 4215 plectenda
1014 4146 1127 4199 ΡΝ
1135 4146 1206 4200 V1
1386 4147 1550 4200 facire
1592 4146 1652 4197 N
1798 4148 1859 4199 11
1909 4146 2180 4201 reditione
2217 4148 2271 4201 P
2415 4148 2480 4200 12
2530 4164 2687 4201 amon
2729 4150 2868 4204 PN

548 4238 601 4287 et
638 4250 756 4302 exp.
798 4252 863 4287 m.
902 4237 937 4287 2
984 4234 1091 4287 VT
1234 4236 1301 4288 14
1340 4239 1397 4300 et
1438 4236 1487 4288 T
1631 4238 1695 4289 15
1737 4241 1791 4289 et
1831 4236 2058 4301 addidi,·
2095 4237 2164 4292 cf.
2195 4254 2255 4305 p.
2293 4240 2424 4293 499.
2465 4243 2495 4289 1
2643 4239 2709 4292 19
2756 4258 2855 4294 oc-

546 4328 759 4376 current
784 4322 852 4376 N
990 4329 1168 4377 muaeta
1196 4324 1264 4378 N
1282 4324 1456 4378 multa
1490 4323 1615 4377 de
1722 4325 1790 4378 22
1819 4324 2024 4379 domini
2054 4326 2120 4378 N
2249 4327 2492 4380 inclitum
2533 4327 2582 4380 Τ
2714 4345 2859 4383 con·

545 4411 907 4481 temptibilem
947 4411 1011 4464 N
1114 4414 1182 4465 29
1224 4414 1617 4482 quaecumque]
1660 4430 1993 4483 quocumque
2039 4414 2092 4466 N
