3076 4976
949 514 1465 568 Adnotationum
1506 516 1571 568 in
1608 514 1723 569 Iob
1762 514 1939 569 liber
1975 516 2016 569 Ι.
2489 519 2619 581 583

322 711 587 775 dicitur:
630 713 871 776 factum
920 713 1036 785 est,
1079 709 1184 790 qui
1235 710 1353 773 hoc
1403 709 1577 774 facit.
1628 710 2056 793 inpiissime
2115 709 2616 792 principibus,

319 822 643 900 tamquam
686 817 927 901 angelis
969 817 1166 880 dicat:
1208 817 1330 881 nisi
1369 816 1646 881 Michael
1676 817 1967 899 princeps
1997 820 2230 893 uester,
2262 816 2619 898 inpiissime

322 925 534 1008 agiti8‚
584 929 726 989 aut:
776 925 831 988 si
877 925 968 987 ita
1014 923 1369 1005 inpiissime
1417 923 1652 987 dicitur
1689 923 2098 1006 principibus,
2138 926 2372 1006 quanto
2411 921 2614 1004 magis

321 1031 489 1114 regi!
577 1031 796 1095 abusi
881 1033 1058 1094 sunt
1141 1028 1331 1093 enirn
1417 1030 1674 1112 inique
1762 1048 1924 1094 cum
2036 1029 2615 1093 excluderentur

249 1160 278 1197 ⁵
317 1138 638 1202 infirmi:
699 1139 863 1201 male
920 1137 1022 1201 usi
1073 1141 1224 1202 sunt
1270 1137 1631 1201 exclusione
1680 1156 1815 1213 sua,
1865 1156 2009 1201 cum
2056 1140 2314 1218 propter
2357 1135 2614 1199 infirmi-

316 1249 514 1309 tatem
574 1244 1056 1309 excluderentur
1113 1246 1189 1308 ab
1239 1263 1312 1308 ea
1359 1245 1629 1320 uisione‚
1681 1264 1807 1326 qua
1851 1243 2153 1307 uidentur
2200 1243 2407 1307 omnia
2455 1242 2613 1305 diui-

316 1353 490 1415 nitus
540 1351 1009 1416 ordinatissime
1059 1351 1331 1416 ordinari
1381 1355 1444 1415 et
1491 1351 1941 1415 administrari.
1981 1351 2045 1413 in
2086 1369 2157 1414 eo
2199 1355 2411 1413 autem
2450 1350 2613 1412 male

313 1459 416 1522 usi
467 1462 635 1535 sunt,
685 1458 835 1541 quia
883 1458 1178 1541 spiritum
1227 1478 1413 1522 suum
1463 1458 1643 1539 sequi
1682 1459 2061 1535 maluerunt,
2103 1457 2290 1520 deum
2330 1457 2455 1520 ista
2491 1474 2610 1519 non

314 1585 564 1641 curare3
634 1585 707 1629 ex
771 1566 893 1629 hoc
950 1565 1116 1629 enim
1173 1565 1303 1628 illis
1360 1584 1522 1628 uane
1581 1564 1812 1638 ueniet,
1873 1569 1946 1628 ut
1998 1564 2059 1627 in
2118 1563 2608 1627 necessitatibus

217 1694 276 1730 ιο
314 1671 450 1735 suis
499 1671 775 1734 clament
819 1674 884 1734 et
930 1674 1156 1754 rogent
1201 1671 1543 1746 hominem,
1585 1690 1729 1734 cum
1773 1670 1958 1734 deum
1996 1689 2218 1754 rogare
2260 1668 2606 1732 debuerint.

310 1796 550 1859 neque
601 1778 749 1841 erit
794 1778 1042 1855 locus,
1085 1783 1158 1842 et
1195 1797 1333 1841 non
1375 1782 1497 1841 est
1534 1778 1795 1841 umbra
1835 1777 2131 1852 mortis,
2173 1782 2256 1840 ut
2293 1776 2609 1840 latitent

311 1884 438 1965 qui
476 1883 771 1948 faciunt
808 1884 1093 1966 iniqua.
1134 1904 1255 1948 non
1297 1884 1374 1948 ad
1412 1883 1530 1949 hoc
1573 1888 1673 1948 est
1709 1886 1931 1948 umbra
1969 1884 2193 1948 mortis
2234 1886 2304 1946 ut
2330 1883 2604 1958 latitent,

308 1995 383 2054 ut
431 1993 561 2054 est:
612 2010 751 2054 non
805 2011 1024 2055 senes
1073 1991 1352 2055 habent
1398 1991 1891 2075 sapientiam,
1944 1992 2092 2072 quia
2141 2010 2259 2054 non
2310 1993 2603 2053 senectus

309 2100 410 2162 est
466 2117 658 2162 causa
718 2097 1086 2179 sapientiae,
1137 2102 1233 2161 et:
1283 2099 1749 2161 haereticum
1802 2118 1885 2162 ne
1934 2099 2263 2172 salutes,
2312 2115 2388 2159 ne
2435 2094 2601 2169 inde,

210 2227 264 2266 15
305 2223 432 2285 qua
459 2204 814 2268 haereticus
847 2207 963 2268 est.
1015 2207 1087 2268 et
1133 2208 1429 2268 euertet
1476 2213 1793 2280 noctem,
1836 2209 1910 2268 et
1955 2203 2600 2267 humiliabuntur:

303 2313 380 2374 ut
443 2329 634 2392 supra
698 2329 805 2375 eos
874 2311 958 2375 sit
1022 2313 1192 2393 quod
1258 2311 1375 2375 sub
1441 2311 1603 2394 ipsis
1672 2316 1822 2387 erat,
1880 2311 1946 2374 id
2003 2315 2131 2375 est:
2192 2313 2437 2394 premat
2491 2328 2599 2374 eos

304 2417 474 2499 quod
531 2417 860 2481 subditum
917 2417 1046 2480 illis
1106 2421 1256 2482 erat.
1317 2421 1393 2481 et
1459 2419 1786 2482 extinxit
1848 2419 2131 2501 inpios:
2198 2419 2410 2482 lucere
2478 2416 2599 2480 sibi
2690 2424 2693 2427 ’

306 2523 708 2588 uidebantur.
777 2528 850 2587 et
931 2525 1280 2589 iustitias
1358 2525 1519 2589 eius
1599 2545 1736 2590 non
1813 2529 2367 2609 cognouerunt:
2445 2524 2600 2588 dicit

308 2628 461 2709 quid
510 2630 658 2692 boni
717 2630 872 2694 deus
930 2630 1152 2694 fecerit
1207 2631 1282 2694 de
1341 2630 1677 2712 iniquitate
1736 2651 1973 2709 eorum,
2031 2635 2114 2695 ut
2170 2632 2598 2714 perferatur

209 2762 267 2798 20
307 2734 395 2797 ad
444 2754 601 2798 eum
654 2737 936 2801 clamor
980 2737 1359 2819 pauperis,
1411 2738 1575 2820 ipse
1626 2739 1957 2820 quietem
2007 2739 2245 2813 dabit,
2296 2741 2367 2801 et
2424 2737 2592 2818 quis

303 2842 593 2921 poterit
649 2842 1190 2909 condemnare?
1247 2863 1368 2906 non
1429 2845 1683 2926 qualern
1743 2848 2054 2927 quaerunt
2098 2844 2383 2908 homines
2434 2862 2594 2924 quae

299 2946 431 3010 illis
472 2948 989 3012 tribulationibus
1038 2950 1365 3024 turbatum
1408 2951 1462 3014 si
1504 2951 1660 3015 deus
1709 2952 2035 3028 iustificat,
2088 2953 2254 3034 quis
2306 2955 2420 3014 est
2467 2951 2593 3033 qui

300 3054 800 3123 condemnet?
851 3060 970 3128 <et
1019 3061 1280 3120 contra
1347 3063 1693 3141 gentem>
1753 3065 1826 3123 et
1892 3062 2155 3124 contra
2218 3059 2591 3122 hominem

297 3161 566 3225 simul:
635 3163 945 3227 aduersus
1014 3164 1285 3247 gentiles
1363 3169 1426 3228 et
1491 3164 1782 3229 Iudaeos,
1852 3165 1977 3246 qui
2034 3184 2343 3248 regnare
2400 3165 2591 3228 facit

197 3294 255 3332 25
297 3267 671 3332 hominem
738 3270 1207 3351 hypocritam
1273 3275 1583 3353 propter
1644 3272 2239 3353 peruersitatem
2304 3270 2586 3352 populi.

295 3374 401 3437 cui
451 3374 712 3439 dicitur:
764 3376 889 3459 qui
939 3397 1111 3460 ergo
1161 3377 1393 3442 alium
1443 3378 1686 3453 doces⁷
1738 3379 2096 3462 teipsum
2140 3398 2276 3443 non
2319 3378 2587 3441 doces?

474 3601 498 3653 1
540 3599 636 3653 Iob
675 3603 763 3663 34,
799 3601 862 3655 18
1025 3604 1058 3654 4
1097 3602 1192 3655 Iob
1232 3604 1316 3665 34,
1355 3604 1425 3656 20
1593 3604 1652 3655 11
1695 3602 1791 3655 Iob
1832 3602 1916 3664 34,
1958 3604 2024 3655 22
2153 3603 2217 3655 13
2254 3603 2351 3654 Iob
2391 3604 2475 3659 32,
2521 3605 2585 3656 10

292 3690 360 3741 14
399 3689 503 3742 Tit.
543 3691 592 3752 3,
639 3692 700 3743 10
816 3692 878 3745 15
919 3691 1013 3743 Iob
1053 3693 1140 3751 34,
1184 3694 1247 3745 15
1327 3693 1389 3745 17
1429 3692 1523 3744 Iob
1567 3694 1651 3753 34,
1692 3694 1760 3745 26
1848 3693 1910 3746 18
1950 3692 2046 3745 Iob
2088 3692 2174 3748 34.
2212 3692 2281 3743 27
2378 3694 2442 3744 19
2484 3692 2579 3745 lob

285 3779 376 3839 34,
415 3778 484 3831 28
629 3781 697 3832 20
735 3780 830 3832 Iob
871 3782 955 3843 34,
994 3782 1062 3832 29
1279 3782 1346 3835 22
1395 3782 1459 3835 cf.
1509 3783 1661 3837 Rom.
1713 3782 1762 3844 8,
1812 3784 1881 3835 34
2132 3783 2200 3834 23
2238 3781 2336 3834 Iob
2387 3782 2471 3839 34.
2514 3783 2579 3834 29

284 3869 356 3920 24
396 3866 492 3919 lob
532 3867 619 3927 34,
659 3868 727 3919 30
838 3868 905 3919 26
943 3868 1094 3921 Rom.
1137 3870 1185 3931 2,
1227 3870 1289 3921 21

362 3989 385 4041 l
438 3990 794 4057 impigissime
842 3990 888 4044 S
1028 3991 1321 4059 pricibibus
1370 3991 1417 4046 S
1557 3994 1588 4044 2
1629 3993 1764 4045 dixit
1818 3993 1864 4045 0
2028 3996 2062 4046 4
2103 3994 2453 4047 erolum-ntur
2500 3995 2579 4047 Tb

280 4080 315 4132 6
356 4078 592 4130 uissione
641 4095 718 4130 an
763 4079 1001 4131 iussione
1048 4080 1314 4133 incertum
1358 4081 1404 4134 0
1616 4082 1834 4134 uidetur
1877 4082 1952 4136 Cb
2139 4084 2202 4135 10
2241 4083 2350 4135 suis
2389 4100 2490 4138 om.
2538 4083 2585 4135 C

280 4166 586 4220 debuerunt
627 4166 747 4220 de
818 4169 885 4220 12
923 4169 1107 4237 inique
1137 4169 1182 4222 S
1254 4170 1319 4221 13
1357 4188 1453 4222 nec
1492 4172 1633 4222 enirn
1671 4171 1887 4239 longeui
1927 4175 2054 4224 suut
2091 4173 2363 4240 sapientes
2392 4171 2580 4226 SHier

282 4257 349 4309 15
391 4256 519 4323 quia
562 4255 692 4308 TCb
840 4260 1054 4309 euertat
1091 4256 1136 4309 S
1280 4260 1345 4311 17
1381 4258 1563 4311 lucere
1604 4259 1704 4311 sibi
1746 4259 2071 4312 uidebantur
2107 4266 2389 4327 tamqnam
2428 4262 2578 4315 locus

277 4344 409 4396 bibl.
448 4345 511 4395 in
549 4343 622 4397 bd
715 4343 780 4397 18
819 4346 1116 4397 iniustitias
1162 4346 1258 4427 CM
1296 4349 1359 4399 19
1400 4346 1545 4415 quod
1582 4348 1723 4400 bona
1761 4348 1790 4399 b
1883 4350 1950 4401 23
1991 4353 2337 4417 ct-gentem
2378 4351 2578 4404 addidi

275 4434 347 4486 25
387 4430 707 4502 ippocritam
748 4433 796 4487 S
910 4436 976 4487 ‘26
1017 4435 1126 4503 cui]
1169 4451 1256 4503 qm
1295 4435 1325 4488 b
1473 4435 1632 4489 doces
1673 4437 1835 4489 alium
1880 4438 1952 4490 bd
