3076 4976
293 1645 345 1685 10

290 2177 340 2217 15

284 2714 341 2753 20

284 3245 339 3285 25

651 462 1128 529 Quaestionum
1166 464 1281 519 lib.
1320 463 1368 518 V
1410 462 1698 531 (Quaest.
1740 463 1814 518 de
1853 464 2411 533 Deuteronomio).
2542 468 2671 533 389

386 658 683 723 dicuntur
727 663 1081 744 πρωτότοκα
1125 678 1240 724 nec
1288 659 1482 724 latine
1531 660 1656 724 dici
1702 660 1824 725 nisi
1880 660 2435 746 primogenita
2489 666 2674 745 potu-

385 770 587 844 erunt,
644 766 707 830 in
758 766 857 830 his
920 770 1172 832 tantum
1238 766 1664 850 intellegenda
1727 772 1897 841 sunt,
1966 787 2125 849 quae
2192 773 2537 834 nascuntur
2601 788 2673 833 ex

384 874 728 949 matribus;
778 874 917 956 ipsa
963 873 1128 937 enim
1170 873 1420 956 proprie
1456 873 1788 955 pariuntur
1823 875 2037 955 potius
2076 895 2264 958 quam
2303 875 2671 960 gignuntur.

383 999 599 1064 parere
647 980 881 1063 quippe
929 983 1028 1044 est
1073 983 1299 1059 τίκτειν,
1348 980 1517 1063 quod
1567 983 1666 1045 est
1711 1000 1782 1044 ex
1830 980 2065 1045 femina
2109 1017 2196 1028 —
2245 980 2409 1046 unde
2445 985 2672 1065 πρωτό-

382 1107 557 1150 τοκον
604 1086 839 1151 dicitur
882 1123 970 1132 —-
1018 1087 1276 1170 gignere
1324 1091 1536 1151 autem
1570 1089 1671 1151 est
1713 1096 1942 1166 γεννᾶν,
1990 1086 2158 1151 unde
2194 1088 2441 1170 proprie
2479 1088 2671 1153 latine

382 1192 846 1276 primogenitus
895 1191 1145 1256 dicitur.
1195 1210 1267 1255 ex
1312 1192 1565 1256 feminis
1613 1195 1828 1257 autem
1876 1191 2188 1256 dabantur
2223 1192 2568 1275 primitiua,
2606 1193 2671 1259 id

384 1302 484 1364 est
539 1317 699 1380 quae
752 1298 955 1380 prima
1010 1297 1434 1379 pariebantur,
1493 1317 1617 1362 non
1675 1317 1835 1380 quae
1892 1298 2094 1381 prima
2157 1299 2582 1383 gignebantur
2637 1320 2672 1364 a

381 1405 558 1483 uiriS,
609 1406 661 1469 si
707 1404 869 1470 forte
916 1423 989 1467 ex
1034 1403 1251 1468 uiduis
1299 1424 1460 1486 quae
1507 1404 1635 1468 iam
1672 1413 2044 1487 pepererant
2081 1405 2507 1489 gignerentur.
2547 1424 2668 1469 non

383 1512 547 1576 enim
623 1512 805 1576 aliter
879 1513 1094 1575 essent
1157 1531 1317 1593 quae
1384 1512 1697 1595 aperirent
1762 1513 2047 1590 uuluam,
2115 1511 2284 1593 quod
2347 1513 2669 1595 proprium

382 1619 591 1685 uoluit
644 1637 785 1683 esse
841 1619 940 1683 lex
996 1637 1213 1683 eorum
1270 1637 1430 1702 quae
1486 1619 1688 1700 pn’mo
1747 1622 1894 1683 nata
1950 1618 2202 1683 domino
2260 1618 2666 1685 debebantur.

382 1727 437 1790 si
483 1745 633 1810 ergo
684 1729 782 1790 est
827 1725 887 1790 in
938 1724 1036 1789 his
1084 1725 1297 1789 uerbis
1347 1729 1515 1790 certa
1554 1725 1899 1802 distinctio,
1941 1746 2062 1789 non
2101 1726 2337 1790 frustra
2375 1726 2666 1791 dominus

380 1852 499 1897 non
549 1832 783 1897 dicitur
830 1852 866 1896 a
910 1834 1086 1914 patre
1135 1835 1483 1915 μονότοκος,
1532 1832 1646 1897 sed
1694 1835 2023 1917 μονογενής
2059 1870 2148 1880 -
2194 1833 2260 1897 id
2308 1836 2407 1897 est
2453 1833 2668 1918 unige-

378 1939 572 2016 nitus,
614 1940 781 2022 quod
820 1940 922 2003 est
956 1937 1183 2002 unicus
1214 1976 1300 1984 -—
1340 1957 1377 2003 a
1419 1939 1768 2003 mortuis
1810 1943 2022 2004 autem
2061 1940 2665 2023 primogenitus

378 2046 634 2128 quidem
687 2046 883 2110 latine
951 2044 1202 2121 dicitur,
1261 2045 1408 2126 quia
1462 2065 1583 2111 non
1640 2045 1854 2128 potuit
1917 2046 2188 2111 latinum
2255 2047 2521 2111 uerbum
2577 2047 2668 2111 ita

379 2153 670 2235 componi
744 2151 1093 2217 seeundum
1166 2151 1470 2234 loquendi
1542 2152 2092 2228 consuetudinem;
2159 2172 2381 2236 graece
2457 2156 2667 2219 sutem

377 2262 757 2342 πρωτότοκος
814 2258 1067 2335 dicitur,
1125 2277 1246 2323 non
1292 2260 1709 2343 πρωτογενήςι
1767 2263 2088 2342 tamquam
2145 2264 2323 2343 pater
2378 2261 2669 2345 genuerit

378 2365 702 2448 aequalem
752 2365 894 2443 sibi,
954 2367 1239 2430 creatura
1284 2383 1436 2428 uero
1492 2366 1825 2448 pepererit.
1874 2386 2018 2431 narn
2069 2369 2133 2430 et
2178 2367 2348 2449 quod
2404 2367 2663 2433 dicitur:

378 2471 983 2557 primogenitus
1034 2471 1290 2537 omnis
1339 2475 1787 2551 creaturae,
1838 2493 1997 2556 quae
2037 2478 2102 2539 et
2146 2473 2235 2538 ibi
2282 2477 2748 2558 πρωτότοκος,

377 2598 598 2663 graece
636 2580 892 2664 legitur,
931 2582 1146 2663 potest
1182 2579 1273 2643 ita
1298 2579 1588 2664 intellegi
1627 2580 1978 2645 secundum
2018 2600 2248 2646 nouam
2288 2584 2660 2657 creaturam,

379 2685 454 2749 de
512 2707 637 2769 qua
693 2686 850 2752 dicit
905 2687 1263 2770 apostolus:
1326 2686 1393 2751 si
1443 2705 1595 2769 qua
1638 2687 1904 2771 igitur
1950 2689 2030 2752 in
2083 2688 2412 2753 Christo
2461 2706 2667 2751 noua

377 2797 780 2858 creatura:
858 2813 929 2858 ex
997 2813 1121 2876 qua
1191 2793 1301 2858 ille
1365 2793 1731 2877 primitiuus
1807 2797 1927 2872 est,
1995 2795 2144 2877 quia
2214 2794 2512 2878 primitus
2575 2794 2668 2857 ita

375 2900 733 2978 resurrexit,
781 2905 856 2966 ut
899 2900 1026 2965 iam
1075 2919 1196 2965 non
1252 2901 1560 2965 moriatur
1616 2920 1728 2966 nec
1769 2902 1840 2966 ei
1887 2920 2095 2966 mors
2154 2901 2374 2966 ultra
2429 2900 2665 2965 domi-

376 3009 632 3084 netur,
691 3007 860 3089 quod
926 3026 1127 3072 nouae
1194 3011 1540 3085 creaturae,
1609 3028 1768 3090 quae
1814 3008 1878 3073 in
1926 3007 2036 3073 illo
2087 3011 2205 3085 est,
2264 3008 2552 3072 futurum
2599 3007 2663 3071 in

375 3113 493 3178 fine
555 3115 970 3195 promittitur.
1039 3113 1149 3178 sed
1207 3114 1333 3179 ista
1398 3114 1724 3180 distinctio
1792 3134 1914 3180 non
1981 3119 2218 3179 temere
2284 3113 2666 3179 adfirmanda

375 3218 486 3283 sed
543 3218 603 3282 in
671 3220 1002 3302 scripturis
1069 3220 1444 3304 diligentius
1509 3221 1964 3303 perscrutanda
2031 3225 2147 3286 est.
2214 3224 2434 3286 mouet
2498 3220 2663 3284 enim

554 3446 618 3500 13
658 3444 774 3501 Col.
808 3448 853 3510 1,
897 3446 962 3501 18
1056 3448 1118 3500 18
1160 3446 1276 3502 Col.
1318 3449 1364 3511 1,
1409 3449 1473 3502 15
1557 3448 1627 3502 20
1664 3448 1720 3502 11
1758 3448 1879 3502 Cor.
1919 3449 1969 3510 5,
2011 3449 2077 3501 17
2160 3447 2229 3500 22
2270 3446 2334 3500 cf.
2365 3446 2516 3500 Rom.
2548 3447 2598 3506 6.
2627 3448 2659 3500 9

446 3589 469 3640 1
515 3587 702 3641 dicunt
737 3587 898 3642 PSN
900 3587 956 3643 U
1092 3593 1373 3658 prototoca
1408 3588 1686 3644 SNVUT
1717 3593 2028 3659 protottoca
2060 3588 2135 3644 Ρι
2253 3590 2286 3643 2
2326 3589 2435 3642 sint
2469 3585 2532 3641 N
2538 3586 2665 3643 Ubd

371 3678 403 3731 3
442 3678 722 3746 patiuntur
757 3676 823 3730 N
925 3679 961 3731 4
999 3682 1083 3732 est
1120 3695 1221 3733 om.
1262 3678 1315 3731 V
1451 3679 1613 3732 tictin
1650 3677 1926 3733 PSVUT
1954 3683 2086 3732 tunc
2123 3677 2181 3732 id
2216 3678 2276 3732 N
2383 3679 2416 3730 5
2454 3681 2582 3730 aut·
2613 3676 2669 3730 T

373 3769 456 3819 est
491 3782 562 3822 er.
611 3765 663 3819 T
828 3783 1043 3836 german
1076 3766 1352 3822 PSVUT
1383 3775 1561 3838 genna
1597 3767 1664 3822 N
1790 3771 1822 3822 6
1862 3767 2131 3821 dabuntur
2166 3767 2232 3820 N
2363 3768 2391 3819 7
2430 3766 2660 3836 primum

370 3855 719 3925 pariebantur
764 3854 872 3908 VT
993 3857 1058 3910 10
1093 3857 1247 3925 nata]
1289 3857 1478 3927 genita
1513 3857 1580 3910 N
1695 3858 1755 3910 11
1799 3862 1884 3911 est
1918 3871 2020 3910 om.
2068 3856 2119 3910 T
2258 3854 2537 3908 distinctio
2577 3857 2661 3906 est

370 3948 475 4014 (est
520 3944 583 3997 in
616 3947 751 4011 ras.)
800 3944 850 3997 T
992 3945 1057 3998 12
1104 3949 1418 3999 1nonotocos
1463 3945 1626 3999 PSN
1633 3945 1740 3999 VU
1746 3945 1797 3999 T
1970 3961 2298 4015 monogenes
2333 3940 2666 3997 PSNVUT

370 4034 436 4086 14
475 4032 605 4101 quid
643 4039 671 4087 e
707 4032 770 4087 N
951 4034 1016 4087 16
1068 4038 1378 4103 prototocos
1423 4033 1589 4089 PSN
1593 4034 1700 4088 VU
1705 4034 1756 4088 T
1964 4037 2287 4104 protogenes
2332 4029 2664 4086 PSNVUT

368 4137 487 4176 cum
526 4122 779 4191 genuerit
813 4123 874 4176 N
995 4123 1060 4176 17
1099 4124 1314 4193 peperit
1347 4123 1413 4177 N
1528 4123 1594 4178 18
1635 4139 1770 4193 quae
1811 4127 1867 4176 et
1902 4123 2001 4191 ibi]
2044 4140 2148 4194 que
2186 4122 2288 4175 tibi
2327 4120 2500 4175 PVU
2532 4120 2658 4190 quia

367 4214 423 4263 et
449 4210 527 4264 ibi
555 4210 617 4265 N
642 4228 775 4281 que·
805 4214 861 4265 et
886 4211 964 4264 ibi
996 4215 1076 4278 (et
1102 4228 1145 4265 8.
1177 4212 1236 4281 1.)
1265 4213 1310 4267 S
1335 4229 1438 4283 que
1462 4213 1542 4266 ibi
1569 4212 1620 4266 T
1641 4211 1783 4281 quod
1812 4212 1890 4264 ibi
1920 4211 1995 4265 bd
2097 4211 2160 4265 19
2199 4211 2401 4279 legitur
2428 4226 2583 4280 grece
2614 4208 2666 4261 T

366 4300 431 4352 21
472 4300 868 4370 primogenitus
904 4301 967 4355 in
1002 4317 1117 4355 ras.
1162 4302 1212 4355 T
1352 4301 1423 4355 22
1463 4301 1511 4357 ei
1551 4318 1653 4355 om.
1692 4300 1739 4355 S
1894 4318 2036 4354 inore
2076 4301 2124 4354 ei
2162 4301 2226 4355 N
2232 4300 2284 4354 U
2314 4315 2459 4355 mors
2495 4296 2578 4353 illi
2615 4296 2662 4350 S

365 4389 435 4443 23
472 4389 810 4459 promittitur
847 4389 901 4443 in
940 4389 1044 4444 fine
1082 4389 1156 4444 bd
