3076 4976
652 481 1129 547 Quaestionum
1169 482 1278 538 lib.
1320 484 1373 537 11
1415 483 1704 549 (Quaest.
1747 483 1819 536 de
1858 484 2124 551 Exodo).
2406 490 2531 551 193

246 696 443 741 essem
496 676 683 741 corde
733 682 1171 759 compunctus».
1250 678 1472 742 deinde
1522 679 1794 744 addidit:
1853 683 2243 762 peccatum
2290 700 2533 745 meum

246 784 567 867 cognoui
616 787 690 848 et
735 784 1032 848 facinus
1081 805 1319 848 meum
1369 805 1502 849 non
1557 788 1847 867 operui:
1896 791 2312 869 posteaquam
2361 790 2533 854 uide-

243 894 406 963 runt,
457 894 693 973 quanto
743 891 976 954 scelere
1019 892 1343 956 Christum
1393 892 1828 957 crucifixerint.
1880 898 1943 958 et
1982 895 2129 976 quia
2165 900 2538 976 receperunt

245 997 600 1075 consilium,
641 1000 716 1060 ut
754 1001 1012 1079 agerent
1044 999 1500 1079 paenitentiam
1542 1004 1606 1064 et
1641 1000 1702 1063 in
1741 1000 2057 1082 baptismo
2095 1002 2534 1066 remissionem

185 1133 209 1171 5
244 1107 648 1185 peccatorum
698 1106 1074 1186 acciperent,
1125 1106 1304 1183 dixi,
1347 1106 1574 1187 inquit,
1613 1108 2118 1188 pronuntiabo
2161 1108 2530 1172 aduersus

240 1231 348 1274 me
390 1211 756 1274 delictum
795 1231 1032 1276 meum
1075 1213 1395 1289 domino,
1438 1217 1510 1277 et
1547 1217 1627 1277 tu
1666 1215 2040 1278 remisisti
2081 1214 2530 1295 inpietatem

242 1318 494 1382 cordis
541 1318 704 1381 mei.
1107 1396 1112 1399 v

324 1425 505 1489 Hanc
571 1429 782 1489 autem
846 1426 1244 1508 prophetiam
1308 1428 1524 1508 potius
1592 1428 1789 1491 fuisse
1857 1448 2045 1509 quam
2109 1429 2365 1493 locutus
2434 1433 2534 1493 est

240 1531 533 1595 dominus
582 1532 661 1595 ad
706 1532 969 1614 Moysen
1019 1533 1175 1596 satis
1222 1553 1322 1597 res
1381 1534 1518 1614 ipsa
1574 1534 1829 1609 indicat,
1880 1535 2387 1616 quandoquidem
2456 1536 2531 1601 de

157 1669 205 1707 10
239 1641 416 1719 petra
488 1637 594 1700 uel
669 1658 936 1702 oauerna
1009 1639 1145 1703 eius
1214 1644 1278 1704 et
1341 1640 1416 1703 de
1493 1658 1715 1704 manus
1792 1641 1928 1703 eius
2006 1642 2529 1724 superpositione,

239 1744 314 1807 de
369 1744 617 1808 uisione
671 1746 1094 1826 posteriorum
1154 1746 1290 1810 eius
1347 1747 1508 1811 nihil
1566 1751 1789 1829 postea
1845 1747 2084 1815 uisibili
2150 1767 2337 1830 opere
2386 1750 2532 1813 sub-

239 1853 528 1914 secutum
575 1850 830 1934 legitur.
881 1871 1021 1916 mox
1070 1853 1236 1916 enim
1287 1853 1578 1937 adiungit
1617 1854 1989 1936 interposito
2032 1855 2297 1918 articulo
2339 1857 2531 1937 scrip-

236 1963 406 2021 tura:
473 1960 546 2021 et
604 1958 794 2021 dixit
851 1959 1196 2023 dominus
1255 1960 1342 2023 ad
1407 1960 1741 2042 Moysen,
1812 1980 1953 2024 cum
2019 1961 2157 2043 ipse
2233 1961 2527 2026 dominus

239 2066 456 2147 utique
522 2065 713 2128 etiam
778 2065 907 2141 illa,
966 2086 1126 2147 quae
1184 2087 1374 2148 supra
1439 2071 1608 2142 sunt,
1677 2069 2061 2149 loqueretur.
2139 2072 2327 2150 atque
2384 2069 2529 2133 inde

155 2204 200 2242 1⁵
238 2172 514 2237 contexit
592 2173 744 2253 quid
811 2174 1105 2254 deinceps
1173 2174 1467 2238 dominus
1535 2175 1731 2239 dicat:
1809 2175 2071 2238 excide
2138 2175 2279 2238 tibi
2346 2177 2527 2241 duas

236 2280 543 2343 tabulas
593 2279 936 2361 lapideas
987 2280 1192 2344 sicut
1239 2284 1312 2344 et
1359 2281 1637 2363 primas
1688 2285 1759 2344 et
1808 2284 2075 2344 cetera.

326 2385 505 2451 CLV.
557 2384 725 2464 Quid
774 2390 871 2449 est
920 2386 1088 2467 quod
1136 2386 1376 2450 dictum
1426 2390 1525 2450 est
1573 2388 1647 2450 de
1688 2388 1969 2450 domino:
2021 2391 2092 2451 et
2137 2406 2339 2451 reum
2387 2407 2525 2451 non

234 2492 711 2576 purificabit,
761 2493 911 2556 nisi:
962 2512 1080 2557 non
1135 2513 1278 2558 eum
1329 2494 1499 2558 dicet
1545 2495 1984 2559 innocentem?

325 2600 536 2666 CLVI.
615 2599 789 2664 Deus
857 2601 918 2663 in
975 2605 1187 2664 monte
1247 2601 1402 2664 duas
1459 2621 1681 2665 rursus
1737 2602 2021 2683 lapideas
2074 2602 2326 2665 tabulas
2386 2622 2527 2666 con-

161 2740 209 2778 ἕο
237 2710 549 2790 scripturo
619 2707 774 2770 dicit
838 2707 1049 2789 Moysi
1115 2707 1276 2771 inter
1341 2711 1577 2771 cetera:
1657 2728 1899 2772 coram
1978 2710 2171 2772 omni
2246 2710 2524 2791 populo

233 2819 360 2878 tuo
409 2814 684 2877 faciam
732 2813 1087 2896 gloriosa.
1137 2814 1415 2877 nondum
1475 2815 1773 2897 dignatur
1823 2813 2056 2878 dicere:
2109 2835 2315 2878 coram
2358 2816 2526 2879 omni

232 2922 465 3003 populo
524 2939 684 2984 me0.
764 2939 838 2983 an
898 2921 988 2984 ita
1045 2920 1202 2984 dixit
1266 2922 1576 3003 ,populo
1634 2923 1828 2996 tuo“,
1889 2922 2203 3002 quomodo
2263 2923 2527 2987 cuilibet

231 3027 470 3091 homini
520 3027 803 3091 eiusdem
859 3027 1078 3109 populi
1135 3026 1466 3104 diceretur,
1524 3027 1591 3090 id
1648 3030 1773 3091 est:
1833 3047 1903 3090 ex
1961 3047 2083 3108 quo
2140 3029 2374 3109 populo
2434 3049 2522 3104 ea,

233 3132 546 3214 quomodo
603 3132 886 3208 „ciuitati
934 3135 1115 3196 tuae“
1166 3133 1457 3210 dicimus,
1500 3153 1621 3196 non
1672 3133 1772 3197 cui
1814 3133 2153 3197 dominaris
2194 3137 2292 3197 uel
2335 3155 2521 3216 quam

149 3274 197 3313 25
233 3238 645 3315 constituisti,
698 3239 810 3303 sed
856 3240 1020 3304 unde
1070 3239 1230 3304 ciuis
1282 3245 1391 3304 es‘?
1442 3241 1532 3304 sic
1585 3242 1747 3304 enim
1799 3245 1862 3305 et
1908 3242 2096 3322 paulo
2145 3244 2292 3321 post
2340 3241 2521 3304 dicit:

233 3346 472 3410 omnis
520 3346 871 3427 populus,
921 3347 991 3409 in
1043 3347 1317 3429 quibus
1368 3367 1464 3410 es,
1525 3347 1646 3411 alio
1696 3348 1881 3411 modo
1934 3348 2086 3429 quid
2135 3348 2371 3410 dictum
2424 3351 2523 3410 est

229 3452 352 3516 nisi
408 3454 719 3534 „populus
768 3456 1005 3518 tuus“‘?
1065 3453 1234 3534 quod
1281 3458 1494 3517 autem
1544 3473 1665 3518 non
1717 3454 1897 3518 dixit:
1957 3456 2016 3517 in
2068 3474 2191 3535 quo
2242 3473 2329 3530 es,
2380 3473 2521 3517 con-

232 3558 499 3622 suetudo
546 3557 891 3623 locutionis
942 3563 1058 3626 est.

412 3853 475 3906 13
511 3852 608 3906 Ex.
649 3854 736 3920 34,
778 3858 801 3909 1
921 3855 984 3907 17
1026 3855 1118 3907 Ex.
1160 3855 1244 3918 34,
1288 3855 1317 3907 7
1429 3855 1497 3908 20
1537 3855 1632 3908 Ex.
1672 3857 1758 3919 34,
1802 3856 1866 3909 10
1976 3857 2045 3910 2ss
2085 3856 2175 3908 Ex.
2218 3857 2302 3920 34,
2347 3857 2412 3910 10

296 4050 331 4101 5
387 4047 694 4117 acciperent
730 4053 1071 4117 peccatorum
1113 4047 1588 4117 PSNVdeEuy
1750 4048 1886 4101 dixit
1925 4048 2081 4101 CPS·
2100 4049 2147 4101 T
2153 4048 2167 4081 ¹
2326 4048 2516 4101 aduer-

228 4151 342 4188 sum
379 4137 507 4205 Euy
650 4138 682 4190 9
721 4153 804 4189 res
843 4138 962 4205 ipsa
998 4137 1132 4189 satis
1177 4137 1227 4189 T
1371 4139 1430 4190 11
1476 4137 1744 4190 diuisione
1784 4137 1925 4189 NV·
2074 4140 2139 4190 14
2179 4138 2328 4205 sunt]
2372 4137 2518 4189 dicta

229 4229 352 4277 sunt
390 4224 464 4278 bd
574 4225 639 4278 18
677 4225 984 4293 purificauit
1020 4224 1199 4279 ΡΝόἰ
1362 4226 1496 4279 dicit
1534 4226 1578 4278 C
1703 4227 1773 4280 22
1812 4225 2039 4278 cuilibet
2075 4225 2281 4277 homini
2319 4242 2420 4278 om.
2460 4225 2527 4277 N

228 4314 296 4366 23
334 4313 599 4382 eiusdem]
637 4313 780 4367 idem
816 4312 884 4366 N
1056 4314 1112 4366 id
1151 4318 1236 4367 est
1274 4331 1374 4368 om.
1425 4315 1477 4367 V
1617 4317 1684 4368 25
1724 4317 1869 4367 ciues
1911 4313 2043 4366 C¹N
2172 4313 2241 4367 26
2281 4314 2425 4382 quod
2470 4314 2521 4366 T

229 4402 295 4454 27
337 4402 411 4470 es]
455 4408 484 4455 ἔ
524 4402 567 4455 C

284 4526 474 4566 xxvm
504 4527 620 4576 Aug.
650 4530 759 4566 sect.
789 4527 858 4566 111
887 4537 990 4576 pm
1011 4528 1035 4565 3
2307 4511 2371 4563 13
