3076 4976
656 485 1133 550 Quaestionum
1173 483 1284 536 lib.
1324 485 1350 537 1
1391 484 1677 552 (Quaest.
1719 483 1792 538 de
1834 483 2117 550 Genesi).
2445 489 2527 552 83

257 700 387 744 curn
458 680 658 744 fames
736 683 908 744 esset
979 681 1458 756 frumentorum,
1536 699 1696 760 quae
1774 681 1981 743 solent
2047 679 2177 743 Nili
2242 680 2526 745 fluminis

256 786 646 851 inundatione
722 787 1092 870 prouenire‘?
1166 787 1370 869 magis
1447 787 1615 850 enim
1691 786 1989 850 dicuntur
2052 787 2315 868 paludes
2381 787 2528 852 illae

254 895 507 958 feracius
554 913 795 975 pascua
842 894 1120 977 gignere,
1170 893 1415 975 quando
1466 912 1629 975 aqua
1675 892 1807 956 Nili
1856 893 2065 956 minus
2115 894 2435 958 excrescit.

334 1001 538 1066 CLXI.
586 1001 941 1065 Moriturus
990 1001 1174 1065 Iacob
1224 1001 1353 1065 filio
1396 1020 1511 1064 suo
1565 1000 1790 1082 Ioseph
1858 1000 2046 1064 dicit:
2117 1001 2185 1064 si
2247 1001 2527 1064 inueni

199 1131 221 1168 5
254 1109 586 1192 gratiam
639 1109 713 1171 in
765 1110 1215 1188 conspectu
1254 1110 1413 1183 tu0,
1455 1107 1739 1171 subice
1779 1126 2087 1170 manum
2126 1109 2341 1171 tuam
2383 1109 2525 1171 sub

252 1215 535 1278 femore
565 1233 736 1278 meo
770 1216 845 1277 et
873 1214 1132 1278 facies
1164 1214 1238 1277 in
1278 1232 1392 1276 me
1440 1213 2098 1277 misericordiam
2129 1214 2527 1278 etuerita-

252 1325 408 1387 tem.
458 1340 529 1384 ea
576 1321 785 1384 filium
825 1321 1133 1384 iuratione
1175 1319 1573 1404 constringit,
1616 1338 1739 1400 qua
1780 1339 2034 1383 seruum
2075 1320 2529 1384 constrinxerat

250 1428 574 1491 Abraham:
617 1428 726 1491 ille
766 1427 1066 1490 mandans
1100 1427 1266 1490 unde
1304 1446 1457 1491 uxor
1495 1426 1764 1490 ducatur
1803 1427 1930 1490 filio
1973 1446 2110 1505 sue,
2154 1427 2276 1490 iste
2317 1427 2526 1509 sepul-

247 1539 437 1596 turam
511 1533 965 1598 commendans
1042 1532 1318 1614 corporis
1396 1533 1516 1596 sui.
1569 1532 1628 1594 in
1707 1534 1971 1613 utraque
2046 1536 2257 1595 tamen
2335 1550 2527 1595 causa

178 1666 218 1704 m
248 1642 549 1705 nominata
601 1644 755 1704 sunt
803 1640 926 1704 duo
975 1640 1105 1714 illa,
1160 1658 1316 1721 quae
1366 1639 1578 1722 magni
1629 1638 1916 1702 habenda
1964 1642 2152 1719 atque
2202 1628 2526 1720 pendenda

251 1753 385 1813 sunt
438 1749 498 1811 in
572 1747 909 1829 scripturis
978 1747 1291 1812 omnibus,
1353 1763 1752 1827 quacumque
1811 1745 2148 1826 dispersim
2202 1745 2523 1829 leguntur,

248 1854 671 1919 misericordia
746 1857 811 1918 et
882 1854 1130 1918 iustitia
1203 1853 1308 1916 uel
1380 1853 1814 1916 misericordia
1890 1857 1954 1916 et
2026 1851 2338 1915 iudicium
2414 1852 2518 1914 1101

250 1962 665 2027 misericordia
713 1965 777 2025 et
818 1962 1069 2036 11011103,
1122 1959 1629 2041 quandoquidem
1691 1959 1962 2040 quodam
2019 1958 2157 2022 loco
2218 1959 2524 2040 scriptum

249 2074 361 2133 est:
402 2070 845 2133 uniuersae
896 2069 1074 2131 uiae
1114 2066 1415 2130 domini
1455 2064 2036 2129 misericordia
2074 2068 2151 2127 et
2190 2065 2521 2130 ueritas

176 2198 214 2236 15
247 2175 326 2239 ita
366 2177 516 2238 11000
567 2175 695 2238 duo
743 2174 1019 2237 multum
1067 2173 1501 2237 commendata
1547 2172 1820 2235 multum
1863 2171 2315 2236 consideranda
2353 2176 2520 2235 sunt.

247 2299 454 2347 seruus
523 2285 741 2345 autem
795 2280 1083 2344 Abrahae
1150 2279 1415 2342 dixerat:
1486 2280 1549 2342 si
1615 2279 1906 2342 facitis
1975 2279 2048 2342 in
2120 2279 2522 2343 dominum

246 2406 477 2451 meum
529 2386 1185 2452 misericordiam
1235 2390 1313 2449 et
1371 2385 1810 2458 iustitiam,
1870 2385 2038 2448 sicut
2095 2389 2157 2448 et
2211 2386 2333 2448 iste
2391 2386 2520 2450 filio

247 2514 349 2560 suo
380 2496 565 2561 dicit:
612 2500 692 2560 et
720 2496 979 2559 facies
1010 2495 1085 2559 in
1116 2514 1231 2558 1110
1261 2494 1912 2558 misericordiam
1949 2497 2026 2556 et
2063 2492 2519 2556 ueritatem.

246 2602 381 2682 quid
414 2603 536 2666 sibi
568 2607 781 2666 autem
816 2602 975 2665 uelit
1012 2605 1188 2665 tanto
1230 2602 1366 2664 uiro
1407 2604 1535 2663 tam
1580 2599 1854 2663 sollicita
1894 2598 2170 2681 corporis
2212 2617 2522 2662 commen-

172 2735 214 2772 20
245 2708 422 2783 datio,
491 2715 566 2773 ut
640 2727 761 2772 non
810 2709 871 2771 in
938 2710 1228 2792 Aegypto
1298 2707 1661 2788 sepeliatur,
1727 2705 1838 2770 sed
1886 2707 1946 2769 in
2005 2708 2171 2769 terra
2232 2704 2520 2769 Chanaan

243 2816 401 2879 iuxta
470 2819 687 2897 patres
756 2835 927 2889 suoS,
996 2814 1227 2877 mirum
1302 2814 1558 2877 uidetur
1623 2816 1687 2877 et
1751 2814 1931 2893 quasi
2000 2812 2344 2877 absurdum
2408 2831 2521 2876 nec

243 2922 609 2985 conueniens
662 2924 873 2985 tantae
936 2919 1338 2984 excellentiae
1404 2920 1635 2984 mentis
1702 2919 2128 3002 propheticae,
2181 2919 2233 2982 si
2280 2919 2402 2982 hoc
2451 2938 2521 2982 ex

242 3024 552 3091 hominum
633 3027 1090 3091 consuetudine
1157 3027 1514 3090 metiamur.
1567 3026 1621 3090 si
1689 3030 1901 3090 autem
1949 3027 2008 3089 in
2059 3026 2159 3089 his
2227 3025 2519 3088 omnibus

245 3139 617 3197 sacramenta
669 3137 1067 3216 quaerantur,
1115 3133 1374 3197 maioris
1423 3133 1857 3197 admirationis
1907 3133 2211 3216 gaudium
2249 3131 2373 3214 ipsi
2414 3131 2520 3212 qui

169 3274 212 3312 25
243 3237 539 3305 inuenerit
624 3241 880 3304 orietur.
967 3240 1383 3304 cadaueribus
1469 3241 1701 3323 quippe
1786 3243 2179 3303 mortuorum
2261 3241 2522 3319 peccata

246 3345 567 3428 significari
618 3346 680 3409 in
737 3346 878 3429 lege
946 3367 1066 3410 non
1137 3346 1399 3409 dubium
1469 3350 1587 3421 est,
1658 3364 1802 3408 cum
1869 3345 2168 3408 iubentur
2233 3342 2517 3406 homines

401 3607 433 3658 4
474 3606 609 3658 Gen.
648 3606 735 3659 47.
778 3605 845 3656 29
946 3606 975 3657 7
1017 3604 1083 3658 cf.
1126 3604 1256 3657 Gen.
1297 3605 1383 3666 24,
1424 3605 1456 3656 2
1565 3605 1628 3655 14
1656 3604 1744 3657 Ps.
1785 3605 1869 3667 ⁶24,
1913 3603 1978 3657 10
2079 3605 2141 3656 16
2173 3602 2305 3655 Gen.
2333 3604 2418 3669 24,
2447 3604 2517 3656 49

242 3692 303 3745 20
336 3694 397 3746 cf.
436 3693 569 3747 Gen.
609 3696 699 3752 47.
739 3693 808 3746 30
918 3694 987 3745 26
1027 3692 1094 3746 cf.
1134 3692 1295 3746 Num.
1338 3693 1422 3756 19,
1461 3693 1639 3745 3—12

302 3868 332 3919 2
358 3868 453 3922 illa
475 3869 541 3921 N
565 3868 659 3922 ille
699 3869 749 3921 T
818 3870 849 3922 3
889 3867 1117 3921 feracivs
1150 3872 1204 3934 (v
1233 3884 1275 3921 3.
1310 3869 1343 3921 l.
1369 3884 1533 3935 super
1560 3883 1677 3935 exp.
1709 3869 1761 3933 o)
1796 3867 1842 3919 C
1873 3867 2098 3920 seratius
2137 3867 2187 3919 T
2218 3867 2416 3920 feracia
2446 3867 2520 3920 bd

242 3955 269 4005 6
302 3957 352 4009 in
386 3960 491 4027 me]
534 3975 746 4010 mecum
786 3956 829 4011 S
1009 3958 1038 4009 7
1080 3959 1472 4011 constrinxerat
1507 3959 1651 4026 (erat
1687 3973 1751 4011 ex
1787 3957 1853 4022 it)
1895 3957 1949 4009 P
1984 3956 2270 4009 constrixit
2313 3956 2356 4009 G
2393 3973 2516 4009 con-

242 4045 472 4108 strincxit
515 4048 567 4099 T
686 4048 751 4100 10
788 4063 983 4114 magna
1020 4046 1075 4098 P
1198 4047 1257 4099 11
1303 4046 1547 4115 dispersa
1586 4046 1616 4098 b
1741 4045 1805 4098 12
1843 4044 2214 4098 misericordia
2251 4045 2518 4111 utrimque

242 4138 283 4185 et
315 4134 372 4186 in
404 4151 549 4204 sequ.
589 4151 755 4189 uersu
793 4151 858 4188 esc
894 4134 1259 4204 misericordie
1304 4134 1351 4187 G
1477 4136 1542 4189 13
1580 4135 1634 4188 in
1674 4134 1904 4203 quodam
1955 4134 2081 4187 Vbd
2208 4134 2274 4185 16
2315 4133 2360 4185 31
2397 4149 2438 4185 s.
2481 4133 2514 4185 l.

242 4237 300 4276 m.
336 4227 363 4275 1
399 4224 441 4277 C
476 4242 575 4279 om.
616 4225 671 4277 P
852 4224 1007 4277 deum
1046 4223 1112 4276 N
1292 4225 1354 4278 18
1394 4227 1448 4277 et
1484 4224 1650 4277 facies
1688 4224 1912 4291 scripsi.-
1949 4226 2010 4275 ut
2049 4222 2212 4275 facias
2254 4222 2410 4285 libri5
2446 4222 2514 4286 cf.

245 4311 327 4377 8-3,
360 4316 393 4364 6
520 4316 582 4366 19
623 4331 653 4366 0
691 4316 847 4366 tauto
876 4312 1037 4367 PSN
1052 4313 1223 4367 »²de
1348 4313 1417 4367 20
1444 4313 1653 4367 chanan
1686 4312 1746 4365 N
1759 4312 1886 4381 Euy
1916 4312 2022 4377 (ecl.
2051 4311 2262 4365 Knoell
2280 4327 2338 4378 p.
2375 4313 2514 4373 344)

243 4397 303 4451 23
339 4402 655 4455 mentiamur
693 4402 752 4454 N

2301 4505 2363 4556 6*
