<?xml version="1.0" encoding="UTF-8"?>
<!DOCTYPE html PUBLIC "-//W3C//DTD XHTML 1.0 Transitional//EN"
    "http://www.w3.org/TR/xhtml1/DTD/xhtml1-transitional.dtd">
<html xmlns="http://www.w3.org/1999/xhtml" xml:lang="en" lang="en">
 <head>
  <title>
</title>
<meta http-equiv="Content-Type" content="text/html;charset=utf-8" />
  <meta name='ocr-system' content='tesseract 3.04.00' />
  <meta name='ocr-capabilities' content='ocr_page ocr_carea ocr_par ocr_line ocrx_word'/>
</head>
<body>
  <div class='ocr_page' id='page_1' title='image "./corpusscriptoru31wissgoog_0366.png"; bbox 0 0 3076 4976; ppageno 0'>
   <div class='ocr_carea' id='block_1_1' title="bbox 416 491 1992 561">
    <p class='ocr_par' dir='ltr' id='par_1_1' title="bbox 416 491 1992 561">
     <span class='ocr_line' id='line_1_1' title="bbox 416 491 1992 561; baseline -0.006 -9"><span class='ocrx_word' id='word_1_1' title='bbox 416 496 545 559; x_wconf 81' lang='grc'>332</span> <span class='ocrx_word' id='word_1_2' title='bbox 1117 493 1169 546; x_wconf 91' lang='lat' dir='ltr'>S.</span> <span class='ocrx_word' id='word_1_3' title='bbox 1227 492 1499 546; x_wconf 86' lang='lat' dir='ltr'>Aureli</span> <span class='ocrx_word' id='word_1_4' title='bbox 1557 491 1992 561; x_wconf 80' lang='lat' dir='ltr'>Augustini</span> 
     </span>
    </p>
   </div>
   <div class='ocr_carea' id='block_1_2' title="bbox 398 685 2793 3544">
    <p class='ocr_par' dir='ltr' id='par_1_2' title="bbox 412 685 2707 983">
     <span class='ocr_line' id='line_1_2' title="bbox 415 685 2707 770; baseline 0 -20"><span class='ocrx_word' id='word_1_5' title='bbox 415 687 769 752; x_wconf 81' lang='lat' dir='ltr'>diceretur?</span> <span class='ocrx_word' id='word_1_6' title='bbox 843 687 906 750; x_wconf 91' lang='lat' dir='ltr'>in</span> <span class='ocrx_word' id='word_1_7' title='bbox 962 686 1101 768; x_wconf 89' lang='lat' dir='ltr'>ipso</span> <span class='ocrx_word' id='word_1_8' title='bbox 1161 705 1309 770; x_wconf 89' lang='lat' dir='ltr'>ergo</span> <span class='ocrx_word' id='word_1_9' title='bbox 1366 690 1581 750; x_wconf 88' lang='lat' dir='ltr'>monte</span> <span class='ocrx_word' id='word_1_10' title='bbox 1639 686 2077 767; x_wconf 78' lang='lat' dir='ltr'>explorabatur</span> <span class='ocrx_word' id='word_1_11' title='bbox 2130 690 2316 763; x_wconf 87' lang='lat' dir='ltr'>terra,</span> <span class='ocrx_word' id='word_1_12' title='bbox 2366 686 2515 768; x_wconf 87' lang='lat' dir='ltr'>quia</span> <span class='ocrx_word' id='word_1_13' title='bbox 2567 685 2707 769; x_wconf 89' lang='lat' dir='ltr'>ipsa</span> 
     </span>
     <span class='ocr_line' id='line_1_3' title="bbox 414 779 2703 877; baseline 0 -20"><span class='ocrx_word' id='word_1_14' title='bbox 414 798 549 857; x_wconf 88' lang='lat' dir='ltr'>erat</span> <span class='ocrx_word' id='word_1_15' title='bbox 596 813 754 875; x_wconf 89' lang='lat' dir='ltr'>quae</span> <span class='ocrx_word' id='word_1_16' title='bbox 803 794 1257 877; x_wconf 84' lang='lat' dir='ltr'>exploraretur;</span> <span class='ocrx_word' id='word_1_17' title='bbox 1319 798 1383 858; x_wconf 90' lang='lat' dir='ltr'>et</span> <span class='ocrx_word' id='word_1_18' title='bbox 1438 793 1527 857; x_wconf 93' lang='lat' dir='ltr'>ibi</span> <span class='ocrx_word' id='word_1_19' title='bbox 1587 798 1721 858; x_wconf 89' lang='lat' dir='ltr'>erat</span> <span class='ocrx_word' id='word_1_20' title='bbox 1776 793 2034 876; x_wconf 89' lang='lat' dir='ltr'>quidam</span> <span class='ocrx_word' id='word_1_21' title='bbox 2093 779 2448 875; x_wconf 69' lang='lat' dir='ltr'>depressior</span> <span class='ocrx_word' id='word_1_22' title='bbox 2502 794 2703 870; x_wconf 76' lang='lat' dir='ltr'>locUS‚</span> 
     </span>
     <span class='ocr_line' id='line_1_4' title="bbox 412 900 1615 983; baseline 0.001 -19"><span class='ocrx_word' id='word_1_23' title='bbox 412 900 487 964; x_wconf 89' lang='lat' dir='ltr'>de</span> <span class='ocrx_word' id='word_1_24' title='bbox 537 921 661 983; x_wconf 89' lang='lat' dir='ltr'>qua</span> <span class='ocrx_word' id='word_1_25' title='bbox 707 902 875 965; x_wconf 88' lang='lat' dir='ltr'>ualle</span> <span class='ocrx_word' id='word_1_26' title='bbox 922 900 1145 966; x_wconf 92' lang='lat' dir='ltr'>botrus</span> <span class='ocrx_word' id='word_1_27' title='bbox 1195 901 1445 965; x_wconf 87' lang='lat' dir='ltr'>ablatus</span> <span class='ocrx_word' id='word_1_28' title='bbox 1495 904 1615 965; x_wconf 91' lang='lat' dir='ltr'>est.</span> 
     </span>
    </p>

    <p class='ocr_par' dir='ltr' id='par_1_3' title="bbox 408 1006 2793 1304">
     <span class='ocr_line' id='line_1_5' title="bbox 505 1006 2703 1091; baseline 0 -21"><span class='ocrx_word' id='word_1_29' title='bbox 505 1006 710 1072; x_wconf 88' lang='lat' dir='ltr'>XXII.</span> <span class='ocrx_word' id='word_1_30' title='bbox 756 1008 850 1071; x_wconf 87' lang='lat' dir='ltr'>Et</span> <span class='ocrx_word' id='word_1_31' title='bbox 893 1008 1383 1090; x_wconf 89' lang='lat' dir='ltr'>protulerunt</span> <span class='ocrx_word' id='word_1_32' title='bbox 1425 1026 1786 1090; x_wconf 87' lang='lat' dir='ltr'>pauorem</span> <span class='ocrx_word' id='word_1_33' title='bbox 1833 1012 2078 1073; x_wconf 87' lang='lat' dir='ltr'>terrae</span> <span class='ocrx_word' id='word_1_34' title='bbox 2119 1026 2335 1089; x_wconf 89' lang='lat' dir='ltr'>quam</span> <span class='ocrx_word' id='word_1_35' title='bbox 2376 1008 2703 1091; x_wconf 84' lang='lat' dir='ltr'>explora-</span> 
     </span>
     <span class='ocr_line' id='line_1_6' title="bbox 409 1113 2793 1197; baseline -0.001 -19"><span class='ocrx_word' id='word_1_36' title='bbox 409 1120 700 1180; x_wconf 89' lang='lat' dir='ltr'>uerunt.</span> <span class='ocrx_word' id='word_1_37' title='bbox 768 1133 1157 1197; x_wconf 78' lang='lat' dir='ltr'>„pauorem</span> <span class='ocrx_word' id='word_1_38' title='bbox 1214 1119 1494 1179; x_wconf 85' lang='lat' dir='ltr'>terrae“</span> <span class='ocrx_word' id='word_1_39' title='bbox 1561 1115 1736 1191; x_wconf 83' lang='lat' dir='ltr'>dixit,</span> <span class='ocrx_word' id='word_1_40' title='bbox 1802 1133 1924 1179; x_wconf 92' lang='lat' dir='ltr'>non</span> <span class='ocrx_word' id='word_1_41' title='bbox 1972 1133 2097 1197; x_wconf 90' lang='lat' dir='ltr'>quo</span> <span class='ocrx_word' id='word_1_42' title='bbox 2161 1115 2438 1196; x_wconf 87' lang='lat' dir='ltr'>pauebat</span> <span class='ocrx_word' id='word_1_43' title='bbox 2484 1113 2701 1179; x_wconf 88' lang='lat' dir='ltr'>eadem</span> <span class='ocrx_word' id='word_1_44' title='bbox 2765 1136 2793 1176; x_wconf 80' lang='lat'><strong>5</strong></span> 
     </span>
     <span class='ocr_line' id='line_1_7' title="bbox 408 1222 1927 1304; baseline -0.001 -18"><span class='ocrx_word' id='word_1_45' title='bbox 408 1226 593 1298; x_wconf 86' lang='lat' dir='ltr'>terra,</span> <span class='ocrx_word' id='word_1_46' title='bbox 643 1222 755 1286; x_wconf 92' lang='lat' dir='ltr'>sed</span> <span class='ocrx_word' id='word_1_47' title='bbox 803 1241 993 1304; x_wconf 90' lang='lat' dir='ltr'>quem</span> <span class='ocrx_word' id='word_1_48' title='bbox 1040 1240 1112 1285; x_wconf 81' lang='lat' dir='ltr'>ex</span> <span class='ocrx_word' id='word_1_49' title='bbox 1160 1241 1234 1285; x_wconf 89' lang='lat' dir='ltr'>ea</span> <span class='ocrx_word' id='word_1_50' title='bbox 1279 1224 1445 1286; x_wconf 86' lang='lat' dir='ltr'>terra</span> <span class='ocrx_word' id='word_1_51' title='bbox 1493 1225 1927 1304; x_wconf 77' lang='lat' dir='ltr'>conceperant.</span> 
     </span>
    </p>

    <p class='ocr_par' dir='ltr' id='par_1_4' title="bbox 399 1327 2791 3009">
     <span class='ocr_line' id='line_1_8' title="bbox 494 1327 2701 1413; baseline -0 -21"><span class='ocrx_word' id='word_1_52' title='bbox 494 1328 731 1392; x_wconf 89' lang='lat' dir='ltr'>XXIII.</span> <span class='ocrx_word' id='word_1_53' title='bbox 782 1327 973 1393; x_wconf 86' lang='lat' dir='ltr'>Caleb</span> <span class='ocrx_word' id='word_1_54' title='bbox 1024 1331 1089 1392; x_wconf 89' lang='lat' dir='ltr'>et</span> <span class='ocrx_word' id='word_1_55' title='bbox 1132 1329 1315 1393; x_wconf 91' lang='lat' dir='ltr'>Iesus</span> <span class='ocrx_word' id='word_1_56' title='bbox 1363 1328 1544 1393; x_wconf 86' lang='lat' dir='ltr'>Naue</span> <span class='ocrx_word' id='word_1_57' title='bbox 1591 1329 1925 1411; x_wconf 89' lang='lat' dir='ltr'>loquentes</span> <span class='ocrx_word' id='word_1_58' title='bbox 1974 1328 2052 1392; x_wconf 90' lang='lat' dir='ltr'>ad</span> <span class='ocrx_word' id='word_1_59' title='bbox 2090 1330 2399 1413; x_wconf 91' lang='lat' dir='ltr'>populum</span> <span class='ocrx_word' id='word_1_60' title='bbox 2436 1327 2701 1405; x_wconf 83' lang='lat' dir='ltr'>Israhel,</span> 
     </span>
     <span class='ocr_line' id='line_1_9' title="bbox 406 1433 2699 1518; baseline 0 -22"><span class='ocrx_word' id='word_1_61' title='bbox 406 1453 483 1498; x_wconf 92' lang='lat' dir='ltr'>ne</span> <span class='ocrx_word' id='word_1_62' title='bbox 530 1434 827 1499; x_wconf 75' lang='lat' dir='ltr'>timerent</span> <span class='ocrx_word' id='word_1_63' title='bbox 870 1433 1114 1518; x_wconf 89' lang='lat' dir='ltr'>ingredi</span> <span class='ocrx_word' id='word_1_64' title='bbox 1161 1437 1389 1499; x_wconf 89' lang='lat' dir='ltr'>terram</span> <span class='ocrx_word' id='word_1_65' title='bbox 1437 1434 1900 1516; x_wconf 80' lang='lat' dir='ltr'>promissionis,</span> <span class='ocrx_word' id='word_1_66' title='bbox 1941 1434 2229 1499; x_wconf 84' lang='lat' dir='ltr'>dixerunt</span> <span class='ocrx_word' id='word_1_67' title='bbox 2263 1434 2429 1498; x_wconf 92' lang='lat' dir='ltr'>inter</span> <span class='ocrx_word' id='word_1_68' title='bbox 2465 1438 2699 1498; x_wconf 85' lang='lat' dir='ltr'>cetera:</span> 
     </span>
     <span class='ocr_line' id='line_1_10' title="bbox 405 1540 2699 1624; baseline -0.001 -19"><span class='ocrx_word' id='word_1_69' title='bbox 405 1560 541 1606; x_wconf 89' lang='lat' dir='ltr'>uos</span> <span class='ocrx_word' id='word_1_70' title='bbox 610 1544 865 1605; x_wconf 87' lang='lat' dir='ltr'>autem</span> <span class='ocrx_word' id='word_1_71' title='bbox 935 1559 1024 1604; x_wconf 82' lang='lat' dir='ltr'>ne</span> <span class='ocrx_word' id='word_1_72' title='bbox 1089 1541 1511 1605; x_wconf 84' lang='lat' dir='ltr'>timueritis</span> <span class='ocrx_word' id='word_1_73' title='bbox 1589 1541 1950 1624; x_wconf 89' lang='lat' dir='ltr'>populum</span> <span class='ocrx_word' id='word_1_74' title='bbox 2014 1545 2280 1618; x_wconf 90' lang='lat' dir='ltr'>terrae,</span> <span class='ocrx_word' id='word_1_75' title='bbox 2348 1540 2699 1623; x_wconf 92' lang='lat' dir='ltr'>quoniam</span> 
     </span>
     <span class='ocr_line' id='line_1_11' title="bbox 407 1646 2791 1730; baseline 0 -19"><span class='ocrx_word' id='word_1_76' title='bbox 407 1646 621 1712; x_wconf 89' lang='lat' dir='ltr'>cibus</span> <span class='ocrx_word' id='word_1_77' title='bbox 659 1647 877 1712; x_wconf 91' lang='lat' dir='ltr'>nobis</span> <span class='ocrx_word' id='word_1_78' title='bbox 919 1650 1111 1713; x_wconf 91' lang='lat' dir='ltr'>sunt.</span> <span class='ocrx_word' id='word_1_79' title='bbox 1164 1648 1544 1712; x_wconf 81' lang='lat' dir='ltr'>abscessit</span> <span class='ocrx_word' id='word_1_80' title='bbox 1590 1649 1780 1713; x_wconf 86' lang='lat' dir='ltr'>enim</span> <span class='ocrx_word' id='word_1_81' title='bbox 1828 1653 2123 1730; x_wconf 88' lang='lat' dir='ltr'>tempus</span> <span class='ocrx_word' id='word_1_82' title='bbox 2174 1649 2259 1713; x_wconf 87' lang='lat' dir='ltr'>ab</span> <span class='ocrx_word' id='word_1_83' title='bbox 2300 1648 2431 1725; x_wconf 67' lang='grc' dir='ltr'>εἰς,</span> <span class='ocrx_word' id='word_1_84' title='bbox 2473 1646 2700 1712; x_wconf 89' lang='lat' dir='ltr'>domi·</span> <span class='ocrx_word' id='word_1_85' title='bbox 2738 1672 2791 1712; x_wconf 87' lang='grc' dir='ltr'>ιο</span> 
     </span>
     <span class='ocr_line' id='line_1_12' title="bbox 405 1753 2698 1837; baseline 0 -19"><span class='ocrx_word' id='word_1_86' title='bbox 405 1774 543 1819; x_wconf 88' lang='lat' dir='ltr'>nus</span> <span class='ocrx_word' id='word_1_87' title='bbox 582 1758 829 1818; x_wconf 87' lang='lat' dir='ltr'>autem</span> <span class='ocrx_word' id='word_1_88' title='bbox 878 1753 949 1818; x_wconf 90' lang='lat' dir='ltr'>in</span> <span class='ocrx_word' id='word_1_89' title='bbox 999 1753 1245 1831; x_wconf 82' lang='lat' dir='ltr'>nobis3</span> <span class='ocrx_word' id='word_1_90' title='bbox 1294 1773 1379 1818; x_wconf 87' lang='lat' dir='ltr'>ne</span> <span class='ocrx_word' id='word_1_91' title='bbox 1428 1754 1849 1820; x_wconf 86' lang='lat' dir='ltr'>timueritis</span> <span class='ocrx_word' id='word_1_92' title='bbox 1897 1774 2045 1820; x_wconf 89' lang='lat' dir='ltr'>eos.</span> <span class='ocrx_word' id='word_1_93' title='bbox 2097 1755 2265 1837; x_wconf 93' lang='lat' dir='ltr'>quod</span> <span class='ocrx_word' id='word_1_94' title='bbox 2297 1755 2698 1819; x_wconf 85' lang='lat' dir='ltr'>dictumest:</span> 
     </span>
     <span class='ocr_line' id='line_1_13' title="bbox 407 1859 2696 1944; baseline 0 -20"><span class='ocrx_word' id='word_1_95' title='bbox 407 1861 620 1925; x_wconf 87' lang='lat' dir='ltr'>cibus</span> <span class='ocrx_word' id='word_1_96' title='bbox 667 1859 881 1925; x_wconf 92' lang='lat' dir='ltr'>nobis</span> <span class='ocrx_word' id='word_1_97' title='bbox 932 1865 1127 1937; x_wconf 89' lang='lat' dir='ltr'>sunt,</span> <span class='ocrx_word' id='word_1_98' title='bbox 1173 1860 1544 1944; x_wconf 88' lang='lat' dir='ltr'>intellegere</span> <span class='ocrx_word' id='word_1_99' title='bbox 1590 1861 1932 1926; x_wconf 89' lang='lat' dir='ltr'>uoluerunt</span> <span class='ocrx_word' id='word_1_100' title='bbox 1985 1879 2470 1938; x_wconf 84' lang='lat' dir='ltr'>„consumemus</span> <span class='ocrx_word' id='word_1_101' title='bbox 2523 1866 2696 1925; x_wconf 83' lang='lat' dir='ltr'>eos“.</span> 
     </span>
     <span class='ocr_line' id='line_1_14' title="bbox 407 1967 2697 2052; baseline -0 -21"><span class='ocrx_word' id='word_1_102' title='bbox 407 1967 574 2049; x_wconf 91' lang='lat' dir='ltr'>quod</span> <span class='ocrx_word' id='word_1_103' title='bbox 622 1986 769 2032; x_wconf 88' lang='lat' dir='ltr'>uero</span> <span class='ocrx_word' id='word_1_104' title='bbox 838 1967 1282 2032; x_wconf 83' lang='lat' dir='ltr'>adiunxerunt:</span> <span class='ocrx_word' id='word_1_105' title='bbox 1350 1968 1735 2033; x_wconf 88' lang='lat' dir='ltr'>abscessit</span> <span class='ocrx_word' id='word_1_106' title='bbox 1801 1969 1983 2033; x_wconf 88' lang='lat' dir='ltr'>euim</span> <span class='ocrx_word' id='word_1_107' title='bbox 2048 1972 2347 2052; x_wconf 90' lang='lat' dir='ltr'>tempus</span> <span class='ocrx_word' id='word_1_108' title='bbox 2413 1968 2496 2032; x_wconf 85' lang='lat' dir='ltr'>ab</span> <span class='ocrx_word' id='word_1_109' title='bbox 2566 1967 2697 2043; x_wconf 87' lang='lat' dir='ltr'>eis,</span> 
     </span>
     <span class='ocr_line' id='line_1_15' title="bbox 401 2073 2694 2157; baseline -0 -20"><span class='ocrx_word' id='word_1_110' title='bbox 401 2073 752 2139; x_wconf 89' lang='lat' dir='ltr'>dominus</span> <span class='ocrx_word' id='word_1_111' title='bbox 822 2078 1069 2139; x_wconf 89' lang='lat' dir='ltr'>autem</span> <span class='ocrx_word' id='word_1_112' title='bbox 1125 2075 1197 2139; x_wconf 94' lang='lat' dir='ltr'>in</span> <span class='ocrx_word' id='word_1_113' title='bbox 1264 2074 1504 2151; x_wconf 90' lang='lat' dir='ltr'>nobis,</span> <span class='ocrx_word' id='word_1_114' title='bbox 1573 2074 1729 2140; x_wconf 87' lang='lat' dir='ltr'>satis</span> <span class='ocrx_word' id='word_1_115' title='bbox 1796 2074 2134 2157; x_wconf 87' lang='lat' dir='ltr'>diligenter</span> <span class='ocrx_word' id='word_1_116' title='bbox 2196 2094 2319 2140; x_wconf 91' lang='lat' dir='ltr'>non</span> <span class='ocrx_word' id='word_1_117' title='bbox 2386 2075 2694 2140; x_wconf 84' lang='lat' dir='ltr'>dixemnt.</span> 
     </span>
     <span class='ocr_line' id='line_1_16' title="bbox 405 2180 2787 2264; baseline 0 -20"><span class='ocrx_word' id='word_1_118' title='bbox 405 2180 721 2245; x_wconf 84' lang='lat' dir='ltr'>abscessit</span> <span class='ocrx_word' id='word_1_119' title='bbox 757 2181 1051 2245; x_wconf 90' lang='lat' dir='ltr'>dominus</span> <span class='ocrx_word' id='word_1_120' title='bbox 1090 2180 1167 2245; x_wconf 89' lang='lat' dir='ltr'>ab</span> <span class='ocrx_word' id='word_1_121' title='bbox 1207 2181 1298 2246; x_wconf 90' lang='lat' dir='ltr'>eis</span> <span class='ocrx_word' id='word_1_122' title='bbox 1336 2218 1425 2229; x_wconf 85' lang='lat'>-—-</span> <span class='ocrx_word' id='word_1_123' title='bbox 1462 2181 1619 2263; x_wconf 90' lang='lat' dir='ltr'>inpii</span> <span class='ocrx_word' id='word_1_124' title='bbox 1660 2182 1893 2264; x_wconf 87' lang='lat' dir='ltr'>quippe</span> <span class='ocrx_word' id='word_1_125' title='bbox 1934 2180 2285 2264; x_wconf 88' lang='lat' dir='ltr'>antiquitus</span> <span class='ocrx_word' id='word_1_126' title='bbox 2325 2181 2579 2246; x_wconf 85' lang='lat' dir='ltr'>fuerunt</span> <span class='ocrx_word' id='word_1_127' title='bbox 2608 2218 2697 2228; x_wconf 92' lang='lat'><strong>—</strong></span> <span class='ocrx_word' id='word_1_128' title='bbox 2734 2204 2787 2245; x_wconf 70' lang='grc' dir='ltr'>ιο</span> 
     </span>
     <span class='ocr_line' id='line_1_17' title="bbox 405 2285 2695 2372; baseline 0.002 -23"><span class='ocrx_word' id='word_1_129' title='bbox 405 2285 536 2363; x_wconf 89' lang='lat' dir='ltr'>sed,</span> <span class='ocrx_word' id='word_1_130' title='bbox 567 2287 865 2368; x_wconf 88' lang='lat' dir='ltr'>quoniam</span> <span class='ocrx_word' id='word_1_131' title='bbox 895 2290 959 2351; x_wconf 92' lang='lat' dir='ltr'>et</span> <span class='ocrx_word' id='word_1_132' title='bbox 986 2287 1176 2369; x_wconf 88' lang='lat' dir='ltr'>inpiis</span> <span class='ocrx_word' id='word_1_133' title='bbox 1208 2290 1460 2353; x_wconf 86' lang='lat' dir='ltr'>occulta</span> <span class='ocrx_word' id='word_1_134' title='bbox 1488 2288 1959 2369; x_wconf 89' lang='lat' dir='ltr'>dispensatione</span> <span class='ocrx_word' id='word_1_135' title='bbox 1992 2287 2241 2353; x_wconf 86' lang='lat' dir='ltr'>diuinae</span> <span class='ocrx_word' id='word_1_136' title='bbox 2261 2287 2695 2372; x_wconf 84' lang='lat' dir='ltr'>prouidentiae</span> 
     </span>
     <span class='ocr_line' id='line_1_18' title="bbox 405 2392 2694 2479; baseline 0.001 -24"><span class='ocrx_word' id='word_1_137' title='bbox 405 2392 591 2457; x_wconf 90' lang='lat' dir='ltr'>datur</span> <span class='ocrx_word' id='word_1_138' title='bbox 634 2399 888 2476; x_wconf 88' lang='lat' dir='ltr'>tempus</span> <span class='ocrx_word' id='word_1_139' title='bbox 955 2394 1217 2459; x_wconf 91' lang='lat' dir='ltr'>florendi</span> <span class='ocrx_word' id='word_1_140' title='bbox 1265 2397 1455 2477; x_wconf 87' lang='lat' dir='ltr'>atque</span> <span class='ocrx_word' id='word_1_141' title='bbox 1520 2394 1844 2479; x_wconf 87' lang='lat' dir='ltr'>regnandi,</span> <span class='ocrx_word' id='word_1_142' title='bbox 1912 2395 2313 2471; x_wconf 85' lang='lat' dir='ltr'>abscessit,</span> <span class='ocrx_word' id='word_1_143' title='bbox 2378 2394 2694 2477; x_wconf 84' lang='lat' dir='ltr'>inquiunt,</span> 
     </span>
     <span class='ocr_line' id='line_1_19' title="bbox 403 2501 2691 2582; baseline 0 -17"><span class='ocrx_word' id='word_1_144' title='bbox 403 2505 702 2582; x_wconf 86' lang='lat' dir='ltr'>tempus</span> <span class='ocrx_word' id='word_1_145' title='bbox 754 2501 837 2565; x_wconf 91' lang='lat' dir='ltr'>ab</span> <span class='ocrx_word' id='word_1_146' title='bbox 888 2501 1017 2578; x_wconf 79' lang='lat' dir='ltr'>eiS,</span> <span class='ocrx_word' id='word_1_147' title='bbox 1067 2502 1411 2567; x_wconf 88' lang='lat' dir='ltr'>dominus</span> <span class='ocrx_word' id='word_1_148' title='bbox 1480 2507 1727 2568; x_wconf 87' lang='lat' dir='ltr'>autem</span> <span class='ocrx_word' id='word_1_149' title='bbox 1774 2503 1847 2567; x_wconf 93' lang='lat' dir='ltr'>in</span> <span class='ocrx_word' id='word_1_150' title='bbox 1895 2503 2136 2568; x_wconf 90' lang='lat' dir='ltr'>nobis.</span> <span class='ocrx_word' id='word_1_151' title='bbox 2185 2521 2305 2567; x_wconf 88' lang='lat' dir='ltr'>non</span> <span class='ocrx_word' id='word_1_152' title='bbox 2374 2502 2691 2566; x_wconf 81' lang='lat' dir='ltr'>dixerunt:</span> 
     </span>
     <span class='ocr_line' id='line_1_20' title="bbox 403 2607 2694 2690; baseline 0.002 -21"><span class='ocrx_word' id='word_1_153' title='bbox 403 2607 717 2670; x_wconf 88' lang='lat' dir='ltr'>abscessit</span> <span class='ocrx_word' id='word_1_154' title='bbox 761 2610 1015 2690; x_wconf 86' lang='lat' dir='ltr'>tempus</span> <span class='ocrx_word' id='word_1_155' title='bbox 1063 2608 1140 2671; x_wconf 90' lang='lat' dir='ltr'>ab</span> <span class='ocrx_word' id='word_1_156' title='bbox 1191 2609 1282 2673; x_wconf 92' lang='lat' dir='ltr'>eis</span> <span class='ocrx_word' id='word_1_157' title='bbox 1332 2613 1398 2672; x_wconf 89' lang='lat' dir='ltr'>et</span> <span class='ocrx_word' id='word_1_158' title='bbox 1444 2614 1732 2674; x_wconf 88' lang='lat' dir='ltr'>nostrum</span> <span class='ocrx_word' id='word_1_159' title='bbox 1780 2610 2115 2686; x_wconf 85' lang='lat' dir='ltr'>successit,</span> <span class='ocrx_word' id='word_1_160' title='bbox 2158 2610 2297 2675; x_wconf 85' lang='lat' dir='ltr'>sed:</span> <span class='ocrx_word' id='word_1_161' title='bbox 2347 2608 2694 2673; x_wconf 88' lang='lat' dir='ltr'>dominus</span> 
     </span>
     <span class='ocr_line' id='line_1_21' title="bbox 404 2713 2784 2799; baseline 0.003 -24"><span class='ocrx_word' id='word_1_162' title='bbox 404 2718 649 2777; x_wconf 86' lang='lat' dir='ltr'>autem</span> <span class='ocrx_word' id='word_1_163' title='bbox 698 2713 768 2776; x_wconf 90' lang='lat' dir='ltr'>in</span> <span class='ocrx_word' id='word_1_164' title='bbox 818 2713 1055 2791; x_wconf 88' lang='lat' dir='ltr'>nobis,</span> <span class='ocrx_word' id='word_1_165' title='bbox 1104 2732 1228 2779; x_wconf 91' lang='lat' dir='ltr'>non</span> <span class='ocrx_word' id='word_1_166' title='bbox 1284 2718 1561 2798; x_wconf 88' lang='lat' dir='ltr'>tempus.</span> <span class='ocrx_word' id='word_1_167' title='bbox 1610 2716 1709 2780; x_wconf 91' lang='lat' dir='ltr'>illi</span> <span class='ocrx_word' id='word_1_168' title='bbox 1757 2716 1924 2780; x_wconf 89' lang='lat' dir='ltr'>enim</span> <span class='ocrx_word' id='word_1_169' title='bbox 1991 2720 2248 2799; x_wconf 86' lang='lat' dir='ltr'>tempus</span> <span class='ocrx_word' id='word_1_170' title='bbox 2314 2716 2690 2792; x_wconf 87' lang='lat' dir='ltr'>habuerunt,</span> <span class='ocrx_word' id='word_1_171' title='bbox 2730 2742 2784 2783; x_wconf 78' lang='lat'>20</span> 
     </span>
     <span class='ocr_line' id='line_1_22' title="bbox 399 2818 2694 2903; baseline 0.002 -22"><span class='ocrx_word' id='word_1_172' title='bbox 399 2818 507 2882; x_wconf 83' lang='lat' dir='ltr'>isti</span> <span class='ocrx_word' id='word_1_173' title='bbox 575 2819 902 2884; x_wconf 89' lang='lat' dir='ltr'>dominum</span> <span class='ocrx_word' id='word_1_174' title='bbox 967 2819 1156 2884; x_wconf 89' lang='lat' dir='ltr'>deum</span> <span class='ocrx_word' id='word_1_175' title='bbox 1223 2823 1584 2903; x_wconf 90' lang='lat' dir='ltr'>temporum</span> <span class='ocrx_word' id='word_1_176' title='bbox 1650 2826 1994 2887; x_wconf 86' lang='lat' dir='ltr'>creatorem</span> <span class='ocrx_word' id='word_1_177' title='bbox 2043 2825 2107 2886; x_wconf 89' lang='lat' dir='ltr'>et</span> <span class='ocrx_word' id='word_1_178' title='bbox 2163 2821 2579 2886; x_wconf 88' lang='lat' dir='ltr'>ordinatorem</span> <span class='ocrx_word' id='word_1_179' title='bbox 2630 2826 2694 2887; x_wconf 92' lang='lat' dir='ltr'>et</span> 
     </span>
     <span class='ocr_line' id='line_1_23' title="bbox 401 2925 1836 3009; baseline 0.004 -22"><span class='ocrx_word' id='word_1_180' title='bbox 401 2925 781 3006; x_wconf 85' lang='lat' dir='ltr'>quibusque,</span> <span class='ocrx_word' id='word_1_181' title='bbox 831 2927 904 2989; x_wconf 91' lang='lat' dir='ltr'>ut</span> <span class='ocrx_word' id='word_1_182' title='bbox 951 2926 1007 2990; x_wconf 90' lang='lat' dir='ltr'>ei</span> <span class='ocrx_word' id='word_1_183' title='bbox 1057 2927 1283 3009; x_wconf 87' lang='lat' dir='ltr'>placet,</span> <span class='ocrx_word' id='word_1_184' title='bbox 1333 2927 1836 2993; x_wconf 87' lang='lat' dir='ltr'>distributorem.</span> 
     </span>
    </p>

    <p class='ocr_par' dir='ltr' id='par_1_5' title="bbox 398 3031 2780 3544">
     <span class='ocr_line' id='line_1_24' title="bbox 486 3031 2692 3118; baseline 0.002 -24"><span class='ocrx_word' id='word_1_185' title='bbox 486 3031 754 3098; x_wconf 89' lang='lat' dir='ltr'>XXIIII.</span> <span class='ocrx_word' id='word_1_186' title='bbox 806 3031 990 3111; x_wconf 82' lang='lat' dir='ltr'>Quod</span> <span class='ocrx_word' id='word_1_187' title='bbox 1035 3032 1424 3115; x_wconf 87' lang='lat' dir='ltr'>praecipitur</span> <span class='ocrx_word' id='word_1_188' title='bbox 1471 3034 1786 3115; x_wconf 89' lang='lat' dir='ltr'>quomodo</span> <span class='ocrx_word' id='word_1_189' title='bbox 1837 3035 2166 3117; x_wconf 83' lang='lat' dir='ltr'>expientur</span> <span class='ocrx_word' id='word_1_190' title='bbox 2211 3039 2471 3118; x_wconf 90' lang='lat' dir='ltr'>peccata</span> <span class='ocrx_word' id='word_1_191' title='bbox 2531 3053 2692 3116; x_wconf 90' lang='lat' dir='ltr'>quae</span> 
     </span>
     <span class='ocr_line' id='line_1_25' title="bbox 398 3139 2692 3225; baseline 0.002 -25"><span class='ocrx_word' id='word_1_192' title='bbox 398 3157 519 3200; x_wconf 90' lang='lat' dir='ltr'>non</span> <span class='ocrx_word' id='word_1_193' title='bbox 551 3141 773 3219; x_wconf 89' lang='lat' dir='ltr'>sponte</span> <span class='ocrx_word' id='word_1_194' title='bbox 806 3139 1308 3214; x_wconf 78' lang='lat' dir='ltr'>committuntur,</span> <span class='ocrx_word' id='word_1_195' title='bbox 1332 3140 1557 3204; x_wconf 89' lang='lat' dir='ltr'>merito</span> <span class='ocrx_word' id='word_1_196' title='bbox 1590 3141 1913 3224; x_wconf 87' lang='lat' dir='ltr'>quaeritur</span> <span class='ocrx_word' id='word_1_197' title='bbox 1942 3158 2100 3223; x_wconf 85' lang='lat' dir='ltr'>quae</span> <span class='ocrx_word' id='word_1_198' title='bbox 2127 3141 2256 3205; x_wconf 92' lang='lat' dir='ltr'>sint</span> <span class='ocrx_word' id='word_1_199' title='bbox 2277 3142 2417 3225; x_wconf 83' lang='lat' dir='ltr'>ipsa</span> <span class='ocrx_word' id='word_1_200' title='bbox 2434 3145 2692 3225; x_wconf 84' lang='lat' dir='ltr'>peccata</span> 
     </span>
     <span class='ocr_line' id='line_1_26' title="bbox 401 3244 2780 3329; baseline 0.004 -22"><span class='ocrx_word' id='word_1_201' title='bbox 401 3244 776 3309; x_wconf 85' lang='lat' dir='ltr'>nolentium:</span> <span class='ocrx_word' id='word_1_202' title='bbox 830 3250 1044 3310; x_wconf 89' lang='lat' dir='ltr'>utrum</span> <span class='ocrx_word' id='word_1_203' title='bbox 1085 3266 1243 3329; x_wconf 89' lang='lat' dir='ltr'>quae</span> <span class='ocrx_word' id='word_1_204' title='bbox 1283 3265 1319 3310; x_wconf 88' lang='lat' dir='ltr'>a</span> <span class='ocrx_word' id='word_1_205' title='bbox 1356 3248 1788 3313; x_wconf 85' lang='lat' dir='ltr'>nescientibus</span> <span class='ocrx_word' id='word_1_206' title='bbox 1837 3249 2343 3323; x_wconf 88' lang='lat' dir='ltr'>committuntur,</span> <span class='ocrx_word' id='word_1_207' title='bbox 2385 3268 2459 3312; x_wconf 91' lang='lat' dir='ltr'>an</span> <span class='ocrx_word' id='word_1_208' title='bbox 2501 3249 2689 3313; x_wconf 85' lang='lat' dir='ltr'>etiam</span> <span class='ocrx_word' id='word_1_209' title='bbox 2728 3277 2780 3320; x_wconf 77' lang='lat'>25</span> 
     </span>
     <span class='ocr_line' id='line_1_27' title="bbox 400 3350 2687 3438; baseline 0.002 -25"><span class='ocrx_word' id='word_1_210' title='bbox 400 3350 605 3432; x_wconf 80' lang='lat' dir='ltr'>possit</span> <span class='ocrx_word' id='word_1_211' title='bbox 630 3354 801 3415; x_wconf 90' lang='lat' dir='ltr'>recte</span> <span class='ocrx_word' id='word_1_212' title='bbox 830 3352 957 3416; x_wconf 90' lang='lat' dir='ltr'>dici</span> <span class='ocrx_word' id='word_1_213' title='bbox 984 3358 1318 3435; x_wconf 89' lang='lat' dir='ltr'>peccatum</span> <span class='ocrx_word' id='word_1_214' title='bbox 1349 3373 1488 3418; x_wconf 90' lang='lat' dir='ltr'>esse</span> <span class='ocrx_word' id='word_1_215' title='bbox 1519 3354 1815 3432; x_wconf 78' lang='lat' dir='ltr'>nolentiS,</span> <span class='ocrx_word' id='word_1_216' title='bbox 1849 3355 2016 3436; x_wconf 90' lang='lat' dir='ltr'>quod</span> <span class='ocrx_word' id='word_1_217' title='bbox 2045 3355 2248 3419; x_wconf 87' lang='lat' dir='ltr'>facere</span> <span class='ocrx_word' id='word_1_218' title='bbox 2280 3355 2687 3438; x_wconf 79' lang='lat' dir='ltr'>conpellitur:</span> 
     </span>
     <span class='ocr_line' id='line_1_28' title="bbox 398 3457 2689 3544; baseline 0.003 -25"><span class='ocrx_word' id='word_1_219' title='bbox 398 3476 542 3520; x_wconf 89' lang='lat' dir='ltr'>nam</span> <span class='ocrx_word' id='word_1_220' title='bbox 591 3460 654 3520; x_wconf 91' lang='lat' dir='ltr'>et</span> <span class='ocrx_word' id='word_1_221' title='bbox 698 3457 818 3522; x_wconf 87' lang='lat' dir='ltr'>hoc</span> <span class='ocrx_word' id='word_1_222' title='bbox 887 3463 1103 3523; x_wconf 86' lang='lat' dir='ltr'>contra</span> <span class='ocrx_word' id='word_1_223' title='bbox 1148 3460 1546 3524; x_wconf 89' lang='lat' dir='ltr'>uoluntatem</span> <span class='ocrx_word' id='word_1_224' title='bbox 1613 3461 1817 3525; x_wconf 81' lang='lat' dir='ltr'>facere</span> <span class='ocrx_word' id='word_1_225' title='bbox 1866 3461 1989 3526; x_wconf 90' lang='lat' dir='ltr'>dici</span> <span class='ocrx_word' id='word_1_226' title='bbox 2058 3463 2241 3526; x_wconf 91' lang='lat' dir='ltr'>solet.</span> <span class='ocrx_word' id='word_1_227' title='bbox 2310 3461 2417 3526; x_wconf 87' lang='lat' dir='ltr'>sed</span> <span class='ocrx_word' id='word_1_228' title='bbox 2467 3464 2689 3544; x_wconf 90' lang='lat' dir='ltr'>utique</span> 
     </span>
    </p>
   </div>
   <div class='ocr_carea' id='block_1_3' title="bbox 575 3662 2456 3733">
    <p class='ocr_par' dir='ltr' id='par_1_6' title="bbox 575 3662 2456 3733">
     <span class='ocr_line' id='line_1_29' title="bbox 575 3662 2456 3733; baseline 0.004 -17"><span class='ocrx_word' id='word_1_229' title='bbox 575 3665 610 3717; x_wconf 85' lang='lat'>4</span> <span class='ocrx_word' id='word_1_230' title='bbox 648 3662 808 3718; x_wconf 75' lang='lat' dir='ltr'>Num.</span> <span class='ocrx_word' id='word_1_231' title='bbox 853 3666 934 3727; x_wconf 83' lang='lat'>13,</span> <span class='ocrx_word' id='word_1_232' title='bbox 975 3665 1043 3718; x_wconf 87' lang='lat'>33</span> <span class='ocrx_word' id='word_1_233' title='bbox 1155 3667 1186 3719; x_wconf 87' lang='grc'>9</span> <span class='ocrx_word' id='word_1_234' title='bbox 1224 3665 1386 3721; x_wconf 86' lang='lat' dir='ltr'>Num.</span> <span class='ocrx_word' id='word_1_235' title='bbox 1430 3667 1513 3730; x_wconf 82' lang='lat'>14,</span> <span class='ocrx_word' id='word_1_236' title='bbox 1555 3668 1587 3719; x_wconf 89' lang='grc'>9</span> <span class='ocrx_word' id='word_1_237' title='bbox 1700 3668 1766 3721; x_wconf 83' lang='lat'>23</span> <span class='ocrx_word' id='word_1_238' title='bbox 1807 3667 1873 3722; x_wconf 82' lang='lat' dir='ltr'>cf.</span> <span class='ocrx_word' id='word_1_239' title='bbox 1912 3667 2076 3722; x_wconf 85' lang='lat' dir='ltr'>Num.</span> <span class='ocrx_word' id='word_1_240' title='bbox 2120 3670 2203 3733; x_wconf 88' lang='grc'>15,</span> <span class='ocrx_word' id='word_1_241' title='bbox 2243 3669 2456 3724; x_wconf 80' lang='grc'>24-29</span> 
     </span>
    </p>
   </div>
   <div class='ocr_carea' id='block_1_4' title="bbox 393 3788 2693 4466">
    <p class='ocr_par' dir='ltr' id='par_1_7' title="bbox 393 3788 2693 4466">
     <span class='ocr_line' id='line_1_30' title="bbox 471 3788 2684 3865; baseline 0.005 -26"><span class='ocrx_word' id='word_1_242' title='bbox 471 3788 495 3840; x_wconf 95' lang='grc'>1</span> <span class='ocrx_word' id='word_1_243' title='bbox 541 3788 692 3856; x_wconf 87' lang='lat' dir='ltr'>ergo]</span> <span class='ocrx_word' id='word_1_244' title='bbox 732 3792 913 3841; x_wconf 87' lang='lat' dir='ltr'>autem</span> <span class='ocrx_word' id='word_1_245' title='bbox 947 3788 992 3842; x_wconf 81' lang='lat' dir='ltr'><strong><em>S</em></strong></span> <span class='ocrx_word' id='word_1_246' title='bbox 1133 3791 1500 3860; x_wconf 82' lang='lat' dir='ltr'>exploraretur</span> <span class='ocrx_word' id='word_1_247' title='bbox 1534 3791 1583 3845; x_wconf 83' lang='lat'><em>0</em></span> <span class='ocrx_word' id='word_1_248' title='bbox 1721 3793 2310 3863; x_wconf 83' lang='lat' dir='ltr'>terra—exploraretur</span> <span class='ocrx_word' id='word_1_249' title='bbox 2345 3795 2409 3848; x_wconf 76' lang='lat' dir='ltr'>in</span> <span class='ocrx_word' id='word_1_250' title='bbox 2444 3812 2541 3865; x_wconf 77' lang='lat' dir='ltr'>my.</span> <span class='ocrx_word' id='word_1_251' title='bbox 2582 3797 2684 3863; x_wconf 81' lang='lat' dir='ltr'>inf.</span> 
     </span>
     <span class='ocr_line' id='line_1_31' title="bbox 398 3877 2693 3953; baseline 0.004 -25"><span class='ocrx_word' id='word_1_252' title='bbox 398 3892 463 3932; x_wconf 87' lang='lat' dir='ltr'>m.</span> <span class='ocrx_word' id='word_1_253' title='bbox 506 3879 546 3927; x_wconf 79' lang='lat'><strong><em>2</em></strong></span> <span class='ocrx_word' id='word_1_254' title='bbox 584 3891 776 3944; x_wconf 79' lang='lat' dir='ltr'>appos.</span> <span class='ocrx_word' id='word_1_255' title='bbox 823 3877 867 3928; x_wconf 61' lang='lat' dir='ltr'>(j)</span> <span class='ocrx_word' id='word_1_256' title='bbox 1071 3880 1187 3947; x_wconf 90' lang='lat' dir='ltr'>ipse</span> <span class='ocrx_word' id='word_1_257' title='bbox 1235 3878 1341 3933; x_wconf 89' lang='lat' dir='ltr'>VT</span> <span class='ocrx_word' id='word_1_258' title='bbox 1517 3882 1551 3934; x_wconf 81' lang='lat'><em>2</em></span> <span class='ocrx_word' id='word_1_259' title='bbox 1590 3880 1939 3951; x_wconf 81' lang='lat' dir='ltr'>‹Iepreensior</span> <span class='ocrx_word' id='word_1_260' title='bbox 1981 3882 2027 3935; x_wconf 83' lang='lat'><em>0</em></span> <span class='ocrx_word' id='word_1_261' title='bbox 2202 3885 2235 3936; x_wconf 80' lang='lat'>5</span> <span class='ocrx_word' id='word_1_262' title='bbox 2274 3889 2473 3953; x_wconf 80' lang='lat' dir='ltr'>paueat</span> <span class='ocrx_word' id='word_1_263' title='bbox 2510 3885 2693 3939; x_wconf 79' lang='lat' dir='ltr'><em>P¹SV</em></span> 
     </span>
     <span class='ocr_line' id='line_1_32' title="bbox 399 3962 2683 4028; baseline 0.005 -12"><span class='ocrx_word' id='word_1_264' title='bbox 399 3965 427 4016; x_wconf 81' lang='lat'><strong>7</strong></span> <span class='ocrx_word' id='word_1_265' title='bbox 470 3962 675 4017; x_wconf 81' lang='lat' dir='ltr'>chaleb</span> <span class='ocrx_word' id='word_1_266' title='bbox 712 3964 872 4018; x_wconf 81' lang='lat' dir='ltr'>PSV</span> <span class='ocrx_word' id='word_1_267' title='bbox 1030 3971 1088 4019; x_wconf 84' lang='lat' dir='ltr'>at</span> <span class='ocrx_word' id='word_1_268' title='bbox 1131 3967 1178 4019; x_wconf 83' lang='lat'><strong><em>0</em></strong></span> <span class='ocrx_word' id='word_1_269' title='bbox 1326 3985 1500 4021; x_wconf 86' lang='lat' dir='ltr'>snaue</span> <span class='ocrx_word' id='word_1_270' title='bbox 1529 3968 1597 4021; x_wconf 80' lang='lat' dir='ltr'><em>N</em></span> <span class='ocrx_word' id='word_1_271' title='bbox 1722 3972 1788 4024; x_wconf 87' lang='lat'>10</span> <span class='ocrx_word' id='word_1_272' title='bbox 1827 3971 1965 4023; x_wconf 86' lang='lat' dir='ltr'>enim</span> <span class='ocrx_word' id='word_1_273' title='bbox 2008 3988 2109 4025; x_wconf 90' lang='lat' dir='ltr'>om.</span> <span class='ocrx_word' id='word_1_274' title='bbox 2157 3972 2207 4025; x_wconf 82' lang='lat' dir='ltr'><strong><em>T</em></strong></span> <span class='ocrx_word' id='word_1_275' title='bbox 2332 3974 2390 4026; x_wconf 93' lang='grc'>11</span> <span class='ocrx_word' id='word_1_276' title='bbox 2437 3988 2529 4027; x_wconf 84' lang='lat' dir='ltr'>eos</span> <span class='ocrx_word' id='word_1_277' title='bbox 2566 3989 2608 4027; x_wconf 80' lang='lat' dir='ltr'>s.</span> <span class='ocrx_word' id='word_1_278' title='bbox 2649 3974 2683 4028; x_wconf 92' lang='lat' dir='ltr'>l.</span> 
     </span>
     <span class='ocr_line' id='line_1_33' title="bbox 395 4051 2693 4123; baseline 0.006 -20"><span class='ocrx_word' id='word_1_279' title='bbox 395 4068 462 4104; x_wconf 84' lang='lat' dir='ltr'>m.</span> <span class='ocrx_word' id='word_1_280' title='bbox 501 4055 540 4104; x_wconf 81' lang='lat'><strong><em>2</em></strong></span> <span class='ocrx_word' id='word_1_281' title='bbox 585 4051 631 4105; x_wconf 82' lang='lat'><em>0</em></span> <span class='ocrx_word' id='word_1_282' title='bbox 767 4053 832 4106; x_wconf 83' lang='lat'>12</span> <span class='ocrx_word' id='word_1_283' title='bbox 871 4054 1122 4123; x_wconf 85' lang='lat' dir='ltr'>intellegi</span> <span class='ocrx_word' id='word_1_284' title='bbox 1159 4056 1296 4109; x_wconf 73' lang='lat' dir='ltr'>Noa</span> <span class='ocrx_word' id='word_1_285' title='bbox 1466 4075 1897 4112; x_wconf 84' lang='lat' dir='ltr'>consummamus</span> <span class='ocrx_word' id='word_1_286' title='bbox 1942 4059 2005 4112; x_wconf 82' lang='lat'>0¹</span> <span class='ocrx_word' id='word_1_287' title='bbox 2148 4063 2212 4114; x_wconf 88' lang='lat'>13</span> <span class='ocrx_word' id='word_1_288' title='bbox 2252 4062 2393 4115; x_wconf 88' lang='lat' dir='ltr'>enim</span> <span class='ocrx_word' id='word_1_289' title='bbox 2433 4078 2535 4116; x_wconf 84' lang='lat' dir='ltr'>om.</span> <span class='ocrx_word' id='word_1_290' title='bbox 2583 4062 2693 4116; x_wconf 82' lang='lat' dir='ltr'>VT</span> 
     </span>
     <span class='ocr_line' id='line_1_34' title="bbox 400 4141 2684 4216; baseline 0.005 -24"><span class='ocrx_word' id='word_1_291' title='bbox 400 4141 463 4194; x_wconf 79' lang='lat'>15</span> <span class='ocrx_word' id='word_1_292' title='bbox 505 4141 694 4211; x_wconf 82' lang='lat' dir='ltr'>quispe</span> <span class='ocrx_word' id='word_1_293' title='bbox 739 4141 786 4194; x_wconf 73' lang='lat' dir='ltr'>(J</span> <span class='ocrx_word' id='word_1_294' title='bbox 891 4144 955 4195; x_wconf 89' lang='grc'>17</span> <span class='ocrx_word' id='word_1_295' title='bbox 996 4143 1252 4212; x_wconf 86' lang='lat' dir='ltr'>inquiunt</span> <span class='ocrx_word' id='word_1_296' title='bbox 1286 4147 1482 4214; x_wconf 76' lang='lat' dir='ltr'>scripsi</span> <span class='ocrx_word' id='word_1_297' title='bbox 1519 4162 1641 4200; x_wconf 79' lang='lat' dir='ltr'>cum</span> <span class='ocrx_word' id='word_1_298' title='bbox 1678 4148 1778 4201; x_wconf 82' lang='lat' dir='ltr'>bd.-</span> <span class='ocrx_word' id='word_1_299' title='bbox 1815 4149 1998 4216; x_wconf 86' lang='lat' dir='ltr'>inquit</span> <span class='ocrx_word' id='word_1_300' title='bbox 2034 4149 2191 4203; x_wconf 82' lang='lat' dir='ltr'>codd.</span> <span class='ocrx_word' id='word_1_301' title='bbox 2307 4151 2371 4204; x_wconf 78' lang='lat'>18</span> <span class='ocrx_word' id='word_1_302' title='bbox 2408 4150 2684 4204; x_wconf 84' lang='lat' dir='ltr'>non—sed</span> 
     </span>
     <span class='ocr_line' id='line_1_35' title="bbox 395 4228 2684 4309; baseline 0.006 -29"><span class='ocrx_word' id='word_1_303' title='bbox 395 4244 496 4281; x_wconf 88' lang='lat' dir='ltr'>om.</span> <span class='ocrx_word' id='word_1_304' title='bbox 523 4228 589 4281; x_wconf 92' lang='lat' dir='ltr'><em>N</em></span> <span class='ocrx_word' id='word_1_305' title='bbox 658 4230 723 4282; x_wconf 91' lang='lat'>19</span> <span class='ocrx_word' id='word_1_306' title='bbox 754 4230 848 4283; x_wconf 83' lang='lat' dir='ltr'>sed</span> <span class='ocrx_word' id='word_1_307' title='bbox 877 4246 977 4284; x_wconf 89' lang='lat' dir='ltr'>om.</span> <span class='ocrx_word' id='word_1_308' title='bbox 1012 4231 1268 4286; x_wconf 76' lang='lat' dir='ltr'><em>CPSVT</em></span> <span class='ocrx_word' id='word_1_309' title='bbox 1373 4234 1504 4287; x_wconf 89' lang='lat' dir='ltr'>deus</span> <span class='ocrx_word' id='word_1_310' title='bbox 1532 4235 1589 4287; x_wconf 90' lang='lat' dir='ltr'><em>P</em></span> <span class='ocrx_word' id='word_1_311' title='bbox 1659 4237 1721 4289; x_wconf 75' lang='lat'>:21</span> <span class='ocrx_word' id='word_1_312' title='bbox 1754 4237 1851 4303; x_wconf 74' lang='lat' dir='ltr'>fin.</span> <span class='ocrx_word' id='word_1_313' title='bbox 1874 4238 1951 4305; x_wconf 78' lang='lat' dir='ltr'>et]</span> <span class='ocrx_word' id='word_1_314' title='bbox 1985 4254 2318 4308; x_wconf 87' lang='lat' dir='ltr'>quorumque</span> <span class='ocrx_word' id='word_1_315' title='bbox 2346 4238 2397 4291; x_wconf 86' lang='grc' dir='ltr'><em>Τ</em></span> <span class='ocrx_word' id='word_1_316' title='bbox 2466 4241 2534 4293; x_wconf 78' lang='lat'>22</span> <span class='ocrx_word' id='word_1_317' title='bbox 2565 4240 2684 4309; x_wconf 90' lang='lat' dir='ltr'>qui-</span> 
     </span>
     <span class='ocr_line' id='line_1_36' title="bbox 393 4317 2686 4396; baseline 0.006 -28"><span class='ocrx_word' id='word_1_318' title='bbox 393 4317 601 4386; x_wconf 87' lang='lat' dir='ltr'>busque</span> <span class='ocrx_word' id='word_1_319' title='bbox 636 4318 697 4380; x_wconf 84' lang='lat' dir='ltr'>T,</span> <span class='ocrx_word' id='word_1_320' title='bbox 737 4334 855 4388; x_wconf 78' lang='lat' dir='ltr'>exp.</span> <span class='ocrx_word' id='word_1_321' title='bbox 895 4320 956 4372; x_wconf 78' lang='lat' dir='ltr'>in</span> <span class='ocrx_word' id='word_1_322' title='bbox 993 4320 1046 4372; x_wconf 87' lang='lat' dir='ltr'><em>V</em></span> <span class='ocrx_word' id='word_1_323' title='bbox 1075 4326 1127 4374; x_wconf 77' lang='lat' dir='ltr'>et</span> <span class='ocrx_word' id='word_1_324' title='bbox 1163 4321 1223 4374; x_wconf 76' lang='lat' dir='ltr'>in</span> <span class='ocrx_word' id='word_1_325' title='bbox 1261 4339 1360 4391; x_wconf 77' lang='lat' dir='ltr'>my.</span> <span class='ocrx_word' id='word_1_326' title='bbox 1393 4339 1585 4391; x_wconf 73' lang='lat' dir='ltr'>oppos,</span> <span class='ocrx_word' id='word_1_327' title='bbox 1626 4333 1904 4394; x_wconf 83' lang='lat' dir='ltr'>quoruque</span> <span class='ocrx_word' id='word_1_328' title='bbox 2016 4327 2084 4381; x_wconf 76' lang='lat'>25</span> <span class='ocrx_word' id='word_1_329' title='bbox 2125 4344 2281 4396; x_wconf 85' lang='lat' dir='ltr'>quem</span> <span class='ocrx_word' id='word_1_330' title='bbox 2319 4329 2364 4381; x_wconf 90' lang='lat' dir='ltr'><em>C</em></span> <span class='ocrx_word' id='word_1_331' title='bbox 2389 4344 2493 4396; x_wconf 87' lang='lat' dir='ltr'>que</span> <span class='ocrx_word' id='word_1_332' title='bbox 2524 4344 2590 4381; x_wconf 82' lang='lat' dir='ltr'>an</span> <span class='ocrx_word' id='word_1_333' title='bbox 2620 4327 2686 4382; x_wconf 74' lang='lat'>8¹</span> 
     </span>
     <span class='ocr_line' id='line_1_37' title="bbox 395 4406 1414 4466; baseline 0.009 -9"><span class='ocrx_word' id='word_1_334' title='bbox 395 4406 764 4460; x_wconf 81' lang='lat' dir='ltr'>auscientibus</span> <span class='ocrx_word' id='word_1_335' title='bbox 809 4408 856 4461; x_wconf 83' lang='lat'><em>0</em></span> <span class='ocrx_word' id='word_1_336' title='bbox 960 4410 1027 4463; x_wconf 80' lang='lat'>26</span> <span class='ocrx_word' id='word_1_337' title='bbox 1069 4426 1185 4463; x_wconf 87' lang='lat' dir='ltr'>esse</span> <span class='ocrx_word' id='word_1_338' title='bbox 1225 4428 1328 4466; x_wconf 86' lang='lat' dir='ltr'>om.</span> <span class='ocrx_word' id='word_1_339' title='bbox 1369 4410 1414 4465; x_wconf 79' lang='lat' dir='ltr'><strong><em>S</em></strong></span> 
     </span>
    </p>
   </div>
  </div>
 </body>
</html>
