3076 4976
471 491 599 554 608
1171 485 1224 538 S.
1285 483 1556 537 Aureli
1613 481 2052 552 Augustini

469 686 647 748 tanto
697 682 902 765 magis
952 681 1260 744 aduersus
1312 679 1634 746 diabolum
1681 677 1888 743 acrius
1936 677 2350 761 pugnandum
2399 679 2590 759 atque
2639 675 2767 739 bel-

468 789 726 854 landum
803 791 921 864 est,
997 806 1073 850 ne
1149 787 1380 852 caritas
1462 784 2006 869 perseuerantium
2090 783 2478 867 refrigescat.
2565 782 2769 846 unde

474 900 739 959 autem
785 893 1168 975 procedit
1221 893 1565 974 pruina?
1615 893 1757 973 quis
1806 891 1923 955 hoc
1972 891 2195 955 nouit-⁴?
2244 889 2369 953 nisi
2418 888 2569 971 quia
2611 890 2770 952 haec

471 1007 545 1067 ut
572 1003 751 1066 initia
777 1001 1270 1082 parturitionum
1311 1003 1494 1072 sunt3
1535 999 1757 1079 pruina
1796 998 2027 1079 quippe
2067 996 2495 1061 minutissima
2535 995 2770 1080 grando

474 1113 592 1173 est.
643 1111 721 1172 et
768 1107 1282 1191 dispergitur
1338 1110 1616 1169 auster
1672 1106 1815 1169 sub
1867 1106 2145 1171 caelo?
2192 1107 2501 1180 austrum,
2552 1123 2772 1186 quam·
2836 1122 2863 1160 5

471 1216 572 1280 uis
628 1214 1004 1279 mortalibus
1063 1214 1354 1277 carnibus
1413 1213 1626 1297 grauis
1686 1212 2015 1288 sentiatur,
2074 1231 2192 1274 non
2250 1215 2461 1275 tamen
2523 1211 2774 1293 uspiam

474 1321 729 1384 memini
784 1321 848 1383 in
908 1319 1143 1384 sanctis
1199 1319 1379 1383 libris
1436 1319 1588 1382 mali
1646 1319 1888 1401 aliquid
1946 1318 2322 1402 significare,
2382 1317 2551 1381 sicut
2598 1316 2776 1398 aqui·

471 1433 680 1494 Ionem
749 1446 1090 1507 numquam
1153 1426 1217 1489 in
1282 1426 1478 1490 bono:
1546 1426 1751 1501 illum,
1810 1426 1956 1508 quia
2013 1445 2083 1489 ex
2142 1445 2213 1489 ea
2268 1430 2443 1507 parte
2491 1426 2604 1488 flat
2652 1444 2777 1506 qua

471 1534 577 1597 lux
627 1535 845 1609 claret,
893 1533 1114 1610 istum,
1167 1533 1314 1615 quia
1361 1551 1432 1596 ex
1483 1553 1556 1596 03
1601 1533 1768 1596 1111ᾶο
1816 1533 1922 1596 lux
1961 1536 2061 1595 est
2097 1532 2417 1596 remotior.
2470 1530 2777 1613 disper-

476 1642 700 1725 gitur
765 1659 912 1724 ergo
981 1643 1259 1704 auster
1326 1640 1470 1703 sub
1540 1640 1784 1712 03010,
1844 1644 1918 1703 ut
1974 1638 2281 1702 aduersus
2338 1637 2484 1702 illas
2555 1654 2862 1702 omnesw

473 1748 846 1830 iniquitates
896 1747 1198 1810 auxilium
1247 1747 1505 1828 aliquod
1544 1747 1954 1830 intellegatur
1990 1746 2112 1820 dei,
2152 1745 2455 1828 quamdiu
2494 1744 2775 1808 nondum

473 1852 535 1915 in
587 1852 781 1928 cael0,
833 1852 945 1916 sed
986 1852 1103 1916 sub
1144 1852 1319 1917 caelo
1361 1871 1607 1915 sumus.
1658 1852 1839 1934 quis
1887 1851 2417 1934 praeparauit
2463 1851 2774 1915 flumen

475 1959 803 2024 ualidae
850 1959 1187 2042 pluuiae
1237 1963 1314 2023 et
1358 1959 1571 2023 uiam
1619 1959 1965 2023 uocibus
2003 1958 2586 2040 tempestatis?
2627 1958 2775 2021 uide

475 2064 1008 2150 quemadmodum
1054 2065 1176 2128 tria
1220 2065 1331 2128 1113
1374 2065 1656 2129 breuiter
1702 2065 2027 2145 complexa
2073 2063 2221 2142 sint,
2271 2082 2429 2145 quae
2478 2063 2775 2127 dominus

475 2173 536 2236 in
584 2172 1045 2236 tentationibus
1095 2172 1274 2254 ponit
1321 2171 1775 2236 contemnenda
1822 2172 1943 2252 his,
1993 2170 2101 2253 qui
2151 2170 2481 2235 aedificant
2530 2190 2776 2252 super
2812 2190 2861 2225 ιε·

475 2284 803 2362 petram,
844 2282 919 2342 et
981 2279 1333 2360 perniciosa
1378 2278 1501 2354 1110,
1554 2278 1660 2361 qui
1727 2278 2064 2342 aedificant
2128 2296 2373 2358 super
2437 2296 2773 2342 arenam.

475 2385 761 2468 pluuiam
832 2384 1356 2448 commemorauit
1420 2387 1483 2448 et
1546 2384 1780 2448 flumen
1840 2387 1904 2448 et
1947 2403 2142 2448 uoces
2189 2384 2616 2464 tempestatis,
2665 2382 2776 2447 ubi

474 2496 701 2557 uentos
759 2492 1217 2575 intellegimus,
1273 2491 1496 2574 pluuia
1552 2511 1700 2574 ergo
1757 2494 2057 2568 tent-atur,
2116 2491 2224 2574 qui
2280 2510 2351 2554 ex
2405 2490 2547 2572 ipsa
2595 2490 2778 2554 celsi·

474 2599 694 2662 tudine
773 2598 1228 2680 scripturarum
1304 2597 1662 2661 diuinarum
1735 2597 2036 2680 peccandi
2110 2597 2507 2662 occasionem
2581 2615 2776 2678 praue

474 2704 900 2789 intellegendo
968 2705 1218 2787 accipit,
1285 2708 1610 2787 tamquam
1676 2705 1729 2767 si
1807 2705 2097 2769 audiens:
2176 2705 2304 2768 cui
2374 2703 2773 2768 modicum
2814 2719 2871 2757 20

479 2811 962 2886 dimittitur,
1043 2811 1441 2875 modicum
1516 2811 1826 2894 diligit,
1897 2810 2068 2875 dicat
2142 2811 2294 2875 sibi:
2368 2810 2777 2873 faciamus

477 2918 701 2994 mala,
751 2920 838 2980 ut
883 2916 1218 2980 ueniant
1263 2916 1487 2992 bona,
1538 2920 1603 2980 et
1640 2920 2004 2998 permaneat
2037 2916 2102 2979 in
2140 2925 2421 2997 peccato,
2466 2918 2539 2977 ut
2575 2914 2779 2998 gratia

479 3022 775 3099 abundet,
826 3024 891 3085 et
935 3022 1138 3085 multa
1185 3022 1376 3085 huius
1423 3022 1617 3097 modi,
1668 3023 1900 3105 quibus
1948 3042 2016 3086 se
2071 3022 2360 3087 homines
2418 3039 2777 3086 sermonem

480 3129 767 3192 diuinum
823 3129 990 3192 male
1044 3129 1509 3210 interpretando
1569 3130 1950 3195 subuertunt
2001 3129 2421 3212 inpunitatem
2470 3128 2591 3192 sibi
2637 3145 2780 3208 pro-

477 3235 824 3312 mittentes,
873 3235 1121 3316 quando
1171 3235 1603 3300 misericordia
1649 3237 1709 3299 in
1761 3236 1992 3300 diuinis
2039 3236 2218 3300 libris
2268 3235 2775 3305 commendatur:
2814 3254 2871 3293 25

479 3342 738 3406 flumine
787 3345 1018 3417 autem,
1060 3342 1307 3423 quando
1346 3342 1421 3405 ab
1462 3343 1829 3407 hominibus
1869 3343 1977 3426 qui
2015 3344 2169 3408 haec
2205 3343 2299 3407 ita
2333 3342 2779 3407 intellexerunt

481 3452 545 3513 et
591 3455 967 3531 acceperunt
1018 3452 1302 3514 tentatur
1346 3486 1431 3495 —-
1480 3450 1714 3513 flumen
1765 3450 1931 3513 enim
1977 3469 2141 3514 nunc
2190 3450 2347 3513 dicit
2391 3449 2554 3514 illud
2605 3448 2775 3532 quod

656 3640 689 3692 2
729 3640 796 3694 cf.
835 3641 989 3693 Rom.
1032 3642 1112 3704 12,
1150 3641 1221 3693 20
1363 3641 1461 3694 Iob
1501 3642 1588 3703 38,
1628 3643 1696 3694 24
1815 3644 1848 3695 ὃ
1885 3641 1983 3694 Iob
2023 3642 2108 3699 38.
2149 3642 2217 3694 24
2341 3641 2405 3694 12
2443 3639 2541 3693 Iob
2581 3641 2668 3701 38,
2707 3640 2776 3693 25

486 3729 550 3781 16
591 3726 656 3784 cf.
697 3728 894 3781 Matth.
936 3729 985 3791 7,
1025 3729 1235 3784 24—27
1365 3730 1433 3782 20
1471 3729 1600 3782 Luc.
1642 3730 1690 3792 7,
1728 3730 1813 3784 42.
1854 3730 1922 3783 43
2051 3732 2116 3781 21
2158 3730 2309 3782 Rom.
2349 3730 2400 3793 3,
2436 3728 2470 3783 8
2601 3730 2669 3783 23
2707 3727 2773 3782 cf.

480 3816 633 3871 Rom.
673 3818 722 3880 5,
764 3817 832 3870 20

552 3940 586 3992 3
633 3939 878 4009 procedit
923 3945 1103 3994 autem
1141 3942 1196 3995 P
1337 3945 1369 3996 5
1410 3947 1594 3996 auster
1630 3943 1661 3996 b
1807 3946 1839 3998 6
1877 3943 2080 4013 grauis]
2131 3949 2319 4013 gratus
2364 3943 2412 3997 G
2553 3945 2583 3997 7
2620 3943 2772 3997 libris

482 4028 684 4081 sanctis
728 4028 774 4081 C
859 4029 892 4081 8
933 4046 994 4082 ex
1032 4046 1132 4083 om.
1180 4030 1225 4083 0
1312 4033 1343 4081 9
1380 4031 1639 4084 remotior
1677 4031 2022 4103 dispergitur.
2059 4032 2203 4102 Ergo
2244 4034 2275 4086 b
2382 4034 2440 4086 11
2485 4032 2688 4086 nudum
2731 4030 2779 4085 0

486 4115 551 4168 13
588 4116 802 4169 ualidae
840 4118 1057 4186 pluuiae
1096 4119 1292 4172 flumen
1329 4120 1473 4172 Hie-r
1621 4121 1684 4174 14
1722 4128 1851 4175 sunt
1892 4120 1970 4175 Cb
2118 4123 2182 4175 16
2220 4122 2452 4191 petram]
2491 4126 2689 4175 terram
2730 4121 2776 4174 0

484 4206 721 4273 arenam]
762 4210 967 4275 petram
1009 4212 1066 4261 et
1094 4209 1394 4277 perniciosa
1420 4208 1526 4262 hiis
1554 4211 1645 4278 qui
1677 4210 1931 4264 edificant
1962 4227 2122 4280 super
2148 4211 2404 4264 harenam
2438 4210 2486 4263 G
2554 4213 2625 4265 22
2652 4227 2769 4280 per·

481 4298 737 4347 maneant
778 4295 823 4348 C
999 4297 1068 4350 23
1103 4297 1278 4349 multa
1314 4313 1415 4350 om.
1462 4298 1509 4351 C
1667 4301 1734 4353 25
1771 4299 2138 4354 misericordia
2177 4299 2262 4353 dei
2302 4299 2377 4354 bd
2545 4301 2615 4354 27
2651 4306 2768 4354 tens

483 4384 669 4434 tantur
713 4382 864 4436 TPO
