3076 4976
173 1689 228 1728 10

169 2223 224 2262 15

160 3288 218 3330 25

878 512 1403 566 Adnotationum
1442 514 1507 568 in
1548 514 1661 569 Iob
1701 515 1877 568 liber
1912 516 1957 571 1.
2425 521 2553 584 543

266 706 371 771 dia
434 746 519 752 —
583 727 703 772 non
774 707 937 771 enim
1006 727 1143 772 eam
1209 709 1451 791 patitur
1503 746 1592 755 -—
1658 709 1889 774 deiecit
1952 714 2162 775 autem
2230 714 2554 794 tamquam

266 814 633 897 superbum.
704 815 1018 878 fremuit
1083 834 1309 898 super
1361 835 1470 880 me
1538 817 1930 882 dentibus:
2000 818 2369 903 obiurgauit
2431 838 2554 890 me,

264 926 339 986 ut
385 922 603 986 dentes
651 941 763 1005 pro
812 921 1025 986 uerbis
1076 923 1485 1004 accipiantur.
1548 924 1877 1008 sagittae
1926 925 2340 1007 piratarum
2388 926 2551 989 eius

265 1047 491 1111 super
538 1047 646 1092 me
697 1028 1158 1094 deciderunt.
1217 1031 1417 1094 aeriae
1465 1033 1819 1111 potestates
1869 1031 2100 1113 quibus
2149 1032 2352 1097 utitur
2398 1032 2555 1096 deus

265 1138 330 1199 et
376 1136 468 1199 eis
517 1136 849 1218 permittit,
898 1138 973 1200 ut
1019 1140 1131 1201 aut
1178 1140 1585 1201 exerceantur
1629 1138 1779 1201 boni
1828 1142 1939 1201 aut
1983 1138 2327 1220 puniantur
2380 1139 2554 1213 mali,

263 1243 501 1324 piratae
551 1246 761 1306 autem
812 1243 961 1324 quia
1007 1243 1068 1307 in
1118 1243 1239 1307 hoc
1275 1243 1432 1306 mari
1471 1243 1920 1326 nauigantibus
1959 1244 2355 1310 insidiantur.
2395 1246 2555 1309 acie

266 1350 654 1413 oculorum
696 1349 960 1414 inruit:
1005 1368 1123 1413 non
1165 1349 1603 1413 dissimulauit
1641 1370 1677 1414 a
1715 1351 1990 1432 peccatis
2021 1351 2203 1427 meis»,
2228 1356 2556 1434 tamquam

261 1454 490 1531 innuit,
540 1459 614 1520 ut
659 1455 941 1537 punirer3
990 1456 1127 1539 ipse
1176 1456 1341 1520 enim
1389 1460 1715 1539 tamquam
1763 1457 1975 1520 lumen
2017 1460 2115 1521 est
2151 1458 2555 1538 punitoribus

264 1560 605 1626 ostendens
652 1562 1029 1644 puniendOS.
1078 1562 1260 1627 ruina
1307 1562 1464 1626 mihi
1510 1563 1637 1627 fuit
1684 1563 1964 1645 aspectio
2014 1564 2238 1645 ipsius.
2289 1568 2400 1629 aut
2434 1565 2553 1629 ita:

263 1667 436 1743 fecit,
486 1670 560 1730 ut
614 1668 895 1733 uiderem
953 1672 1282 1752 peccatum
1340 1689 1584 1744 meum:
1645 1674 1786 1733 ante
1845 1670 2011 1733 enim
2070 1691 2188 1734 non
2249 1671 2341 1734 sic
2398 1672 2555 1734 mihi

265 1773 343 1836 ad
393 1793 653 1838 sensum
710 1775 1084 1856 perductum
1141 1777 1285 1841 fuit.
1347 1777 1628 1841 acriter
1681 1777 2069 1859 percussit
2124 1796 2231 1840 me
2287 1777 2554 1861 ingens

265 1879 449 1943 deus
497 1885 570 1944 et
617 1881 843 1945 simul
892 1886 1442 1946 concurrerunt
1486 1883 1561 1945 in
1608 1901 1748 1946 me:
1800 1881 1915 1946 deo
1956 1882 2123 1946 enim
2163 1885 2557 1964 percutiente

260 1987 358 2052 illi
444 1993 893 2052 concurrerunt
976 1990 1183 2073 angeli
1269 1996 1544 2056 satanae.
1621 1992 1694 2053 in
1776 2008 1958 2071 pace
2043 2009 2204 2054 cum
2291 2010 2555 2068 essem,

263 2093 679 2178 discerpsit
733 2115 871 2159 me:
932 2098 1008 2159 ab
1056 2097 1196 2179 ipsa
1250 2115 1403 2178 pace
1464 2099 1576 2160 aut
1623 2117 1656 2159 a
1704 2099 1940 2159 memet
1994 2096 2135 2178 ipso
2195 2096 2553 2181 discerpsit,

262 2205 337 2263 ut
386 2200 461 2264 ab
512 2200 892 2266 aduersariis
934 2206 997 2266 et
1036 2203 1156 2266 sibi
1197 2203 1683 2267 aduersantibus
1725 2202 2116 2266 dilacerarer.
2169 2206 2243 2266 et
2288 2206 2554 2269 tenens

263 2325 547 2370 comam
594 2328 825 2372 meam
886 2308 1227 2373 diuellit:
1278 2328 1388 2391 per
1442 2313 1704 2391 peccata
1749 2328 1891 2372 mea
1937 2328 2037 2372 me
2097 2308 2405 2373 aduersus
2453 2330 2554 2373 me

263 2412 508 2477 diuisit.
577 2415 857 2478 statuit
913 2434 1021 2478 me
1080 2414 1284 2479 sicut
1349 2415 1672 2499 signum:
1731 2414 1793 2477 in
1855 2433 2042 2497 quem
2110 2414 2554 2496 iacularentur‚

262 2526 340 2584 ut
412 2522 577 2586 solet
659 2521 910 2606 signum
993 2523 1138 2606 poni
1221 2523 1668 2599 iacillantibu8‚
1755 2542 1878 2604 quo
1964 2523 2174 2586 iacula
2257 2522 2552 2607 dirigant.

265 2628 935 2694 circumdederunt
981 2650 1089 2694 me
1136 2631 1424 2695 lanceis
1467 2631 1910 2694 emittentes
1950 2630 2020 2692 in
2067 2648 2281 2693 renes
2330 2649 2553 2707 meOS‚

264 2754 405 2798 non
479 2739 1007 2817 pepercerunt:
1087 2739 1344 2819 propter
1425 2735 1737 2799 desideria
1814 2735 2109 2810 carnalia,
2196 2754 2356 2817 quae
2433 2735 2555 2799 sibi

261 2839 520 2921 inpacta
566 2840 740 2917 dicit,
787 2861 899 2923 per
934 2842 1142 2925 malas
1197 2843 1643 2924 persuasiones
1694 2842 1768 2905 ab
1819 2841 2060 2924 angelis
2117 2841 2324 2907 malis.
2375 2842 2555 2905 effu·
2611 2848 2612 2851 ’

264 2946 538 3010 derunt
584 2947 653 3009 in
714 2950 913 3011 terra
958 2949 1061 3012 fel
1110 2967 1378 3012 meum:
1430 2951 1504 3012 ut
1549 2952 1798 3012 terrena
1842 2948 2007 3012 bona
2054 2948 2287 3011 zelarer
2332 2947 2396 3010 in
2454 2948 2555 3012 his

263 3054 377 3135 qui
443 3053 543 3117 his
610 3054 948 3120 abundant.
1018 3056 1462 3119 deiecerunt
1519 3075 1627 3119 me
1683 3054 2203 3138 prostratione
2262 3073 2553 3137 magna:

261 3179 342 3223 ne
367 3162 679 3225 carnalem
700 3161 1183 3243 prostrationem
1206 3162 1744 3245 intellegeremus.
1770 3161 2111 3224 cilicium
2142 3159 2560 3223 adsuerunt

261 3268 469 3330 corio
526 3287 714 3331 meo:
773 3271 1037 3350 peccata
1089 3269 1406 3344 interiora,
1466 3267 1699 3350 quibus
1757 3267 2188 3331 reminiscitur
2242 3285 2308 3329 se
2356 3266 2556 3329 fuisse

445 3492 478 3543 2
515 3491 611 3545 Iob
655 3494 736 3557 16,
777 3495 808 3547 9
989 3496 1022 3549 3
1059 3496 1155 3548 Iob
1201 3496 1280 3553 16,
1321 3496 1353 3548 9
1535 3495 1567 3546 6
1605 3494 1700 3547 Iob
1742 3496 1823 3554 16,
1867 3494 1932 3547 10
2114 3494 2174 3546 11
2225 3491 2323 3546 Iob
2363 3492 2446 3554 16,
2491 3493 2556 3545 10

262 3580 332 3633 13
371 3580 469 3633 Iob
512 3583 595 3645 16,
636 3583 703 3635 12
887 3586 951 3638 15
989 3584 1084 3637 Iob
1129 3586 1211 3646 16,
1254 3585 1319 3637 12
1504 3584 1567 3636 17
1606 3583 1704 3636 Iob
1748 3583 1830 3645 16,
1874 3583 1937 3635 12
2119 3583 2185 3634 19
2223 3580 2320 3633 Iob
2363 3581 2445 3643 16,
2489 3581 2555 3634 13

258 3670 325 3723 21
371 3669 469 3722 Iob
515 3672 596 3733 16,
642 3673 704 3725 13
815 3673 883 3726 23
921 3672 1018 3725 Iob
1061 3674 1143 3730 16.
1187 3673 1250 3725 14
1359 3673 1428 3725 24
1466 3670 1581 3724 Iob.
1625 3672 1707 3734 16,
1751 3672 1814 3724 15

338 3795 363 3847 1
409 3796 611 3863 autem]
649 3811 733 3847 me
772 3797 802 3849 b
1030 3796 1061 3849 3
1108 3796 1500 3864 intellegantur
1554 3793 1782 3847 TPde
2029 3794 2064 3846 4
2110 3791 2285 3845 aeriae
2330 3791 2557 3859 scripsi.-

258 3883 436 3937 aerias
476 3883 567 3937 zib.
769 3888 800 3939 6
838 3903 984 3939 mare
1028 3886 1138 3939 GT
1135 3886 1242 3939 PG
1451 3886 1483 3938 9
1524 3883 1834 3952 ostendens]
1875 3881 2100 3935 offendit
2143 3880 2189 3933 0
2363 3879 2554 3949 ipsius]

258 3974 382 4025 eius
419 3973 599 4026 PCM
741 3977 819 4028 ita
855 3976 986 4028 fecit
1023 3975 1141 4045 (sic)
1180 3976 1211 4028 b
1327 3976 1391 4029 10
1430 3974 1525 4043 sic]
1567 3974 1641 4026 sit
1683 3972 1730 4025 C
1836 3973 1898 4024 11
1940 3969 2259 4040 productum
2305 3968 2351 4022 G
2471 3967 2553 4020 in-

258 4078 399 4130 gens
437 4062 592 4131 deus]
634 4064 688 4115 in
728 4064 955 4132 genibus
994 4065 1176 4118 dHier
1212 4064 1265 4117 in
1305 4063 1457 4132 genis
1496 4062 1543 4116 S
1652 4063 1715 4114 13
1754 4062 1854 4113 sim
1893 4059 1939 4113 S
2048 4060 2110 4112 15
2150 4058 2216 4110 ab
2255 4073 2356 4110 om.
2402 4055 2562 4109 GPO

258 4151 528 4204 dilaceret
564 4152 595 4204 b
715 4157 835 4206 tens
874 4154 917 4207 S
1029 4155 1093 4206 16
1129 4171 1304 4206 meam
1343 4169 1444 4207 om.
1486 4151 1532 4204 S
1637 4151 1866 4203 diuulsit
1903 4149 1942 4201 d
2058 4147 2343 4201 aduersum
2377 4144 2559 4198 1³de

261 4242 330 4295 17
373 4239 580 4293 dimisit
624 4241 671 4294 C
813 4244 877 4295 18
917 4242 1219 4311 dirigantur
1257 4243 1288 4295 b
1437 4243 1501 4295 19
1551 4240 1765 4293 lanceas
1807 4237 1909 4292 GS
2084 4239 2140 4289 et
2188 4235 2466 4287 mittentes
2503 4233 2560 4285 P

256 4331 331 4383 20
364 4334 419 4382 et
458 4347 562 4383 non
602 4329 790 4384 SHier
896 4332 958 4383 21
1004 4331 1223 4400 inpacta
1257 4347 1357 4383 om.
1399 4330 1449 4382 G
1558 4329 1837 4398 passiones
1882 4326 1928 4379 (J
1995 4325 2064 4378 22
2102 4329 2245 4377 terra
2283 4324 2314 4376 b
2423 4322 2492 4375 iis
2519 4321 2558 4374 d

257 4420 331 4473 23
370 4423 497 4488 post
535 4420 743 4472 ratione
781 4418 828 4473 S
931 4422 1000 4474 24
1040 4420 1214 4473 cilicio
1253 4419 1548 4473 adsuerunt
1587 4414 1956 4485 (adsueruntP)
1991 4413 2041 4467 S
