3076 4976
597 545 1077 611 Quaestionum
1117 547 1231 601 lib.
1276 546 1318 599 V
1359 545 1648 614 (Quaest.
1690 546 1765 601 de
1804 548 2367 615 Deuteronomio).
2495 551 2627 614 393

333 741 559 824 inspici
622 740 1056 822 probibentur,
1123 740 1563 806 discernantur
1626 743 1702 806 ab
1761 742 1875 819 εἰς,
1942 762 2102 825 quae
2170 743 2478 808 diuinitus
2535 744 2626 808 ita

333 850 578 926 dantur,
625 850 702 912 ut
747 848 898 930 quid
947 847 1309 932 significent
1347 848 1472 912 dici
1511 849 1800 913 debeant.
1842 850 2011 914 sicut
2050 852 2260 915 omnia
2297 850 2626 926 miracula,

334 975 492 1040 quae
543 956 606 1019 in
655 955 985 1036 scripturis
1033 955 1448 1038 reperiuntur,
1499 956 1925 1040 significantia
1973 957 2139 1039 quod
2186 958 2500 1039 pertineat
2548 956 2625 1021 ad

332 1063 621 1147 regulam
667 1061 843 1138 fidei3
893 1062 1064 1127 sicut
1109 1061 1381 1126 dicimus
1431 1062 1586 1144 quid
1634 1062 2092 1146 signifieauen‘t
2128 1063 2339 1127 uellus
2378 1064 2440 1128 in
2482 1084 2629 1128 area

272 1190 297 1231 ε,
335 1171 636 1252 conpluta
683 1169 925 1234 siccum
974 1170 1079 1233 uel
1127 1170 1188 1232 in
1239 1170 1410 1234 sicca
1456 1189 1598 1233 area
1638 1171 2008 1252 conplutum
2049 1175 2160 1236 aut
2196 1172 2379 1255 uirga
2415 1173 2623 1238 Aaron

335 1297 494 1359 quae
533 1277 748 1341 floruit
784 1281 849 1340 et
885 1295 1081 1341 nuces
1123 1276 1354 1340 adtulit
1392 1279 1456 1340 et
1494 1279 1701 1341 cetera
1738 1277 1928 1342 huius
1967 1277 2161 1343 modi.
2203 1278 2371 1343 sieut
2408 1288 2624 1343 autem

335 1383 779 1448 discernuntur
825 1383 1249 1448 diuinationes
1300 1402 1457 1466 quas
1519 1387 1977 1466 consequenter
2031 1384 2322 1466 prohibet
2371 1405 2406 1449 a
2449 1405 2626 1466 prae-

335 1490 718 1555 dictionibus
766 1491 871 1555 uel
920 1490 1505 1554 adnuntiationibus
1555 1491 2024 1573 prophetarum,
2065 1490 2156 1555 sic
2194 1491 2340 1556 illae
2379 1491 2625 1574 inspee-

333 1597 536 1662 tiones
583 1597 1017 1681 prodigiorum
1066 1616 1100 1660 a
1147 1596 1724 1680 significationibus
1772 1596 2129 1662 diuinorum
2169 1597 2624 1662 miraculorum

247 1725 299 1764 ιο
336 1703 780 1768 discernendae
828 1708 998 1769 sunt.

423 1811 617 1874 XXX.
662 1810 1054 1890 Quoniam
1087 1811 1456 1876 dominus
1497 1811 1693 1875 deus
1724 1815 2004 1876 uester
2034 1812 2168 1893 qui
2196 1810 2628 1895 praecedit

335 1916 760 1982 uobiscum
845 1918 1088 1982 simul
1175 1916 1648 1982 debellabit
1731 1918 2154 1983 uobiscum
2239 1918 2619 1982 inimicos

335 2026 660 2088 uestros
728 2025 805 2087 et
862 2023 1140 2087 saluos
1207 2023 1466 2088 faciet
1531 2042 1695 2088 uos,
1758 2041 1905 2087 ecce
1965 2024 2500 2105 quemadmodum
2561 2027 2629 2087 et

332 2130 397 2193 in
458 2128 850 2212 spiritalibus
908 2129 1309 2194 conflictibus
1372 2130 1752 2213 sperandum
1801 2133 1864 2193 et
1910 2129 2250 2211 petendum
2307 2135 2406 2194 est
2452 2128 2626 2193 adiu-

245 2260 298 2301 ιε
333 2237 569 2300 torium
620 2236 741 2313 dei,
790 2256 911 2301 non
959 2240 1032 2301 ut
1088 2255 1202 2302 nos
1259 2235 1416 2299 nihil
1471 2236 1803 2313 faciamus,
1863 2235 1974 2300 sed
2022 2238 2096 2299 ut
2143 2235 2344 2299 adiuti
2402 2254 2622 2317 coope-

333 2362 565 2407 remur.
606 2343 699 2407 sic
738 2343 902 2407 enim
944 2343 1061 2407 ait:
1113 2342 1576 2408 debellabit
1612 2342 2061 2419 uobiscum,
2101 2346 2177 2406 ut
2215 2342 2407 2407 etiam
2446 2343 2623 2425 ipsos

335 2452 586 2515 acturos
636 2448 804 2533 quod
852 2450 1166 2534 agendum
1216 2452 1387 2515 esset
1434 2448 1811 2515 ostenderet.

421 2557 652 2625 XXXI.
684 2558 1258 2639 Etloquentur
1296 2555 1618 2620 scribae
1659 2556 1748 2619 ad
1786 2557 2174 2639 populum
2213 2555 2621 2621 dicentes:

337 2664 518 2747 quis
585 2669 711 2729 est
773 2664 1002 2729 homo
1071 2664 1206 2746 qui
1273 2662 1772 2728 aedificauit
1838 2663 2145 2727 domum
2216 2682 2500 2726 nouam
2549 2665 2628 2726 et

243 2797 298 2837 20
336 2791 484 2836 non
537 2771 964 2837 dedicauit
1010 2775 1218 2834 eam?
1267 2769 1512 2834 uadat
1560 2774 1636 2835 et
1681 2773 2158 2834 reuertatur
2194 2770 2271 2833 in
2314 2769 2625 2833 domuin

339 2897 579 2957 suam,
630 2898 719 2942 ne
776 2878 1173 2943 moriatur
1218 2878 1291 2941 in
1340 2877 1561 2942 bello
1611 2880 1687 2941 et
1734 2876 1962 2940 homo
2021 2875 2232 2941 alius
2292 2875 2628 2944 dedicet

338 3005 523 3050 eam.
573 2989 651 3050 et
716 2985 897 3067 quis
965 2989 1091 3049 est
1154 2985 1382 3050 homo
1451 2984 1586 3066 qui
1653 2983 2121 3067 pastinauit
2183 2983 2503 3047 uincam
2552 2986 2629 3047 et

338 3112 485 3156 non
562 3096 689 3156 est
763 3092 1149 3175 epulatus
1227 3112 1310 3156 ex
1387 3095 1511 3155 ea‘?
1588 3092 1834 3155 uadat
1891 3096 1971 3155 et
2026 3091 2504 3154 reuertatur
2551 3088 2626 3152 in

339 3198 651 3264 domum
710 3218 951 3278 suam,
1002 3219 1090 3263 ne
1148 3198 1548 3262 moriatur
1593 3198 1666 3261 in
1715 3197 1934 3262 bello
1993 3201 2070 3261 et
2125 3197 2350 3261 bomo
2409 3196 2628 3259 alius

246 3333 301 3373 25
343 3306 727 3388 epuletur
792 3325 874 3370 ex
944 3325 1048 3372 ea.
1117 3308 1194 3369 et-
1259 3305 1438 3387 quis
1506 3308 1631 3369 est
1693 3305 1922 3369 homo
1991 3303 2126 3386 qui
2193 3300 2628 3386 sponsauit

338 3431 660 3477 uxorem
731 3415 808 3476 et
870 3431 1017 3476 non
1085 3413 1404 3495 accepit
1471 3415 1679 3476 eam?
1747 3410 1996 3475 uadat
2061 3414 2138 3474 et
2201 3409 2483 3474 redeat
2549 3408 2626 3471 in

340 3518 652 3584 domum
703 3538 945 3596 suam,
994 3538 1084 3583 ne
1132 3518 1538 3584 moriatur
1583 3518 1661 3582 in
1709 3517 1930 3582 bello
1991 3520 2067 3581 et
2121 3518 2351 3581 homo
2412 3515 2628 3580 alius

340 3625 703 3707 accipiat
768 3644 951 3692 eam.
1019 3628 1290 3709 possunt
1344 3645 1599 3691 mouere
1657 3625 1801 3702 ista,
1862 3624 2044 3706 quasi
2099 3624 2357 3688 meliore
2418 3621 2628 3686 eondi-

340 3731 516 3796 cione
573 3732 919 3797 moriantur
975 3732 1038 3796 in
1092 3732 1262 3797 bello
1319 3732 1428 3815 qui
1482 3732 1610 3797 iam
1668 3730 2121 3796 dedicauerunt
2174 3728 2458 3794 aedificia
2514 3747 2632 3792 sua

514 3961 550 4012 4
597 3959 664 4013 cf.
711 3958 829 4013 Iud.
880 3961 929 4020 6,
977 3960 1192 4015 37—39
1374 3962 1406 4013 5
1457 3959 1522 4013 cf.
1571 3958 1735 4012 Num.
1786 3959 1869 4020 17,
1918 3957 1950 4011 8
2136 3957 2197 4010 11
2246 3958 2408 4010 Deut.
2458 3954 2546 4016 20,
2594 3955 2629 4007 4

343 4048 408 4101 18
444 4048 608 4101 Dent.
648 4048 735 4110 20,
776 4049 916 4102 5-7

410 4190 444 4243 2
483 4187 683 4243 debeat
719 4189 928 4243 T²Nbd
1035 4191 1066 4243 7
1106 4189 1350 4259 prohibit
1376 4190 1432 4243 P
1573 4206 1606 4242 a
1642 4202 1781 4242 eras.
1819 4189 1928 4243 sed.
1968 4204 2035 4241 m.
2073 4191 2110 4242 2
2146 4185 2276 4240 add.
2316 4187 2369 4239 P
2474 4201 2628 4253 prae-

339 4276 704 4332 dicationibus
750 4277 993 4333 SV¹UT
1169 4279 1232 4333 11
1286 4277 1574 4349 praecedet
1619 4277 1673 4332 V
1847 4279 1912 4331 12
1963 4276 2059 4332 alt.
2107 4275 2383 4329 uobiscum
2434 4290 2535 4327 om.
2583 4272 2635 4326 T

342 4368 408 4421 14
446 4366 786 4421 conflictibus
823 4383 925 4422 om.
964 4367 1016 4421 T
1114 4369 1179 4422 15
1217 4385 1313 4420 nos
1352 4384 1454 4422 om.
1484 4367 1545 4422 N
1657 4368 1721 4420 16
1761 4365 2060 4420 debellauit
2087 4364 2278 4419 PU¹T
2382 4363 2451 4418 28
2490 4362 2628 4416 acci·

336 4456 454 4525 piet
498 4455 550 4509 T
654 4455 722 4509 29
762 4471 829 4509 ne
865 4457 1167 4510 moriantur
1214 4455 1268 4511 U
