3076 4976
717 476 1197 542 Quaestionum
1236 475 1348 528 lib.
1387 474 1464 528 VI
1505 474 1799 540 (Quaest.
1840 474 1914 529 de
1954 474 2105 527 Iesu
2144 472 2366 540 Naue).
2559 475 2683 539 421

399 673 743 738 admodum
791 678 855 739 et
902 673 1025 738 sibi
1074 676 1138 738 et
1181 673 1314 737 illis
1364 691 1523 737 onus
1571 671 1966 737 intolerabile
2017 670 2345 736 subeundo
2394 671 2693 754 prodesse

393 800 516 845 non
565 784 815 864 posset3
875 781 1140 862 eiusque
1189 778 1524 861 dispositio
1575 778 1886 843 diuinitus
1936 782 2000 843 et
2044 777 2165 841 hoc
2211 777 2424 860 ipsum
2473 796 2690 842 socero

394 888 533 951 eius
599 889 979 971 suggerente
1046 889 1108 949 et
1171 889 1467 949 monente
1534 887 1723 966 atque
1787 885 1948 949 hanc
2015 883 2505 948 admonitionem
2573 884 2690 948 deo

395 994 778 1077 adprobante
826 996 1072 1058 mutata
1118 996 1236 1058 est.

337 1122 359 1156 ει
485 1101 600 1166 ΙΙΙ.
670 1101 925 1167 Scribae
973 1100 1211 1183 populo
1262 1098 1509 1163 dicunt:
1570 1117 1732 1162 cum
1780 1096 2138 1162 uideritis
2186 1116 2426 1161 arcam
2475 1097 2688 1161 testi-

394 1208 634 1272 monii
712 1207 995 1272 domini
1071 1206 1188 1270 dei
1260 1206 1500 1270 nostri
1577 1208 1650 1269 et
1725 1204 2159 1269 sacerdotes
2236 1207 2536 1269 nostros
2618 1207 2690 1267 et

392 1314 705 1379 Leuitas
755 1314 1126 1378 tollentes
1179 1332 1355 1391 eam,
1403 1311 1989 1395 proficiscimini
2043 1312 2126 1375 de
2166 1312 2359 1376 locis
2399 1311 2685 1375 uestris

394 1426 465 1485 et
529 1422 633 1485 ite
701 1425 873 1504 post
938 1439 1113 1485 eam.
1201 1420 1329 1483 sed
1394 1421 1702 1503 longum
1767 1418 2262 1483 interuallum
2334 1418 2436 1482 sit
2489 1418 2689 1481 inter

392 1547 526 1591 uos
576 1532 649 1592 et
694 1529 938 1603 illam,
1000 1529 1361 1609 quantum
1410 1526 1550 1590 duo
1599 1526 1813 1590 milia
1861 1525 2290 1590 cubitorum
2340 1523 2682 1598 stabitis;

306 1658 353 1693 ιο
392 1654 477 1699 ne
534 1635 1068 1717 propinquetis
1128 1633 1222 1707 ei,
1280 1636 1364 1697 ut
1420 1633 1689 1697 sciatis
1756 1632 1953 1696 uiam
2010 1651 2227 1713 quam
2284 1630 2503 1696 ibitis
2565 1628 2682 1719 [in]

393 1761 573 1806 eam.
661 1761 798 1806 non
860 1742 1053 1805 enim
1114 1741 1394 1805 abistis
1453 1741 1654 1805 uiam
1710 1741 1795 1804 ab
1855 1741 2209 1805 hesterna
2256 1743 2329 1805 et
2383 1739 2686 1804 nudius-

392 1850 720 1914 tertiana
768 1850 908 1913 die.
964 1849 1155 1933 longe
1200 1849 1453 1912 iussum
1506 1850 1605 1913 est
1653 1867 1857 1912 arcam
1906 1848 2299 1930 praecedere,
2348 1850 2424 1911 ut
2468 1850 2687 1930 posset

392 1977 427 2020 a
490 1957 727 2039 populo
794 1955 1018 2020 uideri.
1105 1958 1233 2019 tam
1303 1954 1534 2038 grande
1603 1954 1836 2038 quippe
1902 1972 2150 2037 agmen,
2218 1953 2271 2017 si
2334 1958 2484 2036 post
2547 1972 2684 2018 eam

389 2063 744 2146 proximum
791 2065 1104 2145 pergeret,
1153 2080 1276 2124 non
1328 2080 1463 2124 eam
1522 2060 1769 2124 uideret
1823 2060 2062 2144 praeire
2118 2078 2231 2124 nec
2287 2062 2509 2126 nosset
2562 2079 2687 2142 qua

307 2193 352 2228 ιε»
398 2172 783 2251 sequeretur.
870 2187 940 2232 ex
1014 2169 1135 2232 hoc
1210 2170 1423 2231 autem
1497 2168 1664 2231 facto
1739 2167 2236 2250 intellegendum
2312 2170 2439 2244 est,
2516 2167 2684 2249 quod

392 2278 685 2341 columna
748 2275 861 2339 illa
924 2275 1134 2353 nubis,
1193 2295 1352 2357 quae
1428 2275 1675 2339 solebat
1737 2274 2069 2340 mouendis
2136 2274 2361 2338 castris
2428 2274 2683 2357 signum

391 2382 535 2447 dare
585 2387 650 2447 et
695 2384 815 2447 iter
863 2383 1214 2460 ostendere,
1254 2383 1379 2446 iam
1428 2385 1776 2446 recesserat
1821 2400 1935 2446 nec
1984 2382 2076 2445 eis
2125 2380 2492 2462 adparebat3
2541 2380 2687 2443 hinc

388 2491 627 2554 sactum
688 2494 805 2566 est,
873 2494 946 2554 ut
1003 2492 1190 2554 etiam
1249 2490 1533 2554 triduum
1591 2488 1750 2553 illud
1809 2509 1878 2552 ex
1934 2490 2213 2552 humana
2268 2486 2684 2570 dispositione

389 2597 873 2679 praediceretur.
954 2616 1119 2661 nunc
1168 2617 1316 2682 ergo
1368 2597 1525 2661 duce
1575 2598 1724 2660 Iesu
1773 2615 1979 2659 arcam
2039 2595 2275 2659 domini
2333 2597 2687 2676 sequuntur

300 2727 351 2761 ευ
390 2702 555 2767 nube
605 2704 935 2768 subtracta
981 2706 1307 2786 tamquam
1357 2704 1673 2768 uelamine
1721 2703 1951 2768 ablato,
2029 2701 2387 2766 Iordanes
2436 2705 2682 2764 autem

386 2810 663 2891 plenus
714 2813 876 2874 erat
920 2830 1053 2893 per
1100 2814 1334 2876 totam
1386 2809 1848 2893 crepidinem
1908 2828 2111 2873 suam
2171 2809 2374 2873 sicut
2418 2808 2489 2871 in
2540 2807 2680 2871 die-

385 2916 523 2979 bus
562 2917 839 2981 messis
881 2917 1152 2983 tritici.
1195 2917 1315 2980 hoc
1346 2916 1713 2981 incredibile
1742 2915 2000 2980 uidetur
2025 2916 2388 2999 regionibus
2425 2914 2682 2978 nostris.

386 3022 475 3086 ibi
522 3025 755 3099 autem,
798 3023 967 3087 sicut
1002 3023 1333 3106 perhibent
1371 3024 1479 3104 qui
1517 3027 1851 3100 nonerunt,
1891 3023 2071 3087 initio
2109 3022 2279 3086 ueris
2319 3026 2417 3086 est
2452 3021 2682 3085 messis

385 3128 610 3202 tritici3
679 3132 830 3193 tunc
897 3134 1109 3193 autem
1177 3130 1287 3193 ille
1353 3130 1591 3194 fluuius
1656 3130 1936 3211 repletur
1999 3127 2271 3211 amplius
2329 3147 2517 3210 quam
2571 3145 2685 3211 per

288 3261 345 3301 25
386 3234 678 3299 hiemem.

477 3342 622 3405 1111.
700 3343 792 3406 Et
856 3345 1075 3407 erunt
1142 3343 1362 3407 uobis
1425 3343 1723 3427 lapides
1792 3343 1924 3406 isti
1982 3341 2414 3406 memoriale
2480 3340 2677 3403 filiis

385 3448 684 3512 Israhel
742 3467 980 3530 usque
1038 3450 1108 3512 in
1168 3452 1575 3514 aeternum.
1663 3449 1977 3530 quomodo
2054 3449 2158 3524 „in
2228 3451 2676 3522 aetern11n1“,

385 3573 529 3618 cum
581 3556 827 3619 caelum
878 3559 942 3621 et
986 3559 1154 3620 terra
1202 3559 1568 3620 transeant?
1616 3576 1689 3620 an
1741 3556 2036 3638 quoniam
2076 3559 2401 3619 aeternum
2441 3553 2679 3635 aliquid

384 3660 743 3743 significant
808 3663 874 3726 hi
938 3663 1212 3745 lapides,
1280 3682 1423 3727 cum
1492 3664 1618 3745 ipsi
1684 3663 1920 3727 aeterni
1987 3682 2126 3727 esse
2193 3681 2312 3725 non
2383 3661 2678 3744 possint?

557 3846 589 3896 5
627 3843 734 3897 Ios.
774 3843 824 3909 3,
864 3846 915 3898 3.
954 3847 989 3898 4
1103 3846 1166 3900 16
1206 3845 1273 3899 cs.
1312 3846 1405 3899 Ex.
1448 3846 1531 3908 13,
1572 3846 1637 3899 21
1756 3847 1821 3899 18
1862 3846 1926 3899 cf.
1960 3850 2166 3915 quaest.
2196 3846 2250 3898 ΙΙ
2284 3847 2348 3900 13
2461 3846 2529 3899 20
2566 3844 2676 3900 Ios.

378 3933 431 3992 3,
477 3934 541 3985 15
652 3933 721 3986 26
759 3933 863 3986 Ios.
904 3935 955 3996 4,
998 3935 1028 3987 7
1140 3935 1209 3988 28
1248 3934 1313 3988 cf.
1352 3935 1551 3990 Matth.
1594 3933 1679 3996 24,
1719 3937 1788 3988 35

457 4055 480 4106 1
524 4054 802 4107 subeunde
840 4055 899 4107 N
1027 4057 1058 4109 5
1098 4057 1286 4126 populi
1333 4057 1436 4111 VT
1564 4059 1593 4110 7
1632 4058 1830 4112 leuites
1868 4057 2045 4113 PSU²
2168 4059 2232 4112 10
2269 4059 2325 4111 in
2363 4058 2567 4112 inclusi
2604 4060 2671 4125 cf.

376 4142 510 4196 Loc.
553 4142 618 4197 de
654 4143 784 4196 Iesu
821 4143 990 4198 Naue
1026 4146 1105 4199 II
1124 4163 1186 4215 p.
1232 4149 1337 4199 614
1377 4147 1457 4201 ed.
1493 4163 1645 4201 meae
1829 4149 1888 4201 11
1948 4147 2362 4201 nudustertiana
2399 4147 2516 4200 ΡΝ
2526 4146 2672 4200 V¹U¹

377 4232 447 4285 12
487 4230 552 4284 de
592 4231 754 4302 longe
803 4233 851 4285 V
992 4234 1300 4304 praecidere
1339 4235 1397 4288 N
1511 4237 1576 4289 14
1614 4237 1846 4306 praeire]
1887 4236 2089 4306 periret
2125 4236 2253 4290 ΡΤι
2376 4237 2438 4289 15
2480 4252 2673 4304 sequa·

373 4327 527 4374 retur
563 4319 629 4373 N
772 4323 836 4375 19
874 4323 1280 4391 praedicaretur
1316 4324 1382 4377 N
1555 4325 1701 4394 Iesu]
1734 4315 1854 4379 ffiffi
1886 4326 1954 4379 N
2091 4327 2159 4380 20
2203 4324 2441 4380 iordanis
2493 4325 2678 4378 V¹NT

372 4409 443 4463 21
487 4407 612 4460 ὡπεὶ
650 4407 703 4460 ἓν
740 4408 962 4481 ἡμέραις
1000 4412 1141 4482 Lay.
1252 4413 1321 4467 23
1360 4413 1415 4466 in
1454 4414 1614 4467 initio
1655 4414 1728 4468 bd
1835 4416 1903 4469 28
1941 4419 2140 4468 terram
2177 4414 2243 4467 N
