3076 4976
343 413 473 477 230
1049 413 1100 465 S.
1158 412 1430 466 Aureli
1488 412 1923 482 Augustini

437 608 542 670 20.
591 606 864 670 Interius
912 608 1146 682 autem,
1195 606 1259 670 id
1310 610 1409 671 est
1452 607 1513 670 in
1565 610 1781 671 sancto
1824 612 2181 672 sanctorum
2221 609 2389 672 ultra
2424 608 2640 673 uelum

347 716 650 794 quattuor
714 713 1172 790 columnarum,
1231 732 1372 777 arca
1428 717 1564 778 erat
1617 714 1966 779 testimonii
2024 715 2342 791 deaurata,
2400 715 2461 779 in
2518 734 2643 797 qua

346 823 523 884 erant
585 819 840 883 tabulae
903 820 1190 901 lapideae
1255 819 1417 904 legis
1486 824 1551 885 et
1616 822 1797 904 uirga
1851 822 2057 885 Aaron
2126 825 2187 886 et
2242 841 2401 885 urna
2456 840 2643 886 aurea

348 947 494 990 cum
558 946 786 991 manna
843 930 906 990 et
958 927 1468 1009 propitiatorium
1535 927 1807 1010 desuper
1870 947 2149 1004 aureum,
2215 928 2327 992 ubi
2393 928 2645 992 stabant

349 1034 473 1097 duo
553 1032 855 1097 cherubin
923 1033 1041 1097 alis
1110 1033 1560 1099 obumbrantes
1626 1034 2134 1117 propitiaton'um
2203 1038 2265 1098 et
2326 1035 2642 1099 intuentes
2709 1055 2734 1094 5

348 1142 625 1206 inuicem
683 1144 747 1204 et
802 1140 1036 1221 ipsum.
1115 1145 1256 1205 ante
1322 1161 1531 1206 arcam
1595 1161 1768 1219 uero,
1825 1142 1890 1205 id
1948 1145 2048 1206 est
2099 1142 2264 1207 inter
2319 1161 2525 1205 arcam
2584 1144 2649 1204 et

349 1249 588 1324 uelum,
646 1246 929 1329 positum
986 1250 1121 1311 erat
1177 1248 1371 1311 altare
1427 1248 1690 1326 incensi,
1749 1249 1917 1331 quod
1983 1248 2319 1331 aliquando
2387 1266 2648 1311 aureum

351 1352 506 1417 dicit
552 1352 885 1434 scriptura,
935 1354 1272 1436 aliquando
1324 1355 1715 1433 deauratum,
1767 1376 2028 1420 aureum
2067 1355 2286 1436 utique
2326 1354 2647 1435 appellans

354 1458 521 1541 quod
570 1461 706 1523 erat
753 1460 1131 1525 inauratum.
1209 1461 1286 1525 ad
1333 1462 1487 1526 haec
1537 1463 1756 1526 sancta
1801 1464 2162 1526 sanctorum
2221 1461 2341 1524 nisi
2400 1478 2648 1522 summo

353 1565 666 1630 sacerdoti
732 1585 853 1630 non
920 1568 1156 1632 licebat
1218 1567 1447 1632 intrare
1515 1568 1748 1633 cotidie
1805 1572 2058 1651 propter
2110 1567 2504 1631 inferendum
2561 1566 2648 1628 in·
2688 1589 2740 1626 ιο

352 1691 636 1748 censum,
687 1674 885 1737 semel
933 1677 1144 1738 autem
1194 1675 1256 1738 in
1307 1694 1464 1739 anno
1515 1694 1661 1738 cum
1712 1675 2017 1759 sanguine
2067 1673 2143 1738 ad
2191 1672 2650 1755 purificandum

355 1779 550 1842 altare
618 1783 710 1857 et,
779 1781 832 1844 si
902 1781 1150 1863 quando
1217 1782 1378 1846 forte
1445 1782 1737 1866 exigebat
1799 1781 2149 1846 necessitas
2213 1800 2324 1862 pro
2391 1782 2650 1863 peccato

359 1886 705 1951 sacerdotis
755 1892 866 1952 aut
912 1889 1246 1952 uniuersae
1290 1907 1669 1972 synagogae,
1711 1889 1880 1952 sicut
1916 1889 1977 1952 in
2018 1887 2305 1951 Leuitico
2346 1887 2654 1968 scriptum

366 1996 484 2057 est.
536 1994 628 2058 sic
675 1995 1029 2059 intrabatur
1082 1995 1560 2059 tabernaculum
1620 1996 1694 2059 ab
1745 1993 2088 2069 occidente,
2136 1992 2202 2056 id
2251 1997 2349 2058 est
2395 2013 2431 2057 a
2474 1995 2656 2074 porta

365 2100 508 2163 atrii
547 2120 749 2182 usque
791 2102 867 2165 ad
907 2102 1075 2165 latus
1115 2102 1416 2166 orientale
1455 2103 1767 2166 introrsus
1807 2100 1916 2164 ubi
1948 2103 2081 2163 erat
2112 2118 2255 2163 arca
2282 2098 2655 2163 testimonii.
2694 2122 2744 2162 15

457 2208 561 2269 21.
620 2207 759 2270 Hoc
809 2210 1018 2272 autem
1067 2208 1335 2272 interius
1381 2209 1883 2285 tabernaculum,
1933 2206 2098 2289 quod
2144 2206 2490 2288 incipiebat
2534 2224 2656 2268 nou

367 2332 402 2375 a
449 2317 630 2395 porta
678 2314 819 2377 atrii
871 2315 980 2379 sed
1028 2315 1103 2378 ab
1154 2315 1339 2391 ostio,
1390 2314 1556 2396 quod
1607 2315 2043 2396 appellabatur
2088 2313 2323 2377 ostium
2378 2311 2659 2376 taberna-

369 2418 517 2493 culi,
587 2422 650 2483 et
711 2419 1050 2483 finiebatur
1113 2420 1173 2483 in
1240 2421 1503 2505 longum
1567 2421 1761 2485 latere
1828 2419 2106 2496 orientis,
2165 2419 2273 2483 ubi
2332 2421 2465 2482 erat
2519 2436 2660 2482 arca

365 2527 737 2600 testimonii.¹
789 2527 1006 2591 decem
1056 2529 1294 2592 aulaeis
1335 2528 1849 2604 concludebatur,
1890 2547 2157 2609 quorum
2198 2529 2375 2590 erant
2412 2526 2661 2609 singula

365 2632 595 2715 uiginti
644 2637 785 2697 octo
836 2634 1216 2711 cubitorum,
1265 2636 1543 2717 quinque
1591 2635 1737 2699 hinc
1777 2636 1839 2698 et
1876 2634 2151 2717 quinque
2196 2633 2362 2710 inde,
2404 2633 2662 2697 sibimet
2699 2656 2749 2694 20

367 2757 598 2802 conexa
644 2740 882 2803 ansulis
932 2745 995 2805 et
1042 2743 1297 2806 circulis
1345 2745 1409 2805 et
1455 2762 1524 2805 ex
1571 2741 1837 2806 aduerso
1888 2741 2143 2805 sibimet
2189 2740 2556 2814 constituta,
2598 2740 2662 2801 et

367 2843 678 2909 columnis
718 2846 959 2909 uicenis
1000 2847 1060 2909 in
1101 2847 1406 2913 lateribus
1446 2849 1840 2933 longioribus
1882 2847 2193 2929 aquilonis
2234 2849 2422 2928 atque
2463 2845 2659 2910 austri

369 2954 433 3014 et
478 2952 788 3015 columnis
838 2956 978 3016 octo
1030 2974 1065 3017 a
1108 2954 1303 3018 latere
1354 2956 1729 3033 occidentis,
1781 2975 1817 3018 a
1860 2956 2053 3018 latere
2121 2958 2334 3018 autem
2401 2952 2659 3017 orientis

369 3058 565 3122 nullis
614 3059 945 3136 columniS‚
996 3060 1106 3123 sed
1155 3061 1309 3124 solis
1359 3062 1617 3126 aulaeis.
1699 3081 1856 3142 quae
1917 3062 2137 3125 aulaea
2194 3060 2408 3124 decem
2468 3060 2659 3143 erige-

369 3165 601 3229 bantur
644 3166 706 3229 in
757 3165 989 3230 cubitis
1038 3170 1336 3248 quattuor
1374 3172 1437 3232 et
1472 3188 1585 3250 per
1621 3171 1826 3232 totum
1868 3169 2203 3232 circuitum
2240 3167 2664 3230 tendebantur
2701 3191 2755 3230 π,

370 3273 431 3335 in
501 3272 736 3335 cubitis
802 3273 1091 3338 ducentis
1160 3276 1508 3358 octoginta:
1572 3294 1838 3356 quorum
1905 3276 2165 3337 centena
2229 3274 2292 3337 in
2357 3272 2663 3357 lateribus

373 3383 548 3444 erant
610 3381 1004 3464 longioribus
1071 3382 1270 3447 austri
1328 3385 1391 3446 et
1447 3381 1759 3464 aquilonis
1826 3400 1936 3461 per
1999 3379 2257 3443 uicenas
2316 3380 2663 3455 columnas,

376 3487 776 3571 quadragena
837 3507 985 3552 uero
1044 3488 1260 3553 cubita
1312 3490 1375 3552 in
1434 3489 1694 3572 reliquis
1753 3487 1999 3551 duobus
2054 3485 2361 3550 lateribus
2419 3486 2664 3550 breuio-

375 3594 579 3659 ribus:
639 3614 763 3659 uno
814 3596 1158 3660 occidentis
1207 3616 1318 3679 per
1364 3596 1691 3660 columnas
1741 3599 1904 3670 oct0‚
1965 3593 2159 3657 altero
2219 3593 2499 3670 orientiS‚
2557 3592 2664 3656 ubi

379 3703 707 3767 columnae
773 3723 893 3768 non
962 3707 1164 3780 erant,
1232 3702 1342 3766 sed
1410 3703 1547 3766 sola
1611 3703 2025 3767 tendebantur
2089 3698 2305 3765 aulaea
2372 3701 2446 3763 de
2514 3699 2666 3763 solis
2705 3727 2755 3765 so

561 3933 627 3986 13
666 3933 731 3985 cf.
771 3933 899 3986 Leu.
940 3949 1053 4001 cap.
1097 3933 1161 3985 16

456 4079 482 4131 1
525 4078 579 4129 in
618 4094 726 4130 scm
767 4075 879 4129 PS¹
899 4076 1003 4129 VT
1161 4075 1325 4142 ultra]
1363 4075 1508 4126 intra
1546 4072 1704 4126 PSV
1833 4073 1864 4125 3
1906 4089 2036 4124 orna
2079 4072 2126 4125 C
2257 4071 2288 4122 5
2329 4067 2581 4137 cerubym
2628 4065 2673 4119 C

383 4167 756 4221 obumbrantis
801 4166 846 4219 C
958 4166 991 4219 8
1032 4169 1278 4218 auratum
1316 4162 1498 4217 P¹SV
1602 4164 1634 4215 9
1675 4162 1799 4231 quia
1838 4160 1956 4214 de
2075 4161 2140 4213 15
2179 4159 2327 4227 atrii]
2366 4156 2591 4211 australi
2630 4154 2675 4209 S

385 4256 553 4309 austri
592 4256 730 4309 P¹V
849 4258 910 4309 17
953 4256 1081 4308 ostii
1129 4254 1178 4306 T
1295 4254 1358 4305 19
1399 4254 1451 4315 in
1493 4253 1711 4320 singula
1756 4250 1803 4302 V
1911 4250 1974 4302 21
2019 4248 2219 4301 ansolis
2265 4247 2310 4300 C
2451 4249 2506 4298 et
2545 4248 2673 4298 ante

387 4360 446 4396 ox
484 4361 589 4399 om.
626 4342 784 4397 PSV
886 4345 954 4396 27
995 4344 1108 4394 crat
1154 4341 1200 4393 C·r
1304 4342 1373 4394 30
1411 4339 1743 4392 tendebatur
1778 4337 1895 4391 1²8¹
