3076 4976
627 520 1110 586 Quaestionum
1149 520 1261 572 lib.
1302 519 1408 572 VII
1448 519 1739 585 rQnaest.
1781 520 1856 573 de
1894 520 2282 590 Iudicibus).
2460 523 2592 586 495

389 715 524 777 Iam
588 715 770 792 illud,
838 717 1007 798 quod
1068 717 1131 780 hi
1199 717 1306 798 qui
1375 717 1733 780 abiecerant
1795 717 2016 799 Iephte
2065 754 2151 762 -—
2201 721 2333 780 erat
2399 719 2592 782 etiam

305 821 667 887 Galaadites
734 861 821 868 —
888 823 1177 887 conuersi
1240 826 1391 887 sunt
1446 822 1523 886 ad
1582 841 1724 886 eum
1783 828 1848 887 et
1904 824 2358 905 quaesiuerunt
2422 844 2588 896 eum,

299 948 411 1010 per
458 949 643 1011 quem
691 930 1109 994 liberarentur
1157 931 1232 994 ab
1282 929 1557 994 inimicis
1618 930 1772 1007 suiS‚
1825 949 2010 1011 quarn
2063 930 2228 995 clara
2284 932 2592 1016 praefigu-

299 1035 538 1099 ratione
598 1036 931 1120 significat,
1001 1037 1168 1119 quod
1217 1037 1283 1101 hi
1331 1038 1437 1118 qui
1505 1038 1870 1101 abiecerunt
1935 1037 2260 1102 Christum
2318 1039 2394 1102 ad
2445 1059 2590 1103 eum

237 1169 262 1207 5
298 1161 519 1204 rursus
552 1145 842 1207 conuersi
874 1144 934 1206 in
968 1144 1078 1207 illo
1107 1143 1429 1225 reperiunt
1460 1144 1764 1208 salutem!
1807 1144 1944 1208 siue
1982 1144 2077 1208 illi
2114 1144 2588 1227 intellegantur,

300 1267 459 1329 quos
516 1249 745 1312 Petrus
804 1251 1133 1332 apostolus
1192 1269 1337 1314 cum
1395 1250 1472 1313 de
1528 1250 1669 1331 ipso
1729 1251 1963 1315 scelere
2030 1251 2363 1334 arguisset,
2423 1252 2595 1315 sicut

296 1355 357 1418 in
407 1355 677 1419 Actibus
728 1357 1160 1438 apostolorum
1208 1358 1465 1441 legitur,
1518 1361 1580 1420 et
1628 1357 1918 1421 hortatus
1968 1362 2157 1433 esset,
2205 1360 2281 1421 ut
2327 1358 2402 1422 ad
2444 1378 2592 1422 eum

247 1465 811 1526 -conuerterentur
858 1483 1044 1545 quem
1094 1464 1343 1528 fuerant
1399 1465 1739 1546 persecuti,
1798 1465 2140 1546 conpuncti
2197 1468 2348 1528 sunt
2404 1466 2587 1529 corde

298 1571 362 1631 et
436 1568 509 1631 ab
586 1569 696 1632 illo
775 1589 958 1651 quem
1010 1589 1045 1633 a
1102 1589 1168 1634 se
1237 1570 1668 1634 alienauerant
1732 1570 2251 1635 desiderauerunt
2316 1573 2588 1636 salutem

207 1705 259 1742 ιο
297 1712 382 1720 -
440 1675 589 1755 quid
651 1678 749 1739 est
804 1680 1017 1740 autem
1073 1677 1326 1740 liberari
1385 1678 1459 1740 ab
1518 1676 1794 1740 inimicis
1853 1676 1975 1740 nisi
2025 1697 2060 1739 a
2107 1678 2428 1758 peccatis?
2495 1679 2586 1742 sic

299 1782 462 1844 enim
504 1782 635 1846 illis
667 1783 783 1846 ait:
826 1784 1048 1866 agite
1087 1784 1688 1865 paenitentiam
1729 1787 1806 1846 et
1841 1784 2317 1866 baptizetur
2355 1805 2586 1848 unus-

296 1889 643 1970 quisque
702 1893 1064 1953 uestrum
1124 1890 1198 1953 in
1256 1890 1567 1954 nomine
1627 1890 1930 1954 domini
1989 1891 2174 1955 Iesu
2235 1890 2584 1972 Christi;

296 1999 373 2058 et
439 1996 973 2059 remittentur
1048 1997 1282 2060 uobis
1360 2002 1699 2079 peccata
1772 2000 2052 2061 uestra
2117 2035 2204 2044 —
2271 1997 2406 2060 siue
2474 1997 2585 2061 illa

293 2102 508 2184 potius
542 2102 954 2185 significetur,
999 2123 1157 2184 quae
1197 2104 1259 2166 in
1299 2103 1417 2167 fine
1458 2107 1749 2185 speratur
1786 2103 2038 2168 uocatio
2080 2104 2286 2188 gentis
2324 2104 2586 2170 Israhel.

203 2236 255 2276 ιτ»
291 2208 495 2291 magis
563 2208 793 2291 quippe
852 2209 992 2291 ipsa
1048 2209 1304 2274 uidetur
1368 2211 1662 2292 adparere
1719 2210 1782 2273 in
1833 2229 1904 2274 eo
1964 2211 2134 2291 quod
2200 2210 2460 2274 dicitur:
2510 2214 2586 2274 et

292 2315 600 2378 factum
649 2320 774 2378 est
820 2319 1006 2398 post
1044 2316 1241 2393 dies
1283 2317 1451 2398 quod
1491 2317 1715 2397 utique
1754 2321 1903 2399 post
1939 2319 2194 2397 tempus
2237 2315 2584 2398 significat3

293 2424 357 2484 et
420 2441 529 2503 per
594 2421 715 2486 hoc
780 2422 1062 2487 insinuat
1128 2444 1249 2487 non
1318 2424 1477 2487 illud
1552 2423 2049 2507 intellegendum
2117 2423 2284 2506 quod
2348 2423 2584 2485 recenti

289 2530 587 2610 passione
628 2528 865 2594 domini
905 2535 1021 2607 est,
1065 2532 1176 2595 sed
1217 2532 1383 2614 quod
1419 2535 1642 2614 postea
1681 2532 1964 2595 futurum
2006 2535 2122 2594 est.
2164 2550 2286 2612 quo
2327 2530 2586 2593 uidetur

290 2636 480 2699 etiarn
528 2635 593 2699 id
640 2637 971 2719 pertinere,
1023 2638 1192 2719 quod
1241 2639 1522 2702 seniores
1575 2637 1814 2702 Galaad
1861 2641 2173 2702 uenerunt
2219 2637 2295 2701 ad
2335 2636 2580 2717 Iephte,

194 2772 249 2810 20
290 2746 365 2806 ut
408 2762 517 2825 per
564 2747 834 2807 aetatem
887 2745 1150 2809 senilem
1200 2747 1550 2828 posteriora
1598 2749 1662 2809 et
1710 2745 2058 2810 nouissima
2094 2748 2381 2826 tempora
2419 2744 2578 2807 acci-

288 2849 517 2930 pienda
592 2850 740 2913 sint.
823 2851 1271 2933 interpretatur
1348 2855 1561 2917 autem
1648 2851 1887 2916 Galaad
1975 2851 2348 2926 „Abiciens“
2441 2850 2582 2914 siue

297 2956 729 3031 „Reuelatio“.
790 2978 1057 3039 quorum
1115 2963 1453 3041 utrumque
1503 2960 1660 3023 satis
1711 2962 1855 3040 apte
1911 2959 2058 3022 huic
2116 2958 2206 3021 rei
2264 2957 2577 3039 congruit,

289 3062 437 3144 quia
482 3063 684 3144 primo
726 3064 1050 3128 dominum
1093 3066 1414 3130 Christum
1457 3066 1823 3130 abiecerunt
1862 3066 2080 3146 eisque
2129 3068 2350 3146 postea
2404 3083 2582 3127 reue-

285 3168 541 3233 labitur.

191 3304 248 3343 25
379 3274 563 3353 Quod
629 3295 777 3341 uero
848 3281 1060 3341 contra
1126 3278 1291 3342 filios
1357 3279 1625 3342 Ammon
1685 3278 1806 3341 dux
1864 3278 2285 3359 quaerebatur
2334 3277 2582 3358 Iephte,

287 3383 521 3465 quibus
569 3383 761 3447 uictis
809 3384 1244 3460 liberarentur,
1295 3386 1403 3467 qui
1452 3405 1522 3449 eo
1575 3385 1732 3448 duce
1783 3384 2089 3448 aduersus
2147 3384 2292 3447 illos
2339 3383 2576 3446 bellare

287 3489 643 3570 cupiebant,
696 3491 992 3572 quoniam
1038 3492 1488 3575 interpretatur
1533 3493 1803 3555 Ammon
1862 3490 2102 3566 „Filius
2149 3489 2366 3572 populi
2406 3489 2565 3553 mei“

285 3596 425 3660 siue
472 3597 793 3678 „Populus
833 3599 1199 3677 maeroris“,
1232 3599 1513 3681 profecto
1556 3603 1666 3662 aut
1700 3598 1797 3662 illi
1836 3598 2274 3681 significantur
2309 3595 2574 3673 inimici,

286 3703 395 3783 qui
444 3723 514 3766 ex
560 3704 701 3786 ipsa
748 3708 933 3787 gente
981 3708 1461 3786 perseuerantes
1509 3705 1572 3768 in
1620 3705 1991 3769 infidelitate
2048 3702 2352 3785 praedicti
2402 3706 2570 3778 sunt,

180 3840 241 3879 80
284 3813 395 3873 aut
434 3811 683 3874 omnino
727 3830 943 3875 omnes
980 3814 1300 3896 gehennae
1330 3812 1805 3895 praedestinati,
1837 3812 1948 3874 ubi
1987 3811 2145 3874 erit
2183 3810 2273 3873 eis
2314 3810 2574 3873 fletus

464 3970 496 4022 6
534 3967 601 4021 cf.
642 3968 758 4021 Act.
800 3970 849 4029 2,
890 3969 1098 4023 22-37
1214 3971 1273 4023 11
1318 3971 1437 4025 Act.
1469 3971 1519 4029 2,
1552 3969 1620 4023 38
1734 3970 1798 4022 15
1837 3967 1957 4023 Iud.
1992 3967 2075 4029 11,
2105 3968 2139 4019 4
2253 3966 2317 4019 19
2358 3964 2570 4020 cf.1u‹1.

284 4056 368 4119 11,
408 4057 440 4108 5
480 4071 597 4125 sqq.
708 4057 777 4110 25
817 4056 884 4109 cf.
922 4056 1039 4109 Iud.
1085 4058 1167 4119 11,
1206 4058 1240 4110 6
1350 4057 1419 4111 30
1455 4056 1652 4111 matth.
1693 4055 1779 4121 25,
1820 4057 1888 4109 30

352 4180 385 4231 2
426 4178 698 4246 galadites
737 4178 835 4233 ΕΝ
851 4180 957 4233 VT
1061 4183 1093 4234 5
1132 4183 1447 4250 repererunt
1481 4180 1547 4234 N
1649 4180 1683 4234 9
1721 4179 2095 4233 desiderarunt
2125 4177 2228 4232 SV
2336 4177 2400 4231 10
2438 4177 2484 4229 si
2512 4176 2582 4230 N

283 4269 343 4321 11
390 4262 491 4336 ait]
525 4269 642 4338 agit
679 4267 742 4321 N
850 4268 914 4322 13
953 4269 1306 4322 remittuntur
1342 4268 1404 4321 N
1513 4268 1579 4322 18
1618 4267 1823 4321 domini
1860 4268 2111 4337 passione
2150 4266 2224 4320 bd
2367 4269 2451 4319 est
2478 4283 2570 4334 pr.

278 4373 382 4409 om.
422 4357 485 4409 N
592 4358 721 4425 quo]
756 4357 899 4427 quod
936 4356 1001 4410 N
1103 4358 1167 4410 21
1211 4362 1340 4411 sunt
1386 4358 1435 4410 Τ
1540 4359 1607 4412 26
1645 4357 1791 4426 illos]
1821 4373 1911 4410 eos
1949 4356 2000 4409 T
2101 4356 2168 4409 28
2210 4357 2324 4423 aut]
2358 4355 2484 4420 aute}
2524 4355 2574 4408 V

276 4446 348 4498 30
386 4444 767 4514 praedistinati
815 4446 863 4498 V
1003 4447 1080 4499 eis
1118 4463 1219 4500 om.
1269 4447 1318 4499 Τ
