3076 4976
721 473 1199 540 Quaestionum
1238 473 1349 527 lib.
1390 473 1501 527 1111
1542 473 1833 544 (Quaest.
1873 473 1946 528 de
1985 474 2338 533 Numa-risi.
2531 480 2658 542 365

365 689 880 752 quaecumque
948 670 1277 734 exierint
1342 690 1420 735 ex
1487 671 1717 735 labiis
1787 672 1949 735 eius
2019 672 2427 736 secundum
2486 677 2661 738 nota

366 778 534 841 eius
585 780 660 841 et
709 777 1118 841 secundum
1171 777 1671 842 definitiones
1713 798 1900 859 quae
1941 778 2305 863 aduersus
2347 779 2659 843 animam

366 885 527 948 eius
579 902 714 948 non
757 888 1002 948 manet
1042 884 1137 955 ei;
1186 884 1302 947 uir
1340 885 1503 949 eius
1546 885 2169 949 circumabstulit
2208 890 2279 949 et
2318 886 2658 950 dominus

365 990 754 1055 mundabit
835 1010 1009 1055 eam.
1094 1010 1301 1055 omne
1379 995 1638 1056 uotum
1707 994 1779 1054 et
1854 1011 2063 1055 omne
2139 992 2657 1056 iusiurandum

297 1129 324 1167 5
365 1098 656 1162 uinculi
726 1097 1101 1180 adfligere
1170 1097 1485 1161 animam
1552 1098 1670 1161 uir
1724 1098 1885 1162 eius
1945 1101 2236 1163 statuet
2293 1100 2359 1163 ei
2418 1104 2489 1164 et
2545 1100 2661 1164 uir

363 1204 529 1268 eius
581 1204 1191 1269 circumauferet.
1262 1204 1323 1267 si
1373 1208 1620 1269 autem
1670 1208 1929 1269 tacens
1977 1206 2303 1269 tacuerit
2351 1207 2416 1270 ei
2466 1207 2655 1271 diem

362 1330 440 1374 ex
501 1309 649 1386 die,
710 1314 782 1374 et
841 1311 1135 1374 statuet
1193 1309 1256 1372 ei
1316 1309 1561 1374 omnia
1608 1312 1786 1373 uota
1835 1310 1997 1374 eius
2047 1314 2119 1374 et
2167 1310 2656 1376 definitiones

361 1437 546 1499 quae
605 1436 832 1500 super
888 1416 1124 1499 ipsam
1186 1420 1480 1480 statuet
1537 1417 1633 1491 ei,
1702 1417 2050 1499 quoniam
2117 1419 2361 1482 tacuit
2419 1418 2483 1481 ei
2542 1418 2657 1483 die

360 1544 501 1606 quo
560 1523 886 1588 audiuit.
969 1524 1032 1587 si
1080 1526 1326 1588 autem
1377 1523 2021 1588 circumauferens
2072 1524 2659 1589 circumauferat

268 1664 321 1702 10
364 1632 572 1706 (uir)
633 1630 798 1694 eius
857 1634 1028 1712 post
1086 1630 1277 1694 diem
1339 1651 1549 1713 quem
1610 1631 1938 1707 audiuit,
1998 1636 2071 1696 et
2127 1632 2452 1714 accipiet
2499 1652 2656 1714 pec-

359 1742 606 1803 catum
657 1757 892 1802 suum.

445 1845 1013 1910 Manifestumest
1058 1845 1146 1909 ita
1195 1844 1479 1909 uoluisse
1533 1845 1745 1929 legem
1794 1844 2091 1908 feminam
2143 1864 2281 1909 esse
2331 1845 2447 1909 sub
2498 1846 2655 1924 uiro,

357 1958 431 2018 ut
477 1953 651 2016 nulla
698 1956 850 2016 uota
900 1953 1058 2029 eius,
1110 1971 1269 2033 quae
1319 1951 1738 2015 abstinentiae
1780 1971 1969 2017 causa
2008 1953 2279 2028 nouerit,
2318 1952 2660 2017 reddantur

356 2061 432 2123 ab
483 2079 574 2129 ea,
627 2059 748 2122 nisi
799 2063 1021 2122 auctor
1067 2059 1167 2122 uir
1213 2058 1405 2122 fuerit
1450 2057 1897 2140 permittendo,
1975 2078 2120 2123 nam
2177 2078 2322 2123 cum
2378 2059 2455 2123 ad
2508 2080 2653 2141 pec-

266 2201 317 2239 15
356 2170 568 2230 catum
617 2165 905 2230 eiusdem
954 2164 1076 2228 uiri
1124 2165 1436 2247 pertinere
1485 2164 1784 2239 uoluerit,
1844 2165 1897 2228 si
1952 2166 2128 2247 prius
2185 2165 2543 2247 permiserit
2591 2169 2654 2229 et

353 2276 575 2356 postea
622 2272 1042 2354 prohibuerit,
1084 2272 1273 2335 etiam
1317 2272 1419 2336 hic
1460 2276 1669 2336 tamen
1709 2292 1832 2336 non
1875 2272 2048 2347 dixit,
2084 2276 2158 2336 ut
2194 2272 2388 2337 faciat
2423 2273 2652 2336 mulier

355 2380 524 2462 quod
573 2382 860 2456 uouerat,
913 2379 1060 2460 quia
1116 2378 1430 2460 permissa
1487 2379 1664 2462 prius
1722 2399 1758 2442 a
1814 2380 1949 2443 uiro
2006 2381 2231 2443 fuerat.
2317 2379 2438 2442 uiri
2496 2379 2651 2443 dixit

350 2506 488 2551 esse
534 2490 888 2569 peccatum,
930 2485 1076 2568 quia
1117 2485 1339 2550 abnuit
1379 2485 1548 2568 quod
1586 2486 1758 2568 prius
1800 2491 2227 2560 concesseram
2278 2507 2398 2551 non
2439 2490 2647 2550 tamen

347 2592 596 2657 mulieri
653 2594 758 2656 uel
817 2613 887 2656 ex
944 2593 1062 2656 hoc
1122 2593 1501 2675 permissum
1566 2592 1759 2670 dedit,
1821 2598 1911 2668 ut,
1982 2613 2126 2658 cum
2193 2593 2369 2676 prius
2430 2593 2486 2657 ei
2551 2593 2651 2657 uir

256 2732 309 2774 20
349 2700 754 2768 concesserit,
805 2702 1027 2782 postea
1075 2700 1129 2763 si
1177 2700 1577 2781 prohibuerit
1624 2703 2082 2765 contemnatur.

437 2806 660 2871 Vtrum
731 2811 943 2871 autem
1009 2806 1132 2870 ista
1200 2806 1390 2870 etiam
1458 2807 1537 2870 ad
1603 2813 1754 2872 uota
1812 2807 2233 2871 continentiae
2293 2810 2357 2870 et
2413 2827 2447 2870 a
2505 2825 2648 2870 con-

349 2913 567 2977 cubitu
626 2912 1044 2978 abstinentiae
1104 2913 1478 2995 pertineant,
1537 2915 1764 2978 merito
1824 2914 2167 2995 quaeritur,
2225 2933 2299 2977 ne
2355 2914 2518 2977 forte
2576 2932 2647 2978 ea

348 3023 595 3083 tantum
643 3019 1070 3102 intellegenda
1120 3024 1272 3084 sunt
1318 3021 1622 3085 aduersus
1672 3021 1947 3084 animam
1997 3021 2239 3099 uoueri,
2291 3040 2450 3102 quae
2500 3023 2650 3084 sunt

347 3127 408 3189 in
457 3125 614 3191 cibis
665 3128 728 3190 et
775 3126 1163 3206 potionibus.
1242 3127 1412 3209 quod
1470 3126 1727 3190 uidetur
1782 3130 1846 3191 et
1899 3126 2062 3190 illud
2110 3127 2484 3212 significare,
2536 3128 2645 3193 ubi

255 3269 306 3309 25
353 3232 646 3297 dominus
697 3232 814 3296 ait:
874 3252 1114 3297 nonne
1164 3233 1407 3296 anima
1459 3234 1630 3314 plus
1680 3236 1796 3297 est
1844 3252 2056 3315 quam
2106 3238 2319 3299 esca?
2388 3240 2448 3298 et
2497 3254 2642 3298 cum

346 3338 420 3403 de
478 3339 718 3404 ieiunio
779 3339 1187 3422 praecipitur,
1255 3340 1345 3404 ita
1411 3339 1827 3422 praecipitur:
1896 3339 2292 3423 adfligetis
2361 3340 2641 3404 animas

344 3449 662 3510 uestras.
747 3447 961 3511 nescio
1031 3450 1245 3510 autem
1314 3451 1526 3510 utrum
1596 3445 1831 3510 alicubi
1888 3445 2017 3528 legi
2072 3446 2278 3528 possit
2335 3446 2642 3512 aduersus

519 3656 588 3707 25
625 3653 822 3707 Matth.
863 3655 912 3719 6,
952 3655 1019 3707 25
1130 3654 1200 3707 26
1238 3652 1398 3706 Num.
1439 3653 1526 3717 29,
1570 3655 1598 3707 7

416 3779 437 3830 1
483 3777 596 3830 eius
626 3783 755 3844 post
791 3776 953 3831 labiis
991 3793 1094 3830 om.
1139 3777 1185 3830 C
1271 3778 1302 3829 2
1344 3794 1479 3846 quae
1519 3793 1639 3845 exp.
1688 3776 1739 3830 V
1834 3779 1866 3830 3
1907 3780 2126 3830 manent
2176 3775 2321 3831 V²bc1
2411 3779 2444 3830 4
2483 3793 2636 3829 mun-

342 3866 494 3919 dauit
539 3865 695 3919 CM)
802 3869 833 3919 5
873 3870 1083 3919 statuat
1127 3865 1172 3919 C
1278 3868 1309 3920 6
1351 3882 1444 3919 eus
1489 3865 1536 3920 G
1678 3866 1875 3919 circum
1916 3883 2036 3919 eum
2076 3866 2286 3919 auferet
2332 3865 2378 3917 Ο
2411 3866 2636 3918 circum-

343 3956 576 4008 auferret
614 3955 770 4008 P¹V¹
881 3957 953 4024 ei]
996 3959 1051 4008 et
1089 3954 1143 4007 P
1178 3971 1315 4008 eras.
1364 3955 1414 4008 T
1485 3957 1513 4007 7
1547 3971 1636 4024 pr.
1669 3959 1724 4019 et
1759 3955 1808 4008 T
1878 3957 1911 4008 9
1954 3973 2059 4024 qua
2094 3954 2380 4009 PVUNT
2456 3955 2519 4007 10
2556 3955 2640 4006 uir

341 4043 540 4097 addidi
575 4060 642 4098 ex
681 4047 816 4102 364.
857 4047 962 4098 29:
999 4061 1099 4099 om.
1147 4043 1351 4098 CPSN
1358 4043 1465 4098 VU
1469 4044 1518 4096 T
1660 4046 1775 4110 eius
1826 4045 1932 4097 VT
1966 4051 2048 4109 (us
2087 4045 2248 4108 erac.)
2284 4042 2339 4097 U
2478 4058 2636 4111 quam

339 4130 694 4187 PSNV¹UT
727 4149 833 4203 qua
882 4133 952 4185 1⁷2
1097 4135 1152 4198 et
1198 4133 1250 4186 T
1357 4135 1420 4186 18
1462 4134 1555 4201 qui
1591 4132 1790 4187 P¹NV
1899 4134 1962 4186 19
2003 4132 2194 4186 mulier
2228 4130 2298 4185 N
2398 4131 2469 4185 20
2509 4147 2634 4185 con-

339 4225 645 4291 tempmtur
689 4222 740 4275 Τ
773 4222 1160 4276 condemnetur
1207 4221 1258 4275 V
1469 4224 1531 4276 21
1578 4240 1608 4275 a
1646 4238 1747 4277 om.
1786 4221 2015 4275 PNI'T
2226 4219 2545 4274 concubitus
2594 4219 2643 4270 Γ

336 4311 404 4363 22
461 4311 732 4381 pertineat
768 4311 983 4365 P11'U1
1145 4311 1213 4365 23
1271 4312 1382 4364 sint
1409 4327 1500 4379 pr.
1538 4309 1943 4365 PSNVUde
2120 4310 2191 4362 24
2246 4308 2540 4376 significari
2576 4307 2643 4361 N

336 4398 405 4450 26
444 4398 704 4466 adfligitis
742 4399 805 4454 N
