3076 4976
468 491 596 553 540
1174 486 1226 539 S.
1284 485 1560 539 Aureli
1615 482 2054 554 Augustini

463 687 534 745 ut
582 685 797 764 pereat
845 701 990 763 spes
1040 681 1184 756 ista,
1235 700 1358 763 qua
1406 682 1688 745 carnales
1739 679 2038 764 gaudent.
2114 680 2433 744 mutasti
2489 679 2760 744 faciem

464 788 645 864 eiu8‚
698 788 1068 852 dimisisti
1118 808 1309 851 eum:
1361 807 1504 852 cum
1555 788 1764 871 imago
1815 786 1915 851 dei
1963 787 2025 850 in
2073 805 2146 850 eo
2189 786 2602 850 exterminata
2642 789 2759 850 est.

467 899 540 958 et
598 913 757 958 cum
825 895 1047 958 multi
1104 895 1390 958 fuerint
1443 894 1599 958 filii
1658 894 1851 969 eiu8‚
1920 893 2195 957 nescit:
2265 892 2414 974 quia
2472 892 2759 968 moritur,

464 1001 758 1084 quamuis
805 1004 1195 1083 propagetur
1242 1001 1516 1065 soboleS.
1597 1000 1721 1065 sed
1783 1019 2042 1064 carnes
2101 1000 2262 1064 eius
2322 1019 2550 1082 super
2596 1018 2761 1063 eum

462 1107 893 1171 doluerunt:
952 1106 1015 1170 id
1066 1110 1183 1178 est,
1234 1107 1428 1170 talem
1478 1106 1908 1171 condicionem
1959 1126 2139 1171 suam
2189 1108 2377 1171 homo
2426 1106 2763 1170 carnaliter
2824 1132 2855 1170 5

460 1213 631 1277 dolet
678 1216 742 1276 et-
790 1212 1148 1276 animaliter
1184 1213 1393 1296 luget3
1438 1212 1743 1296 spiritalis
1793 1213 1959 1276 enim
2009 1213 2206 1282 nouit,
2257 1212 2407 1294 quia
2454 1212 2603 1276 etsi
2651 1231 2759 1276 ex·

459 1320 694 1384 terior
749 1320 962 1384 homo
1012 1319 1544 1402 corrumpitur,
1605 1319 1734 1383 sed
1800 1319 2130 1384 interior
2192 1323 2606 1384 renouatur
2672 1318 2760 1382 de

459 1427 577 1490 die
625 1427 695 1490 in
738 1425 954 1505 diem,
1004 1427 1153 1509 quia
1198 1427 1318 1491 hoc
1368 1427 1501 1489 fieri
1551 1427 1746 1490 sentit
1790 1427 1853 1490 in
1905 1430 2108 1491 semet
2151 1427 2312 1509 ipso.

549 1533 687 1597 XV.
762 1532 1025 1614 Eliphaz
1105 1533 1498 1597 Themanitis
1575 1533 1788 1597 uerba.
1876 1537 1952 1598 et
2024 1533 2385 1616 inpleuit
2475 1532 2757 1596 dolore

457 1643 851 1704 uentrem:
921 1639 1184 1722 spiritus
1251 1638 1416 1703 enim
1485 1639 1785 1703 scientiae
1851 1659 1961 1722 per
2008 1639 2504 1704 consolationem
2574 1641 2758 1700 sanat
2799 1666 2854 1705 ιο

458 1747 673 1829 potius
724 1765 759 1810 a
806 1745 1159 1822 doloribus;
1217 1749 1287 1810 tu
1339 1748 1552 1810 autem
1603 1745 1710 1828 qui
1758 1746 1959 1829 inples
2009 1749 2296 1810 uentrem
2344 1744 2580 1820 dolore,
2630 1762 2757 1807 non

459 1852 685 1935 spiritu
774 1851 1073 1916 scientiae
1157 1852 1524 1934 respondes.
1613 1872 1867 1916 nonne
1941 1856 2118 1926 <et>
2197 1858 2282 1916 tu
2358 1850 2756 1934 repulisti

459 1959 873 2022 timorem?
922 1959 1110 2022 deum
1159 1977 1279 2022 non
1329 1959 1624 2035 timuisti,
1674 1959 1828 2022 talia
1874 1958 1935 2022 in
1987 1979 2133 2023 eum
2191 1959 2426 2024 dicens,
2477 1960 2556 2021 et
2602 1957 2755 2020 ele-

461 2065 663 2149 gisti
709 2065 1071 2149 linguam
1118 2067 1537 2130 malorum:
1592 2086 1715 2148 qua
1762 2066 2050 2130 homines
2099 2066 2504 2130 maledicunt.
2558 2064 2754 2146 quid

462 2171 715 2237 enim?
761 2171 1145 2253 numquid
1193 2172 1500 2254 primus
1551 2172 1778 2237 homo
1829 2175 2068 2237 natus
2120 2172 2244 2239 es?
2302 2172 2450 2254 quia
2497 2175 2751 2234 tantum
2793 2200 2848 2238 ιε»

459 2278 770 2359 superbis,
832 2282 968 2341 aut
1024 2281 1205 2341 ante
1263 2279 1520 2342 colles
1573 2282 2005 2343 concretus
2064 2285 2188 2343 es?
2247 2280 2436 2343 etiam
2496 2280 2748 2341 montes

363 2463 367 2472 .
453 2384 703 2448 nomine
782 2385 1042 2448 collium
1117 2384 1541 2466 accipiendo&
1617 2386 1680 2449 id
1756 2390 1856 2450 est
1928 2363 2072 2450 ante
2150 2405 2366 2450 omnes
2444 2383 2747 2460 uirtutes,

455 2491 717 2573 spiritus
765 2495 1075 2575 potentes.
1138 2493 1276 2557 sed
1324 2496 1401 2557 et
1450 2511 1686 2556 senex
1735 2497 1813 2556 et
1860 2493 2336 2576 decrepitus
2381 2493 2458 2556 in
2508 2491 2745 2555 nobis

454 2602 607 2662 est:
658 2598 767 2680 qui
815 2599 977 2662 sciat
1024 2598 1213 2662 etiam
1263 2618 1421 2681 quae
1470 2619 1585 2664 nos
1634 2600 1976 2675 nescimuS‚
2026 2605 2125 2665 est
2169 2601 2331 2664 inter
2376 2619 2512 2663 noS.
2556 2597 2746 2681 quid

455 2723 736 2768 ausum
793 2704 955 2767 fuit
1017 2705 1460 2771 cortuum?
1509 2710 1586 2770 et
1634 2706 1825 2788 quid
1883 2707 2466 2772 sustinuerunt
2523 2706 2745 2770 oculi
2782 2736 2840 2774 zo

457 2810 623 2873 tui?
691 2814 1125 2891 sperauerunt.
1194 2811 1384 2892 quid
1451 2814 1657 2876 enim
1725 2817 1851 2878 est
1913 2815 2162 2891 homo,
2231 2818 2318 2878 ut
2390 2813 2504 2877 sit
2569 2814 2745 2877 sine

454 2914 835 2980 crimine?
905 2916 1071 2998 quod
1134 2921 1199 2981 et
1253 2921 1322 2981 tu
1390 2918 1625 2985 dixisti.
1695 2920 1760 2984 si
1827 2921 1902 2983 in
1972 2921 2283 2985 sanctis
2351 2919 2528 2983 eius
2594 2938 2744 2983 non

453 3025 578 3085 est
650 3022 907 3086 fides?
982 3028 1237 3106 propter
1309 3023 1547 3090 incerta
1618 3032 1998 3108 temporum,
2071 3026 2302 3110 quibus
2369 3028 2744 3110 plerumque

451 3128 780 3204 falluntur,
840 3134 914 3194 ut
959 3132 1163 3195 multa
1218 3130 1430 3196 dicant
1477 3138 1540 3197 et
1596 3155 1717 3198 non
1775 3135 2032 3201 faciant.
2093 3138 2170 3197 et
2227 3135 2538 3199 caelum
2596 3151 2743 3197 non

452 3239 575 3298 est
638 3236 1009 3300 mundum
1080 3242 1259 3302 ante
1319 3244 1531 3303 eum?
1578 3261 1689 3323 pro
1750 3241 1847 3305 his
1906 3243 2014 3323 qui
2070 3241 2358 3305 habitant
2410 3241 2473 3303 in
2534 3240 2741 3313 caelo:
2786 3268 2841 3306 ιε

451 3348 562 3405 aut
609 3346 773 3406 certe
824 3343 1067 3406 caelum
1115 3363 1227 3425 pro
1274 3345 1432 3426 ipsis
1474 3347 1711 3411 sanctis
1750 3349 2026 3429 ponitur,
2067 3348 2216 3429 quia
2251 3347 2313 3410 in
2354 3346 2453 3410 his
2494 3346 2748 3410 habitat

451 3448 628 3513 deus,
697 3469 894 3531 quae
964 3451 1382 3531 sapientes
1451 3452 1832 3516 dixerunt
1898 3457 1974 3517 et
2039 3473 2184 3517 non
2253 3454 2750 3518 celauerunt

449 3560 831 3638 parentes
882 3575 1100 3620 suos:
1153 3557 1301 3639 quia
1349 3559 1536 3621 etiam
1588 3557 1842 3624 Iudaeis
1884 3559 2155 3643 apostoli
2194 3560 2745 3643 praedicauemnt.

629 3747 654 3799 1
695 3746 792 3799 Iob
836 3747 918 3807 14,
960 3746 1028 3798 20
1137 3746 1170 3800 3
1208 3746 1303 3798 Iob
1347 3747 1430 3802 14.
1469 3749 1531 3800 21
1648 3749 1683 3800 4
1718 3749 1814 3802 Iob
1861 3752 1941 3814 14,
1980 3750 2050 3801 22
2151 3750 2180 3801 7
2221 3750 2287 3803 cs.
2325 3749 2381 3803 11
2420 3749 2542 3805 Cor.
2581 3753 2633 3814 4,
2676 3751 2746 3804 16

446 3836 478 3888 9
517 3833 613 3888 Iob
657 3835 738 3898 15,
779 3836 811 3888 2
889 3834 953 3887 12
989 3834 1086 3887 Iob
1130 3835 1211 3894 15.
1251 3836 1285 3887 4
1371 3837 1432 3888 14
1471 3835 1567 3889 Iob
1611 3838 1691 3897 15,
1733 3840 1762 3890 7
1849 3840 1915 3892 16
1953 3838 2050 3892 Iob
2093 3840 2175 3901 15,
2218 3840 2247 3891 7
2326 3839 2391 3893 18
2428 3838 2526 3892 Iob
2562 3841 2646 3903 15,
2677 3841 2746 3894 10

450 3924 512 3976 19
550 3923 648 3976 Iob
691 3925 774 3984 15,
817 3923 880 3976 12
1064 3923 1126 3976 21
1170 3922 1267 3976 Iob
1309 3925 1392 3986 15,
1437 3925 1502 3977 14
1685 3927 1752 3980 22
1789 3927 1887 3981 Iob
1930 3929 2012 3992 15,
2058 3930 2117 3980 15
2299 3928 2368 3981 24
2405 3927 2504 3981 Iob
2550 3929 2634 3990 15,
2676 3930 2744 3983 15

445 4012 513 4065 27
554 4011 648 4063 lob
693 4012 774 4076 15,
819 4012 882 4065 18

517 4136 549 4189 3
586 4135 805 4188 fuerunt
848 4136 969 4189 de
1039 4137 1072 4190 8
1111 4155 1167 4190 se
1203 4137 1435 4191 TPde
1532 4139 1564 4191 9
1603 4138 1782 4192 Verba
1821 4140 2043 4209 Eliphaz
2081 4140 2416 4194 Themanitis
2456 4141 2496 4193 d
2641 4142 2742 4195 eli-

444 4224 579 4292 phat
620 4224 727 4277 GP
763 4226 983 4295 elephaz
1023 4225 1055 4278 b
1198 4227 1494 4279 themantis
1541 4227 1588 4280 C
1726 4229 1956 4298 inplebit
1993 4228 2180 4282 SHier
2343 4230 2407 4282 12
2447 4235 2504 4282 et
2542 4230 2749 4283 addidi

448 4314 512 4367 13
551 4313 606 4365 in
649 4330 767 4366 eum
804 4314 941 4366 talia
980 4314 1098 4367 de
1244 4315 1308 4369 18
1340 4317 1502 4383 prius
1541 4317 1617 4384 et]
1669 4317 1738 4370 ad
1777 4317 1823 4372 S
1961 4319 2026 4371 21
2067 4319 2209 4370 enim
2247 4334 2349 4373 om.
2398 4319 2475 4372 Cb
2659 4324 2745 4371 est

445 4402 583 4454 enim
633 4402 733 4454 ΤΡ
839 4404 942 4470 est]
986 4407 1069 4456 est
1108 4419 1224 4456 cum
1269 4402 1346 4456 Cb
1421 4404 1490 4457 22
1529 4406 1606 4473 et]
1648 4410 1708 4458 tu
1747 4406 1794 4458 T
1829 4423 1928 4460 om.
1957 4406 2097 4460 PCb
2172 4406 2241 4461 28
2280 4406 2658 4477 praedicarunt
2691 4406 2748 4460 T
