3076 4976
464 509 592 572 572
1176 506 1226 558 S.
1283 505 1560 558 Aureli
1615 504 2048 574 Augustini

463 700 847 782 princeps:
908 701 1020 762 aut
1077 697 1482 779 suscipiendo
1542 697 1996 761 mortalitatem
2055 700 2164 761 aut
2211 716 2354 761 cum
2404 698 2756 782 publicanis

466 813 530 870 et
578 805 1020 889 peccatoribus
1070 804 1490 881 conuiuandO,
1541 804 1651 868 sed
1698 804 1804 872 ita.
1855 807 1928 868 ut
1974 803 2269 887 princeps
2309 804 2401 868 eis
2441 824 2647 869 essem
2686 807 2759 869 ad

466 914 759 977 salutem.
821 918 894 976 et
951 911 1386 976 habitabam
1446 911 1651 975 sicut
1706 931 1826 974 rex
1887 910 2185 975 cinctus
2232 911 2604 976 fortibus:
2654 913 2757 994 qui

466 1020 600 1083 suis
662 1019 945 1083 dimissis
1006 1038 1152 1082 eum
1210 1018 1415 1082 secuti
1474 1021 1643 1083 sunt.
1705 1019 1920 1099 quasi
1978 1018 2253 1082 tristes
2321 1019 2758 1083 consolans:

463 1144 570 1190 eos
639 1126 796 1190 dicit
862 1125 970 1207 qui
1038 1144 1148 1205 spe
1218 1124 1598 1208 gaudebant,
1666 1142 1812 1188 cum
1878 1125 1954 1188 de
2019 1124 2338 1207 praesenti
2395 1124 2530 1188 uita
2588 1131 2762 1189 erant
2815 1150 2839 1187 ε.

460 1233 713 1308 tristes:
762 1231 965 1296 beati
1014 1231 1403 1315 lugentes,
1451 1233 1527 1294 ut
1574 1231 1817 1295 dictum
1867 1234 1983 1308 est,
2037 1235 2134 1295 et:
2185 1229 2404 1313 quasi
2453 1233 2758 1304 tristes,

462 1358 757 1421 semper
822 1341 1071 1402 autem
1132 1338 1583 1421 gaudentes:
1643 1337 1752 1419 qui
1811 1357 1931 1402 non
1991 1341 2261 1420 possunt
2317 1341 2528 1402 tenere
2584 1338 2760 1402 illam

460 1444 987 1528 magnitudinem,
1048 1444 1123 1507 de
1183 1463 1307 1525 qua
1363 1444 1607 1508 dictum
1667 1447 1798 1508 est:
1857 1444 1982 1526 qui
2041 1448 2294 1508 autem
2352 1444 2627 1509 fecerit
2692 1449 2764 1507 et

467 1555 580 1617 sic
640 1551 1021 1628 docuerit,
1081 1571 1393 1634 magnus
1452 1551 1859 1615 uocabitur
1922 1550 1993 1614 in
2061 1569 2292 1633 regno
2361 1550 2759 1616 caelorum.

553 1659 750 1722 XXX.
800 1657 1024 1722 Nunc
1082 1661 1345 1720 autem
1405 1656 1783 1720 derident
1835 1674 1951 1719 me
2008 1654 2299 1732 infimi,
2358 1675 2558 1720 nunc
2620 1675 2759 1720 mo·
2799 1680 2845 1716 ιο

464 1770 652 1830 nent
706 1783 820 1828 me
876 1764 1229 1828 minores
1285 1766 1686 1845 tempore:
1749 1763 1897 1844 quia
1944 1767 2008 1826 et
2052 1766 2277 1844 postea
2323 1762 2452 1826 nati
2501 1764 2758 1827 suntin

461 1871 730 1936 ecclesia
764 1872 926 1936 tales
967 1874 1032 1935 et
1067 1889 1188 1933 non
1229 1869 1570 1951 proficiunt
1607 1868 1972 1952 plurimum.
2022 1873 2349 1932 monent
2393 1888 2508 1931 me
2547 1873 2761 1932 autem

460 1979 633 2054 dixit,
703 1978 852 2060 quia
918 1997 1028 2061 per
1091 1978 1359 2040 bonores
1435 1975 1907 2040 ecclesiasticos
1983 1975 2305 2057 accipiunt
2376 1979 2758 2057 potestatem

457 2084 859 2167 praedicandi
914 2085 1173 2167 populo,
1235 2102 1392 2165 quae
1449 2081 1575 2165 ipsi
1632 2102 1753 2145 non
1828 2081 2089 2147 faciunt.
2158 2102 2487 2165 quorum
2555 2101 2761 2163 sper-

458 2192 735 2256 nebam
784 2194 1209 2274 parentes:
1258 2195 1551 2271 parentes
1601 2208 1815 2253 eorum
1867 2190 2040 2266 dixit,
2091 2209 2357 2270 quorum
2404 2189 2760 2253 imitatione
2798 2215 2842 2253 ιε

457 2297 574 2362 filii
624 2303 791 2374 sunt,
845 2298 1077 2380 quihus
1126 2301 1279 2361 tunc
1330 2297 1694 2361 dicebatur:
1763 2316 1906 2360 uae
1974 2297 2230 2372 uobiS,
2300 2296 2622 2360 scribae
2689 2301 2762 2360 et

459 2404 883 2487 pharisaei
961 2403 1467 2486 hypocritae.
1550 2405 1629 2465 et
1702 2401 1973 2466 uirtus
2047 2420 2415 2465 manuum
2492 2420 2759 2466 eorum

461 2511 695 2593 quasi
762 2510 1105 2574 nihilum
1175 2509 1372 2573 mihi
1439 2510 1648 2573 erat:
1715 2513 2047 2590 parentum
2094 2511 2405 2588 potestas,
2454 2508 2561 2589 qui
2611 2512 2758 2571 tunc

458 2636 661 2699 usque
711 2617 863 2680 adeo
915 2616 1262 2698 plurimum
1308 2619 1622 2698 poterant,
1673 2618 1746 2678 ut
1792 2614 2234 2699 crucifigerent
2281 2614 2627 2680 dominum.
2686 2616 2755 2678 in

459 2726 581 2789 eis
649 2723 975 2809 peribat
1040 2723 1295 2786 omnis
1362 2722 1576 2786 uita:
1644 2722 1793 2804 quia
1849 2741 1970 2785 non
2029 2741 2095 2785 se
2154 2722 2257 2785 uel
2322 2720 2385 2784 in
2452 2721 2574 2785 fine
2633 2741 2836 2788 cor-20

455 2834 767 2896 rexerunt.
820 2832 1197 2913 egestate
1238 2833 1316 2893 et
1352 2831 1557 2893 fame
1598 2829 2082 2893 instabiles:
2124 2848 2159 2891 a
2198 2828 2390 2892 uariis
2431 2828 2756 2892 desideriis

457 2936 875 3002 insatiabiles.
917 2935 1049 3016 qui
1088 2934 1522 3019 fugiebant
1560 2937 1634 2999 in
1679 2936 2095 2999 desertum
2134 2935 2756 3000 heri:conse1·endo

457 3063 525 3107 se
574 3043 651 3106 ad
702 3042 1169 3107 excusationem
1219 3042 1404 3126 legis,
1456 3062 1647 3124 quam
1695 3062 1818 3107 non
1860 3043 2239 3124 simpliciter
2274 3041 2757 3126 intellegebant:

458 3153 522 3213 et
589 3149 736 3230 quia
801 3149 861 3211 in
933 3148 1179 3213 deserto
1250 3153 1622 3232 acceperant
1695 3149 2121 3233 fugientes
2195 3149 2269 3212 in
2347 3148 2756 3213 desertum

456 3255 647 3319 heri.
708 3256 876 3319 sicut
936 3256 1103 3319 enim
1161 3256 1347 3320 hodie
1405 3256 1682 3338 pertinet
1742 3256 1819 3320 ad
1877 3275 2115 3320 nouum
2161 3258 2620 3319 testamentum
2668 3256 2755 3318 sic
2787 3282 2831 3322 εδ

456 3361 533 3425 ad
583 3365 768 3426 uetus
819 3361 989 3435 heli:
1041 3361 1118 3425 de
1167 3382 1331 3427 nouo
1384 3363 1550 3426 enim
1600 3361 1842 3426 dictum
1893 3368 2028 3426 est:
2078 3362 2317 3426 hodie
2367 3361 2433 3425 si
2479 3381 2754 3426 uocem

634 3578 667 3631 3
703 3576 800 3630 Iob
841 3577 927 3638 29,
968 3577 1037 3629 25
1183 3579 1216 3630 4
1254 3576 1350 3630 Iob
1392 3577 1476 3641 29,
1515 3579 1584 3631 25
1731 3579 1763 3630 6
1801 3577 1997 3634 Matth.
2038 3581 2086 3642 5,
2128 3580 2159 3631 5
2345 3579 2397 3631 11
2439 3576 2559 3632 Cor.
2601 3581 2649 3640 6,
2695 3580 2755 3632 10

455 3666 487 3719 8
525 3666 720 3720 Matth.
762 3669 811 3728 5,
857 3667 920 3719 19
1089 3667 1155 3720 10
1194 3667 1289 3719 Iob
1330 3666 1414 3727 30,
1460 3668 1482 3719 1
1658 3666 1724 3719 14
1761 3666 1856 3718 Ioh
1898 3668 1983 3729 30.
2028 3668 2050 3720 1
2225 3669 2288 3721 16
2327 3668 2524 3721 Matth.
2564 3668 2650 3729 ⁶23,
2694 3668 2755 3721 13

457 3753 522 3808 17
563 3753 659 3807 Iob
699 3756 785 3817 30,
825 3755 857 3807 2
938 3756 1001 3807 10
1039 3755 1136 3808 Iob
1178 3755 1261 3817 30,
1303 3756 1335 3807 2
1421 3756 1485 3808 21
1528 3754 1626 3806 Iob
1668 3755 1751 3817 30,
1794 3755 1825 3807 3
1908 3757 1977 3808 22
2016 3754 2111 3808 Iob
2151 3758 2237 3817 30,
2266 3756 2298 3809 3
2383 3758 2451 3810 26
2488 3754 2579 3812 Ps.
2611 3757 2696 3818 94,
2724 3756 2753 3807 :3

530 3878 551 3930 1
597 3876 926 3946 suscipiendi
973 3877 1019 3931 C
1123 3878 1156 3930 2
1197 3877 1276 3930 eis
1315 3893 1415 3932 om.
1458 3877 1489 3930 b
1599 3880 1634 3930 4
1674 3878 1957 3932 consolans
1995 3879 2182 3932 tristes
2223 3879 2297 3932 bd
2414 3881 2445 3933 6
2482 3880 2753 3958 lugentes]

459 3967 549 4034 qui
587 3965 779 4034 lugent
818 3966 872 4018 P
999 3966 1028 4017 7
1068 3983 1175 4019 non
1214 3982 1315 4020 om.
1357 3966 1411 4018 P
1537 3967 1568 4019 9
1607 3983 1832 4035 regnum
1873 3967 1910 4019 d
2040 3968 2104 4021 10
2142 3968 2338 4021 infirmi
2376 3967 2422 4021 S
2532 3969 2598 4020 12
2635 3984 2751 4037 pro-

453 4053 637 4107 ficient
681 4056 725 4107 C
867 4060 1090 4108 mouent
1133 4056 1179 4107 C
1212 4060 1397 4107 monet
1425 4056 1455 4107 b
1554 4055 1617 4109 13
1657 4072 1752 4123 per
1788 4071 1896 4108 om.
1922 4057 1952 4108 b
2051 4058 2112 4110 15
2154 4056 2252 4110 alt.
2291 4062 2541 4126 parentes
2579 4074 2680 4111 om.
2716 4055 2758 4109 C

459 4143 522 4196 16
555 4143 761 4196 seiibae
792 4160 898 4198 om.
934 4143 979 4197 C
1053 4145 1113 4197 17
1149 4150 1203 4196 et
1233 4145 1547 4213 hypocritae
1584 4144 1630 4197 G
1652 4146 1894 4213 ypocrite
1923 4146 1978 4198 P
2051 4146 2117 4199 18
2155 4145 2294 4199 nihil
2331 4144 2378 4199 S
2483 4152 2676 4215 parent
2716 4144 2757 4197 G

454 4235 754 4300 potestates
800 4232 932 4286 TCb
1114 4234 1181 4285 20
1224 4249 1284 4285 eo
1327 4234 1365 4285 d
1563 4233 1826 4301 pergebat
1865 4232 1910 4286 S
2088 4235 2151 4287 21
2192 4234 2247 4286 in
2288 4238 2534 4303 egestate
2573 4234 2755 4289 SHt‘er

455 4336 486 4373 a
524 4321 708 4389 uariis]
763 4322 912 4374 auari
959 4320 1006 4374 0
1237 4321 1489 4374 desiderii
1536 4322 1568 4375 b
1769 4324 1836 4375 22
1885 4322 2289 4376 insatiabilibus
2328 4323 2366 4375 d
2555 4324 2622 4376 24
2662 4322 2748 4374 de-

455 4415 596 4461 serto
646 4409 827 4462 TPCb
