<?xml version="1.0" encoding="UTF-8"?>
<!DOCTYPE html PUBLIC "-//W3C//DTD XHTML 1.0 Transitional//EN"
    "http://www.w3.org/TR/xhtml1/DTD/xhtml1-transitional.dtd">
<html xmlns="http://www.w3.org/1999/xhtml" xml:lang="en" lang="en">
 <head>
  <title>
</title>
<meta http-equiv="Content-Type" content="text/html;charset=utf-8" />
  <meta name='ocr-system' content='tesseract 3.04.00' />
  <meta name='ocr-capabilities' content='ocr_page ocr_carea ocr_par ocr_line ocrx_word'/>
</head>
<body>
  <div class='ocr_page' id='page_1' title='image "./corpusscriptoru31wissgoog_0026.png"; bbox 0 0 3076 4976; ppageno 0'>
   <div class='ocr_carea' id='block_1_1' title="bbox 583 423 1948 488">
    <p class='ocr_par' dir='ltr' id='par_1_1' title="bbox 583 423 1948 488">
     <span class='ocr_line' id='line_1_1' title="bbox 583 423 1948 488; baseline -0.009 0"><span class='ocrx_word' id='word_1_1' title='bbox 583 423 791 488; x_wconf 86' lang='lat' dir='ltr'>XXVI</span> <span class='ocrx_word' id='word_1_2' title='bbox 1509 423 1948 476; x_wconf 85' lang='lat' dir='ltr'>Praefatio.</span> 
     </span>
    </p>
   </div>
   <div class='ocr_carea' id='block_1_2' title="bbox 558 617 2886 4110">
    <p class='ocr_par' dir='ltr' id='par_1_2' title="bbox 573 617 2886 1980">
     <span class='ocr_line' id='line_1_2' title="bbox 584 617 2885 695; baseline 0.001 -14"><span class='ocrx_word' id='word_1_3' title='bbox 584 619 853 695; x_wconf 86' lang='lat' dir='ltr'>constet,</span> <span class='ocrx_word' id='word_1_4' title='bbox 902 636 1024 680; x_wconf 91' lang='lat' dir='ltr'>non</span> <span class='ocrx_word' id='word_1_5' title='bbox 1075 617 1341 681; x_wconf 87' lang='lat' dir='ltr'>consilio</span> <span class='ocrx_word' id='word_1_6' title='bbox 1402 637 1542 681; x_wconf 89' lang='lat' dir='ltr'>meo</span> <span class='ocrx_word' id='word_1_7' title='bbox 1601 618 1934 683; x_wconf 88' lang='lat' dir='ltr'>conuenire</span> <span class='ocrx_word' id='word_1_8' title='bbox 1985 620 2097 683; x_wconf 89' lang='lat' dir='ltr'>sed</span> <span class='ocrx_word' id='word_1_9' title='bbox 2146 619 2430 683; x_wconf 84' lang='lat' dir='ltr'>officium</span> <span class='ocrx_word' id='word_1_10' title='bbox 2477 638 2690 683; x_wconf 91' lang='lat' dir='ltr'>meum</span> <span class='ocrx_word' id='word_1_11' title='bbox 2740 639 2885 694; x_wconf 70' lang='lat' dir='ltr'>esse</span> 
     </span>
     <span class='ocr_line' id='line_1_3' title="bbox 583 723 2885 806; baseline 0 -18"><span class='ocrx_word' id='word_1_12' title='bbox 583 723 1020 788; x_wconf 80' lang='lat' dir='ltr'>existimabam</span> <span class='ocrx_word' id='word_1_13' title='bbox 1085 727 1329 788; x_wconf 86' lang='lat' dir='ltr'>textum</span> <span class='ocrx_word' id='word_1_14' title='bbox 1396 724 1602 805; x_wconf 88' lang='lat' dir='ltr'>qualis</span> <span class='ocrx_word' id='word_1_15' title='bbox 1669 724 1732 787; x_wconf 89' lang='lat' dir='ltr'>in</span> <span class='ocrx_word' id='word_1_16' title='bbox 1799 724 2145 806; x_wconf 76' lang='lat' dir='ltr'>praestanti</span> <span class='ocrx_word' id='word_1_17' title='bbox 2202 725 2478 789; x_wconf 78' lang='lat' dir='ltr'>editione</span> <span class='ocrx_word' id='word_1_18' title='bbox 2531 726 2596 789; x_wconf 87' lang='lat' dir='ltr'>P.</span> <span class='ocrx_word' id='word_1_19' title='bbox 2646 725 2885 789; x_wconf 82' lang='lat' dir='ltr'>Knoell</span> 
     </span>
     <span class='ocr_line' id='line_1_4' title="bbox 580 830 2886 914; baseline 0.001 -21"><span class='ocrx_word' id='word_1_20' title='bbox 580 833 825 912; x_wconf 87' lang='lat' dir='ltr'>prostat</span> <span class='ocrx_word' id='word_1_21' title='bbox 872 849 1016 893; x_wconf 91' lang='lat' dir='ltr'>cum</span> <span class='ocrx_word' id='word_1_22' title='bbox 1064 830 1223 894; x_wconf 89' lang='lat' dir='ltr'>meis</span> <span class='ocrx_word' id='word_1_23' title='bbox 1274 831 1550 895; x_wconf 77' lang='lat' dir='ltr'>testibus</span> <span class='ocrx_word' id='word_1_24' title='bbox 1611 831 1912 906; x_wconf 84' lang='lat' dir='ltr'>conferre,</span> <span class='ocrx_word' id='word_1_25' title='bbox 1962 851 2108 896; x_wconf 90' lang='lat' dir='ltr'>cum</span> <span class='ocrx_word' id='word_1_26' title='bbox 2164 831 2535 914; x_wconf 85' lang='lat' dir='ltr'>praesertim</span> <span class='ocrx_word' id='word_1_27' title='bbox 2592 832 2886 896; x_wconf 87' lang='lat' dir='ltr'>locorum</span> 
     </span>
     <span class='ocr_line' id='line_1_5' title="bbox 582 937 2884 1021; baseline 0.001 -20"><span class='ocrx_word' id='word_1_28' title='bbox 582 937 1143 1019; x_wconf 89' lang='lat' dir='ltr'>comparandorum</span> <span class='ocrx_word' id='word_1_29' title='bbox 1209 956 1509 1001; x_wconf 86' lang='lat' dir='ltr'>numerus</span> <span class='ocrx_word' id='word_1_30' title='bbox 1575 941 1704 1002; x_wconf 90' lang='lat' dir='ltr'>tam</span> <span class='ocrx_word' id='word_1_31' title='bbox 1772 957 2041 1021; x_wconf 87' lang='lat' dir='ltr'>magnus</span> <span class='ocrx_word' id='word_1_32' title='bbox 2122 938 2224 1003; x_wconf 87' lang='lat' dir='ltr'>sit.</span> <span class='ocrx_word' id='word_1_33' title='bbox 2302 938 2363 1001; x_wconf 92' lang='lat' dir='ltr'>in</span> <span class='ocrx_word' id='word_1_34' title='bbox 2440 938 2556 1001; x_wconf 88' lang='lat' dir='ltr'>hac</span> <span class='ocrx_word' id='word_1_35' title='bbox 2624 957 2884 1020; x_wconf 90' lang='lat' dir='ltr'>quoque</span> 
     </span>
     <span class='ocr_line' id='line_1_6' title="bbox 579 1043 2883 1125; baseline 0.001 -19"><span class='ocrx_word' id='word_1_36' title='bbox 579 1045 757 1125; x_wconf 81' lang='lat' dir='ltr'>parte</span> <span class='ocrx_word' id='word_1_37' title='bbox 796 1062 870 1106; x_wconf 90' lang='lat' dir='ltr'>ea</span> <span class='ocrx_word' id='word_1_38' title='bbox 909 1062 1097 1124; x_wconf 88' lang='lat' dir='ltr'>quam</span> <span class='ocrx_word' id='word_1_39' title='bbox 1137 1044 1259 1107; x_wconf 91' lang='lat' dir='ltr'>alio</span> <span class='ocrx_word' id='word_1_40' title='bbox 1298 1044 1439 1107; x_wconf 91' lang='lat' dir='ltr'>loco</span> <span class='ocrx_word' id='word_1_41' title='bbox 1481 1043 1856 1107; x_wconf 86' lang='lat' dir='ltr'>adumbraui</span> <span class='ocrx_word' id='word_1_42' title='bbox 1894 1045 2057 1109; x_wconf 89' lang='lat' dir='ltr'>inter</span> <span class='ocrx_word' id='word_1_43' title='bbox 2094 1064 2269 1109; x_wconf 87' lang='lat' dir='ltr'>meos</span> <span class='ocrx_word' id='word_1_44' title='bbox 2310 1049 2374 1108; x_wconf 91' lang='lat' dir='ltr'>et</span> <span class='ocrx_word' id='word_1_45' title='bbox 2412 1044 2584 1109; x_wconf 92' lang='lat' dir='ltr'>illius</span> <span class='ocrx_word' id='word_1_46' title='bbox 2626 1044 2883 1109; x_wconf 86' lang='lat' dir='ltr'>codices</span> 
     </span>
     <span class='ocr_line' id='line_1_7' title="bbox 580 1149 2882 1234; baseline 0.002 -22"><span class='ocrx_word' id='word_1_47' title='bbox 580 1149 915 1215; x_wconf 88' lang='lat' dir='ltr'>concordia</span> <span class='ocrx_word' id='word_1_48' title='bbox 962 1149 1290 1231; x_wconf 89' lang='lat' dir='ltr'>reperitur.</span> <span class='ocrx_word' id='word_1_49' title='bbox 1341 1149 1507 1232; x_wconf 91' lang='lat' dir='ltr'>quod</span> <span class='ocrx_word' id='word_1_50' title='bbox 1549 1151 1637 1214; x_wconf 90' lang='lat' dir='ltr'>M.</span> <span class='ocrx_word' id='word_1_51' title='bbox 1675 1150 2061 1234; x_wconf 82' lang='lat' dir='ltr'>Petschenig</span> <span class='ocrx_word' id='word_1_52' title='bbox 2107 1150 2210 1215; x_wconf 89' lang='lat' dir='ltr'>cui</span> <span class='ocrx_word' id='word_1_53' title='bbox 2257 1151 2604 1233; x_wconf 88' lang='lat' dir='ltr'>plurimum</span> <span class='ocrx_word' id='word_1_54' title='bbox 2642 1151 2882 1230; x_wconf 82' lang='lat' dir='ltr'>tribue,</span> 
     </span>
     <span class='ocr_line' id='line_1_8' title="bbox 578 1256 2885 1342; baseline 0.001 -23"><span class='ocrx_word' id='word_1_55' title='bbox 578 1275 698 1320; x_wconf 90' lang='lat' dir='ltr'>non</span> <span class='ocrx_word' id='word_1_56' title='bbox 767 1257 937 1338; x_wconf 90' lang='lat' dir='ltr'>quod</span> <span class='ocrx_word' id='word_1_57' title='bbox 1003 1258 1204 1321; x_wconf 84' lang='lat' dir='ltr'>editor</span> <span class='ocrx_word' id='word_1_58' title='bbox 1249 1258 1594 1341; x_wconf 88' lang='lat' dir='ltr'>Augustini</span> <span class='ocrx_word' id='word_1_59' title='bbox 1662 1276 1920 1340; x_wconf 90' lang='lat' dir='ltr'>operum</span> <span class='ocrx_word' id='word_1_60' title='bbox 1980 1262 2100 1333; x_wconf 81' lang='lat' dir='ltr'>est,</span> <span class='ocrx_word' id='word_1_61' title='bbox 2145 1258 2207 1320; x_wconf 89' lang='lat' dir='ltr'>id</span> <span class='ocrx_word' id='word_1_62' title='bbox 2268 1256 2435 1339; x_wconf 88' lang='lat' dir='ltr'>quod</span> <span class='ocrx_word' id='word_1_63' title='bbox 2501 1256 2576 1322; x_wconf 81' lang='lat' dir='ltr'>Gr.</span> <span class='ocrx_word' id='word_1_64' title='bbox 2626 1259 2885 1342; x_wconf 76' lang='lat' dir='ltr'>Krsiger</span> 
     </span>
     <span class='ocr_line' id='line_1_9' title="bbox 576 1362 2881 1448; baseline 0.001 -23"><span class='ocrx_word' id='word_1_65' title='bbox 576 1362 638 1425; x_wconf 93' lang='lat' dir='ltr'>in</span> <span class='ocrx_word' id='word_1_66' title='bbox 699 1363 1198 1448; x_wconf 80' lang='lat' dir='ltr'>„Theologische</span> <span class='ocrx_word' id='word_1_67' title='bbox 1245 1363 1823 1446; x_wconf 88' lang='lat' dir='ltr'>Literaturzeitung</span> <span class='ocrx_word' id='word_1_68' title='bbox 1876 1366 2043 1428; x_wconf 86' lang='lat'>1895</span> <span class='ocrx_word' id='word_1_69' title='bbox 2082 1364 2192 1428; x_wconf 89' lang='lat' dir='ltr'>Nr.</span> <span class='ocrx_word' id='word_1_70' title='bbox 2239 1366 2356 1427; x_wconf 77' lang='lat'>14⁴⁴</span> <span class='ocrx_word' id='word_1_71' title='bbox 2413 1364 2637 1428; x_wconf 80' lang='lat' dir='ltr'>scribit</span> <span class='ocrx_word' id='word_1_72' title='bbox 2674 1402 2761 1410; x_wconf 91' lang='lat'>—</span> <span class='ocrx_word' id='word_1_73' title='bbox 2805 1384 2881 1428; x_wconf 90' lang='lat' dir='ltr'>ea</span> 
     </span>
     <span class='ocr_line' id='line_1_10' title="bbox 577 1469 2877 1553; baseline 0.001 -20"><span class='ocrx_word' id='word_1_74' title='bbox 577 1471 744 1533; x_wconf 90' lang='lat' dir='ltr'>enim</span> <span class='ocrx_word' id='word_1_75' title='bbox 812 1469 967 1533; x_wconf 87' lang='lat' dir='ltr'>fides</span> <span class='ocrx_word' id='word_1_76' title='bbox 1035 1490 1070 1534; x_wconf 86' lang='lat' dir='ltr'>a</span> <span class='ocrx_word' id='word_1_77' title='bbox 1134 1471 1317 1536; x_wconf 87' lang='lat' dir='ltr'>nobis</span> <span class='ocrx_word' id='word_1_78' title='bbox 1383 1490 1645 1552; x_wconf 87' lang='lat' dir='ltr'>prorsus</span> <span class='ocrx_word' id='word_1_79' title='bbox 1714 1471 1916 1535; x_wconf 87' lang='lat' dir='ltr'>aliena</span> <span class='ocrx_word' id='word_1_80' title='bbox 1981 1475 2080 1536; x_wconf 89' lang='lat' dir='ltr'>est</span> <span class='ocrx_word' id='word_1_81' title='bbox 2124 1510 2210 1516; x_wconf 93' lang='lat'>—</span> <span class='ocrx_word' id='word_1_82' title='bbox 2259 1472 2371 1535; x_wconf 90' lang='lat' dir='ltr'>sed</span> <span class='ocrx_word' id='word_1_83' title='bbox 2436 1471 2586 1553; x_wconf 88' lang='lat' dir='ltr'>quia</span> <span class='ocrx_word' id='word_1_84' title='bbox 2648 1470 2877 1535; x_wconf 88' lang='lat' dir='ltr'>harum</span> 
     </span>
     <span class='ocr_line' id='line_1_11' title="bbox 576 1575 2877 1659; baseline 0 -21"><span class='ocrx_word' id='word_1_85' title='bbox 576 1594 781 1638; x_wconf 90' lang='lat' dir='ltr'>rerum</span> <span class='ocrx_word' id='word_1_86' title='bbox 821 1575 1249 1658; x_wconf 83' lang='lat' dir='ltr'>peritissimus</span> <span class='ocrx_word' id='word_1_87' title='bbox 1292 1580 1407 1653; x_wconf 85' lang='lat' dir='ltr'>est,</span> <span class='ocrx_word' id='word_1_88' title='bbox 1447 1581 1688 1658; x_wconf 85' lang='lat' dir='ltr'>partem</span> <span class='ocrx_word' id='word_1_89' title='bbox 1721 1579 1757 1640; x_wconf 88' lang='grc'>2</span> <span class='ocrx_word' id='word_1_90' title='bbox 1791 1579 1918 1642; x_wconf 89' lang='lat' dir='ltr'>uol.</span> <span class='ocrx_word' id='word_1_91' title='bbox 1960 1577 2233 1641; x_wconf 88' lang='lat' dir='ltr'><strong>XXVIII</strong></span> <span class='ocrx_word' id='word_1_92' title='bbox 2271 1596 2602 1641; x_wconf 82' lang='lat' dir='ltr'>recensens</span> <span class='ocrx_word' id='word_1_93' title='bbox 2641 1578 2877 1659; x_wconf 76' lang='lat' dir='ltr'>poscit,</span> 
     </span>
     <span class='ocr_line' id='line_1_12' title="bbox 576 1682 2877 1766; baseline 0.001 -21"><span class='ocrx_word' id='word_1_94' title='bbox 576 1684 650 1745; x_wconf 89' lang='lat' dir='ltr'>ut</span> <span class='ocrx_word' id='word_1_95' title='bbox 687 1682 879 1746; x_wconf 91' lang='lat' dir='ltr'>etiam</span> <span class='ocrx_word' id='word_1_96' title='bbox 910 1683 1214 1765; x_wconf 84' lang='lat' dir='ltr'>Eugippii</span> <span class='ocrx_word' id='word_1_97' title='bbox 1252 1684 1602 1748; x_wconf 84' lang='lat' dir='ltr'>uariantem</span> <span class='ocrx_word' id='word_1_98' title='bbox 1641 1684 1979 1749; x_wconf 88' lang='lat' dir='ltr'>lectionem</span> <span class='ocrx_word' id='word_1_99' title='bbox 2009 1685 2070 1746; x_wconf 90' lang='lat' dir='ltr'>in</span> <span class='ocrx_word' id='word_1_100' title='bbox 2105 1687 2471 1765; x_wconf 87' lang='lat' dir='ltr'>apparatum</span> <span class='ocrx_word' id='word_1_101' title='bbox 2504 1684 2877 1766; x_wconf 84' lang='lat' dir='ltr'>reciperem.</span> 
     </span>
     <span class='ocr_line' id='line_1_13' title="bbox 576 1788 2878 1873; baseline 0.001 -22"><span class='ocrx_word' id='word_1_102' title='bbox 576 1788 633 1851; x_wconf 91' lang='lat' dir='ltr'>ei</span> <span class='ocrx_word' id='word_1_103' title='bbox 681 1789 1096 1870; x_wconf 84' lang='lat' dir='ltr'>postulationi</span> <span class='ocrx_word' id='word_1_104' title='bbox 1154 1790 1449 1872; x_wconf 89' lang='lat' dir='ltr'>quamuis</span> <span class='ocrx_word' id='word_1_105' title='bbox 1506 1789 1714 1855; x_wconf 87' lang='lat' dir='ltr'>iustae</span> <span class='ocrx_word' id='word_1_106' title='bbox 1773 1791 2099 1873; x_wconf 85' lang='lat' dir='ltr'>prouincia</span> <span class='ocrx_word' id='word_1_107' title='bbox 2146 1810 2288 1853; x_wconf 90' lang='lat' dir='ltr'>mea</span> <span class='ocrx_word' id='word_1_108' title='bbox 2333 1795 2461 1854; x_wconf 89' lang='lat' dir='ltr'>tam</span> <span class='ocrx_word' id='word_1_109' title='bbox 2515 1792 2704 1855; x_wconf 86' lang='lat' dir='ltr'>certis</span> <span class='ocrx_word' id='word_1_110' title='bbox 2753 1795 2878 1853; x_wconf 85' lang='lat' dir='ltr'>ter-</span> 
     </span>
     <span class='ocr_line' id='line_1_14' title="bbox 573 1894 2742 1980; baseline 0.002 -24"><span class='ocrx_word' id='word_1_111' title='bbox 573 1894 761 1958; x_wconf 89' lang='lat' dir='ltr'>minis</span> <span class='ocrx_word' id='word_1_112' title='bbox 811 1895 1293 1978; x_wconf 88' lang='lat' dir='ltr'>circumscripta</span> <span class='ocrx_word' id='word_1_113' title='bbox 1340 1897 1705 1960; x_wconf 83' lang='lat' dir='ltr'>satisfacere</span> <span class='ocrx_word' id='word_1_114' title='bbox 1755 1917 1790 1960; x_wconf 89' lang='lat' dir='ltr'>a</span> <span class='ocrx_word' id='word_1_115' title='bbox 1835 1917 1936 1960; x_wconf 90' lang='lat' dir='ltr'>me</span> <span class='ocrx_word' id='word_1_116' title='bbox 1986 1898 2322 1979; x_wconf 88' lang='lat' dir='ltr'>impetrare</span> <span class='ocrx_word' id='word_1_117' title='bbox 2370 1917 2490 1961; x_wconf 93' lang='lat' dir='ltr'>non</span> <span class='ocrx_word' id='word_1_118' title='bbox 2540 1899 2742 1980; x_wconf 90' lang='lat' dir='ltr'>potui.</span> 
     </span>
    </p>

    <p class='ocr_par' dir='ltr' id='par_1_3' title="bbox 565 2000 2875 2936">
     <span class='ocr_line' id='line_1_15' title="bbox 661 2000 2875 2086; baseline 0.001 -23"><span class='ocrx_word' id='word_1_119' title='bbox 661 2000 994 2065; x_wconf 89' lang='lat' dir='ltr'>Postremo</span> <span class='ocrx_word' id='word_1_120' title='bbox 1045 2002 1163 2067; x_wconf 90' lang='lat' dir='ltr'>hoc</span> <span class='ocrx_word' id='word_1_121' title='bbox 1213 2001 1438 2066; x_wconf 85' lang='lat' dir='ltr'>addam</span> <span class='ocrx_word' id='word_1_122' title='bbox 1477 2002 1538 2064; x_wconf 91' lang='lat' dir='ltr'>in</span> <span class='ocrx_word' id='word_1_123' title='bbox 1580 2002 1793 2066; x_wconf 90' lang='lat' dir='ltr'>uerbis</span> <span class='ocrx_word' id='word_1_124' title='bbox 1840 2003 2176 2066; x_wconf 87' lang='lat' dir='ltr'>reddendis</span> <span class='ocrx_word' id='word_1_125' title='bbox 2215 2022 2315 2067; x_wconf 92' lang='lat' dir='ltr'>me</span> <span class='ocrx_word' id='word_1_126' title='bbox 2356 2003 2875 2086; x_wconf 84' lang='lat' dir='ltr'>orthographiam</span> 
     </span>
     <span class='ocr_line' id='line_1_16' title="bbox 572 2107 2874 2193; baseline 0.002 -23"><span class='ocrx_word' id='word_1_127' title='bbox 572 2107 860 2172; x_wconf 90' lang='lat' dir='ltr'>codicum</span> <span class='ocrx_word' id='word_1_128' title='bbox 919 2128 1300 2191; x_wconf 89' lang='lat' dir='ltr'>quamquam</span> <span class='ocrx_word' id='word_1_129' title='bbox 1359 2110 1748 2173; x_wconf 84' lang='lat' dir='ltr'>constantiae</span> <span class='ocrx_word' id='word_1_130' title='bbox 1798 2110 2128 2173; x_wconf 88' lang='lat' dir='ltr'>cuiusdam</span> <span class='ocrx_word' id='word_1_131' title='bbox 2173 2110 2350 2193; x_wconf 90' lang='lat' dir='ltr'>leges</span> <span class='ocrx_word' id='word_1_132' title='bbox 2399 2110 2874 2191; x_wconf 84' lang='lat' dir='ltr'>aspernantium</span> 
     </span>
     <span class='ocr_line' id='line_1_17' title="bbox 572 2215 2874 2299; baseline 0.002 -23"><span class='ocrx_word' id='word_1_133' title='bbox 572 2217 865 2277; x_wconf 87' lang='lat' dir='ltr'>secutum</span> <span class='ocrx_word' id='word_1_134' title='bbox 932 2233 1093 2278; x_wconf 88' lang='lat' dir='ltr'>esse.</span> <span class='ocrx_word' id='word_1_135' title='bbox 1160 2215 1218 2280; x_wconf 91' lang='lat' dir='ltr'>U</span> <span class='ocrx_word' id='word_1_136' title='bbox 1289 2234 1631 2279; x_wconf 90' lang='lat' dir='ltr'>consonam</span> <span class='ocrx_word' id='word_1_137' title='bbox 1699 2216 1758 2279; x_wconf 92' lang='lat' dir='ltr'>in</span> <span class='ocrx_word' id='word_1_138' title='bbox 1825 2219 2003 2298; x_wconf 88' lang='lat' dir='ltr'>parte</span> <span class='ocrx_word' id='word_1_139' title='bbox 2069 2216 2258 2279; x_wconf 88' lang='lat' dir='ltr'>tertia</span> <span class='ocrx_word' id='word_1_140' title='bbox 2323 2236 2430 2299; x_wconf 87' lang='lat' dir='ltr'>per</span> <span class='ocrx_word' id='word_1_141' title='bbox 2478 2217 2533 2279; x_wconf 88' lang='lat' dir='ltr'>V</span> <span class='ocrx_word' id='word_1_142' title='bbox 2588 2217 2874 2281; x_wconf 84' lang='lat' dir='ltr'>litteram</span> 
     </span>
     <span class='ocr_line' id='line_1_18' title="bbox 569 2320 2873 2404; baseline 0.002 -22"><span class='ocrx_word' id='word_1_143' title='bbox 569 2320 824 2383; x_wconf 87' lang='lat' dir='ltr'>restitui</span> <span class='ocrx_word' id='word_1_144' title='bbox 889 2320 1070 2385; x_wconf 86' lang='lat' dir='ltr'>iussi.</span> <span class='ocrx_word' id='word_1_145' title='bbox 1140 2321 1392 2385; x_wconf 89' lang='lat' dir='ltr'>nomina</span> <span class='ocrx_word' id='word_1_146' title='bbox 1453 2322 1706 2403; x_wconf 89' lang='lat' dir='ltr'>propria</span> <span class='ocrx_word' id='word_1_147' title='bbox 1772 2341 1929 2403; x_wconf 87' lang='lat' dir='ltr'>quae</span> <span class='ocrx_word' id='word_1_148' title='bbox 1996 2322 2294 2387; x_wconf 86' lang='lat' dir='ltr'>dicuntur</span> <span class='ocrx_word' id='word_1_149' title='bbox 2341 2342 2565 2404; x_wconf 86' lang='lat' dir='ltr'>graeca</span> <span class='ocrx_word' id='word_1_150' title='bbox 2613 2323 2689 2385; x_wconf 87' lang='lat' dir='ltr'>ad</span> <span class='ocrx_word' id='word_1_151' title='bbox 2740 2323 2873 2386; x_wconf 84' lang='lat' dir='ltr'>usi-</span> 
     </span>
     <span class='ocr_line' id='line_1_19' title="bbox 570 2427 2872 2513; baseline 0.003 -25"><span class='ocrx_word' id='word_1_152' title='bbox 570 2428 776 2490; x_wconf 88' lang='lat' dir='ltr'>tatum</span> <span class='ocrx_word' id='word_1_153' title='bbox 851 2445 1091 2491; x_wconf 90' lang='lat' dir='ltr'>morem</span> <span class='ocrx_word' id='word_1_154' title='bbox 1163 2427 1399 2496; x_wconf 84' lang='lat' dir='ltr'>refinxi.</span> <span class='ocrx_word' id='word_1_155' title='bbox 1465 2427 1529 2490; x_wconf 89' lang='lat' dir='ltr'>in</span> <span class='ocrx_word' id='word_1_156' title='bbox 1607 2428 2025 2510; x_wconf 82' lang='lat' dir='ltr'>exprimendis</span> <span class='ocrx_word' id='word_1_157' title='bbox 2101 2429 2413 2494; x_wconf 87' lang='lat' dir='ltr'>hebraicis</span> <span class='ocrx_word' id='word_1_158' title='bbox 2489 2430 2872 2513; x_wconf 89' lang='lat' dir='ltr'>plerumque</span> 
     </span>
     <span class='ocr_line' id='line_1_20' title="bbox 568 2532 2870 2619; baseline 0.002 -23"><span class='ocrx_word' id='word_1_159' title='bbox 568 2532 857 2596; x_wconf 91' lang='lat' dir='ltr'>codicum</span> <span class='ocrx_word' id='word_1_160' title='bbox 907 2552 1275 2616; x_wconf 87' lang='lat' dir='ltr'>graecorum</span> <span class='ocrx_word' id='word_1_161' title='bbox 1326 2535 1838 2616; x_wconf 80' lang='lat' dir='ltr'>orthographiam</span> <span class='ocrx_word' id='word_1_162' title='bbox 1889 2538 2212 2619; x_wconf 78' lang='lat' dir='ltr'>amplexus</span> <span class='ocrx_word' id='word_1_163' title='bbox 2270 2557 2433 2601; x_wconf 86' lang='lat' dir='ltr'>sum.</span> <span class='ocrx_word' id='word_1_164' title='bbox 2496 2557 2696 2617; x_wconf 88' lang='lat' dir='ltr'>neque</span> <span class='ocrx_word' id='word_1_165' title='bbox 2745 2538 2870 2601; x_wconf 86' lang='lat' dir='ltr'>hoc</span> 
     </span>
     <span class='ocr_line' id='line_1_21' title="bbox 567 2639 2867 2725; baseline 0.002 -24"><span class='ocrx_word' id='word_1_166' title='bbox 567 2639 850 2722; x_wconf 88' lang='lat' dir='ltr'>legentes</span> <span class='ocrx_word' id='word_1_167' title='bbox 897 2640 1184 2723; x_wconf 90' lang='lat' dir='ltr'>ignorare</span> <span class='ocrx_word' id='word_1_168' title='bbox 1231 2640 1458 2704; x_wconf 89' lang='lat' dir='ltr'>uelim:</span> <span class='ocrx_word' id='word_1_169' title='bbox 1508 2640 1754 2722; x_wconf 86' lang='lat' dir='ltr'>aliquot</span> <span class='ocrx_word' id='word_1_170' title='bbox 1799 2642 1973 2707; x_wconf 90' lang='lat' dir='ltr'>locos</span> <span class='ocrx_word' id='word_1_171' title='bbox 2023 2643 2366 2725; x_wconf 85' lang='lat' dir='ltr'>scripturae</span> <span class='ocrx_word' id='word_1_172' title='bbox 2417 2662 2629 2707; x_wconf 87' lang='lat' dir='ltr'>sacrae</span> <span class='ocrx_word' id='word_1_173' title='bbox 2677 2663 2867 2723; x_wconf 82' lang='lat' dir='ltr'>quam</span> 
     </span>
     <span class='ocr_line' id='line_1_22' title="bbox 565 2745 2870 2832; baseline 0.001 -23"><span class='ocrx_word' id='word_1_174' title='bbox 565 2745 967 2828; x_wconf 86' lang='lat' dir='ltr'>Augustinus</span> <span class='ocrx_word' id='word_1_175' title='bbox 1010 2747 1410 2827; x_wconf 83' lang='lat' dir='ltr'>expositurus</span> <span class='ocrx_word' id='word_1_176' title='bbox 1451 2751 1551 2811; x_wconf 86' lang='lat' dir='ltr'>est</span> <span class='ocrx_word' id='word_1_177' title='bbox 1587 2749 1982 2813; x_wconf 87' lang='lat' dir='ltr'>antecedenti</span> <span class='ocrx_word' id='word_1_178' title='bbox 2021 2751 2250 2832; x_wconf 86' lang='lat' dir='ltr'>pagina</span> <span class='ocrx_word' id='word_1_179' title='bbox 2286 2754 2539 2814; x_wconf 88' lang='lat' dir='ltr'>notatos</span> <span class='ocrx_word' id='word_1_180' title='bbox 2573 2751 2870 2831; x_wconf 84' lang='lat' dir='ltr'>sequenti</span> 
     </span>
     <span class='ocr_line' id='line_1_23' title="bbox 567 2851 1177 2936; baseline 0.005 -22"><span class='ocrx_word' id='word_1_181' title='bbox 567 2851 921 2936; x_wconf 89' lang='lat' dir='ltr'>significare</span> <span class='ocrx_word' id='word_1_182' title='bbox 971 2853 1177 2917; x_wconf 88' lang='lat' dir='ltr'>omisi.</span> 
     </span>
    </p>

    <p class='ocr_par' dir='ltr' id='par_1_4' title="bbox 558 2958 2864 4001">
     <span class='ocr_line' id='line_1_24' title="bbox 653 2958 2864 3044; baseline 0.003 -22"><span class='ocrx_word' id='word_1_183' title='bbox 653 2958 896 3032; x_wconf 81' lang='lat' dir='ltr'>Restat,</span> <span class='ocrx_word' id='word_1_184' title='bbox 963 2964 1039 3022; x_wconf 87' lang='lat' dir='ltr'>ut</span> <span class='ocrx_word' id='word_1_185' title='bbox 1105 2961 1339 3043; x_wconf 85' lang='lat' dir='ltr'>gratias</span> <span class='ocrx_word' id='word_1_186' title='bbox 1408 2980 1592 3044; x_wconf 88' lang='lat' dir='ltr'>agam</span> <span class='ocrx_word' id='word_1_187' title='bbox 1660 2962 2036 3026; x_wconf 87' lang='lat' dir='ltr'>Ministeriis</span> <span class='ocrx_word' id='word_1_188' title='bbox 2112 2964 2408 3044; x_wconf 77' lang='lat' dir='ltr'>publiciS,</span> <span class='ocrx_word' id='word_1_189' title='bbox 2484 2965 2864 3028; x_wconf 86' lang='lat' dir='ltr'>Academiae</span> 
     </span>
     <span class='ocr_line' id='line_1_25' title="bbox 560 3064 2863 3153; baseline 0.003 -26"><span class='ocrx_word' id='word_1_190' title='bbox 560 3064 922 3128; x_wconf 86' lang='lat' dir='ltr'>litterarum</span> <span class='ocrx_word' id='word_1_191' title='bbox 971 3064 1334 3144; x_wconf 86' lang='lat' dir='ltr'>Caesareae,</span> <span class='ocrx_word' id='word_1_192' title='bbox 1382 3068 1911 3131; x_wconf 86' lang='lat' dir='ltr'>bibliothecarum</span> <span class='ocrx_word' id='word_1_193' title='bbox 1963 3073 2025 3132; x_wconf 87' lang='lat' dir='ltr'>et</span> <span class='ocrx_word' id='word_1_194' title='bbox 2071 3070 2407 3150; x_wconf 86' lang='lat' dir='ltr'>praefectis</span> <span class='ocrx_word' id='word_1_195' title='bbox 2459 3076 2523 3134; x_wconf 91' lang='lat' dir='ltr'>et</span> <span class='ocrx_word' id='word_1_196' title='bbox 2569 3072 2863 3153; x_wconf 86' lang='lat' dir='ltr'>collegiis</span> 
     </span>
     <span class='ocr_line' id='line_1_26' title="bbox 565 3171 2859 3259; baseline 0.003 -26"><span class='ocrx_word' id='word_1_197' title='bbox 565 3171 830 3254; x_wconf 88' lang='lat' dir='ltr'>aliisque</span> <span class='ocrx_word' id='word_1_198' title='bbox 879 3173 1035 3236; x_wconf 89' lang='lat' dir='ltr'>uiris</span> <span class='ocrx_word' id='word_1_199' title='bbox 1085 3174 1192 3254; x_wconf 89' lang='lat' dir='ltr'>qui</span> <span class='ocrx_word' id='word_1_200' title='bbox 1241 3175 1705 3255; x_wconf 85' lang='lat' dir='ltr'>supellectilem</span> <span class='ocrx_word' id='word_1_201' title='bbox 1747 3175 2032 3238; x_wconf 87' lang='lat' dir='ltr'>criticam</span> <span class='ocrx_word' id='word_1_202' title='bbox 2074 3177 2451 3259; x_wconf 84' lang='lat' dir='ltr'>congerendi</span> <span class='ocrx_word' id='word_1_203' title='bbox 2490 3177 2859 3242; x_wconf 85' lang='lat' dir='ltr'>facultatem</span> 
     </span>
     <span class='ocr_line' id='line_1_27' title="bbox 563 3278 2862 3365; baseline 0.002 -25"><span class='ocrx_word' id='word_1_204' title='bbox 563 3278 720 3340; x_wconf 92' lang='lat' dir='ltr'>mihi</span> <span class='ocrx_word' id='word_1_205' title='bbox 764 3281 1067 3343; x_wconf 74' lang='lat' dir='ltr'>fecerunt.</span> <span class='ocrx_word' id='word_1_206' title='bbox 1119 3280 1353 3343; x_wconf 91' lang='lat' dir='ltr'>nemini</span> <span class='ocrx_word' id='word_1_207' title='bbox 1402 3283 1614 3343; x_wconf 91' lang='lat' dir='ltr'>autem</span> <span class='ocrx_word' id='word_1_208' title='bbox 1671 3282 1817 3363; x_wconf 91' lang='lat' dir='ltr'>plus</span> <span class='ocrx_word' id='word_1_209' title='bbox 1875 3301 1972 3344; x_wconf 91' lang='lat' dir='ltr'>me</span> <span class='ocrx_word' id='word_1_210' title='bbox 2023 3282 2247 3346; x_wconf 84' lang='lat' dir='ltr'>debere</span> <span class='ocrx_word' id='word_1_211' title='bbox 2296 3302 2482 3363; x_wconf 88' lang='lat' dir='ltr'>quam</span> <span class='ocrx_word' id='word_1_212' title='bbox 2553 3283 2862 3365; x_wconf 83' lang='lat' dir='ltr'>singulari</span> 
     </span>
     <span class='ocr_line' id='line_1_28' title="bbox 565 3382 2860 3469; baseline 0.002 -22"><span class='ocrx_word' id='word_1_213' title='bbox 565 3382 869 3448; x_wconf 85' lang='lat' dir='ltr'>Guilelmi</span> <span class='ocrx_word' id='word_1_214' title='bbox 926 3385 1001 3449; x_wconf 92' lang='lat' dir='ltr'>de</span> <span class='ocrx_word' id='word_1_215' title='bbox 1058 3386 1280 3450; x_wconf 86' lang='lat' dir='ltr'>Hartel</span> <span class='ocrx_word' id='word_1_216' title='bbox 1337 3393 1402 3449; x_wconf 90' lang='lat' dir='ltr'>et</span> <span class='ocrx_word' id='word_1_217' title='bbox 1448 3387 1827 3451; x_wconf 86' lang='lat' dir='ltr'>humanitati</span> <span class='ocrx_word' id='word_1_218' title='bbox 1877 3392 1940 3450; x_wconf 89' lang='lat' dir='ltr'>et</span> <span class='ocrx_word' id='word_1_219' title='bbox 1996 3388 2315 3452; x_wconf 79' lang='lat' dir='ltr'>doctrinae</span> <span class='ocrx_word' id='word_1_220' title='bbox 2364 3389 2469 3469; x_wconf 89' lang='lat' dir='ltr'>qui</span> <span class='ocrx_word' id='word_1_221' title='bbox 2522 3394 2584 3452; x_wconf 89' lang='lat' dir='ltr'>et</span> <span class='ocrx_word' id='word_1_222' title='bbox 2629 3408 2742 3469; x_wconf 85' lang='lat' dir='ltr'>per</span> <span class='ocrx_word' id='word_1_223' title='bbox 2790 3410 2860 3454; x_wconf 87' lang='lat' dir='ltr'>se</span> 
     </span>
     <span class='ocr_line' id='line_1_29' title="bbox 563 3490 2856 3576; baseline 0.003 -24"><span class='ocrx_word' id='word_1_224' title='bbox 563 3490 695 3573; x_wconf 89' lang='lat' dir='ltr'>ipse</span> <span class='ocrx_word' id='word_1_225' title='bbox 747 3496 810 3555; x_wconf 89' lang='lat' dir='ltr'>et</span> <span class='ocrx_word' id='word_1_226' title='bbox 855 3492 1230 3556; x_wconf 89' lang='lat' dir='ltr'>Academiae</span> <span class='ocrx_word' id='word_1_227' title='bbox 1299 3499 1517 3557; x_wconf 84' lang='lat' dir='ltr'>auctor</span> <span class='ocrx_word' id='word_1_228' title='bbox 1581 3512 1691 3574; x_wconf 88' lang='lat' dir='ltr'>per</span> <span class='ocrx_word' id='word_1_229' title='bbox 1755 3498 1960 3557; x_wconf 86' lang='lat' dir='ltr'>totum</span> <span class='ocrx_word' id='word_1_230' title='bbox 2032 3494 2190 3557; x_wconf 90' lang='lat' dir='ltr'>illud</span> <span class='ocrx_word' id='word_1_231' title='bbox 2257 3498 2508 3576; x_wconf 85' lang='lat' dir='ltr'>tempus</span> <span class='ocrx_word' id='word_1_232' title='bbox 2560 3515 2682 3576; x_wconf 86' lang='lat' dir='ltr'>quo</span> <span class='ocrx_word' id='word_1_233' title='bbox 2734 3517 2856 3560; x_wconf 88' lang='lat' dir='ltr'>non</span> 
     </span>
     <span class='ocr_line' id='line_1_30' title="bbox 561 3598 2854 3666; baseline 0.002 -6"><span class='ocrx_word' id='word_1_234' title='bbox 561 3599 771 3661; x_wconf 88' lang='lat' dir='ltr'>solum</span> <span class='ocrx_word' id='word_1_235' title='bbox 845 3598 965 3662; x_wconf 93' lang='lat' dir='ltr'>hoc</span> <span class='ocrx_word' id='word_1_236' title='bbox 1030 3599 1329 3663; x_wconf 87' lang='lat' dir='ltr'>uolumen</span> <span class='ocrx_word' id='word_1_237' title='bbox 1398 3600 1803 3664; x_wconf 84' lang='lat' dir='ltr'>conficiebam</span> <span class='ocrx_word' id='word_1_238' title='bbox 1872 3601 1984 3664; x_wconf 90' lang='lat' dir='ltr'>sed</span> <span class='ocrx_word' id='word_1_239' title='bbox 2053 3621 2196 3664; x_wconf 90' lang='lat' dir='ltr'>cum</span> <span class='ocrx_word' id='word_1_240' title='bbox 2273 3602 2418 3665; x_wconf 86' lang='lat' dir='ltr'>huic</span> <span class='ocrx_word' id='word_1_241' title='bbox 2494 3602 2854 3666; x_wconf 87' lang='lat' dir='ltr'>studiorum</span> 
     </span>
     <span class='ocr_line' id='line_1_31' title="bbox 560 3706 2853 3789; baseline 0.003 -22"><span class='ocrx_word' id='word_1_242' title='bbox 560 3706 771 3788; x_wconf 85' lang='lat' dir='ltr'>generi</span> <span class='ocrx_word' id='word_1_243' title='bbox 840 3724 1094 3786; x_wconf 90' lang='lat' dir='ltr'>operam</span> <span class='ocrx_word' id='word_1_244' title='bbox 1163 3707 1468 3769; x_wconf 88' lang='lat' dir='ltr'>nauabam</span> <span class='ocrx_word' id='word_1_245' title='bbox 1537 3707 1799 3770; x_wconf 89' lang='lat' dir='ltr'>consilio</span> <span class='ocrx_word' id='word_1_246' title='bbox 1868 3711 2055 3789; x_wconf 86' lang='lat' dir='ltr'>atque</span> <span class='ocrx_word' id='word_1_247' title='bbox 2124 3709 2355 3772; x_wconf 80' lang='lat' dir='ltr'>auxilio</span> <span class='ocrx_word' id='word_1_248' title='bbox 2423 3708 2579 3771; x_wconf 90' lang='lat' dir='ltr'>mihi</span> <span class='ocrx_word' id='word_1_249' title='bbox 2628 3709 2853 3773; x_wconf 88' lang='lat' dir='ltr'>adesse</span> 
     </span>
     <span class='ocr_line' id='line_1_32' title="bbox 558 3811 2858 3896; baseline 0.003 -24"><span class='ocrx_word' id='word_1_250' title='bbox 558 3828 677 3873; x_wconf 88' lang='lat' dir='ltr'>non</span> <span class='ocrx_word' id='word_1_251' title='bbox 745 3811 1062 3875; x_wconf 87' lang='lat' dir='ltr'>destiterit</span> <span class='ocrx_word' id='word_1_252' title='bbox 1131 3813 1326 3876; x_wconf 88' lang='lat' dir='ltr'>libere</span> <span class='ocrx_word' id='word_1_253' title='bbox 1399 3813 1713 3896; x_wconf 89' lang='lat' dir='ltr'>profiteor.</span> <span class='ocrx_word' id='word_1_254' title='bbox 1784 3812 1850 3878; x_wconf 85' lang='lat' dir='ltr'>C.</span> <span class='ocrx_word' id='word_1_255' title='bbox 1921 3815 2120 3878; x_wconf 86' lang='lat' dir='ltr'>Ziwsa</span> <span class='ocrx_word' id='word_1_256' title='bbox 2187 3815 2344 3878; x_wconf 91' lang='lat' dir='ltr'>mihi</span> <span class='ocrx_word' id='word_1_257' title='bbox 2420 3814 2858 3879; x_wconf 83' lang='lat' dir='ltr'>amicissimus</span> 
     </span>
     <span class='ocr_line' id='line_1_33' title="bbox 558 3916 1841 4001; baseline 0.005 -23"><span class='ocrx_word' id='word_1_258' title='bbox 558 3916 852 4000; x_wconf 89' lang='lat' dir='ltr'>plagulas</span> <span class='ocrx_word' id='word_1_259' title='bbox 900 3917 1169 4001; x_wconf 88' lang='lat' dir='ltr'>legendo</span> <span class='ocrx_word' id='word_1_260' title='bbox 1220 3938 1319 3981; x_wconf 90' lang='lat' dir='ltr'>me</span> <span class='ocrx_word' id='word_1_261' title='bbox 1369 3919 1493 3982; x_wconf 89' lang='lat' dir='ltr'>sibi</span> <span class='ocrx_word' id='word_1_262' title='bbox 1544 3919 1841 3986; x_wconf 84' lang='lat' dir='ltr'>deuinxit.</span> 
     </span>
    </p>

    <p class='ocr_par' dir='ltr' id='par_1_5' title="bbox 650 4023 2474 4110">
     <span class='ocr_line' id='line_1_34' title="bbox 650 4023 2474 4110; baseline 0.005 -26"><span class='ocrx_word' id='word_1_263' title='bbox 650 4023 781 4085; x_wconf 90' lang='lat' dir='ltr'>Iam</span> <span class='ocrx_word' id='word_1_264' title='bbox 831 4027 1009 4087; x_wconf 84' lang='lat' dir='ltr'>exeat</span> <span class='ocrx_word' id='word_1_265' title='bbox 1055 4024 1349 4088; x_wconf 91' lang='lat' dir='ltr'>uolumen</span> <span class='ocrx_word' id='word_1_266' title='bbox 1396 4026 1596 4090; x_wconf 85' lang='lat' dir='ltr'>Italae</span> <span class='ocrx_word' id='word_1_267' title='bbox 1644 4027 2069 4110; x_wconf 85' lang='lat' dir='ltr'>cognitionem</span> <span class='ocrx_word' id='word_1_268' title='bbox 2121 4032 2474 4093; x_wconf 90' lang='lat' dir='ltr'>aucturum.</span> 
     </span>
    </p>
   </div>
   <div class='ocr_carea' id='block_1_3' title="bbox 648 4163 2639 4421">
    <p class='ocr_par' dir='ltr' id='par_1_6' title="bbox 648 4163 2639 4421">
     <span class='ocr_line' id='line_1_35' title="bbox 648 4163 2639 4234; baseline 0.004 -8"><span class='ocrx_word' id='word_1_269' title='bbox 648 4163 889 4227; x_wconf 86' lang='lat' dir='ltr'>Dabam</span> <span class='ocrx_word' id='word_1_270' title='bbox 939 4164 1349 4230; x_wconf 77' lang='lat' dir='ltr'>vindobonae</span> <span class='ocrx_word' id='word_1_271' title='bbox 1395 4186 1612 4231; x_wconf 89' lang='lat' dir='ltr'>mense</span> <span class='ocrx_word' id='word_1_272' title='bbox 1662 4168 1825 4232; x_wconf 89' lang='lat' dir='ltr'>Iulio</span> <span class='ocrx_word' id='word_1_273' title='bbox 1875 4189 1928 4232; x_wconf 88' lang='lat' dir='ltr'>a.</span> <span class='ocrx_word' id='word_1_274' title='bbox 1979 4168 2639 4234; x_wconf 80' lang='lat' dir='ltr'>MDCCCLXXXXV.</span> 
     </span>
     <span class='ocr_line' id='line_1_36' title="bbox 1887 4331 2527 4421; baseline 0.006 -22"><span class='ocrx_word' id='word_1_275' title='bbox 1887 4331 2209 4421; x_wconf 78' lang='lat' dir='ltr'>Iosephus</span> <span class='ocrx_word' id='word_1_276' title='bbox 2265 4332 2527 4420; x_wconf 78' lang='lat' dir='ltr'>Zycka.</span> 
     </span>
    </p>
   </div>
  </div>
 </body>
</html>
