3076 4976
469 490 598 552 414
1167 483 1220 537 S.
1276 483 1554 537 Aureli
1611 483 2050 552 Augustini

468 680 625 744 bene
650 680 1128 763 intelleguntur.
1169 679 1323 743 item
1366 677 1583 761 quaeri
1620 681 1853 760 potest,
1885 695 1997 741 cur
2025 677 2110 753 id,
2144 677 2311 761 quod
2340 678 2442 741 hic
2474 677 2758 760 positum

472 790 596 850 est:
646 805 882 867 neque
930 790 1136 849 trans
1184 804 1379 849 mare
1428 788 1573 861 est,
1624 788 1697 848 ut
1743 784 1946 849 dicas:
2006 784 2174 867 quis
2222 785 2759 849 transfretabit

465 892 683 957 nobis
759 898 966 956 trans
1044 911 1241 956 mare
1310 896 1381 956 et
1448 891 1776 973 accipiet
1849 891 2064 956 nobis
2131 891 2358 969 illud,
2425 892 2756 973 apostolus

465 1000 716 1063 dixerit:
769 1003 897 1064 aut
935 999 1101 1081 quis
1142 999 1553 1065 descendet-
1589 999 1660 1063 in
1699 998 2073 1082 abyssum,
2114 1001 2303 1080 atque
2341 997 2404 1062 id
2443 1017 2756 1080 exponens

466 1106 845 1171 adiunxerit:
903 1106 1042 1171 hoc
1099 1110 1217 1172 est
1274 1106 1657 1172 Christum
1716 1125 1751 1169 a
1806 1105 2128 1170 mortuis
2186 1105 2573 1179 reducere3
2631 1105 2753 1169 nisi
2821 1132 2851 1171 5

463 1214 610 1294 qnia
656 1234 826 1278 mare
874 1215 1224 1298 appellauit
1268 1217 1471 1280 totam
1517 1214 1581 1278 in
1629 1214 1749 1278 hoc
1798 1214 2052 1278 saeculo
2092 1213 2314 1288 uitam,
2357 1231 2516 1295 quae
2553 1216 2756 1277 morte

459 1320 787 1396 transitur,
844 1325 918 1384 ut
964 1320 1238 1402 quodam
1284 1320 1471 1385 modo
1519 1338 1691 1383 mare
1737 1319 1993 1382 finiatur
2039 1322 2102 1383 et
2147 1324 2319 1383 trans
2366 1337 2539 1383 mare
2585 1336 2754 1382 mors

460 1426 600 1510 ipsa
648 1427 1006 1509 appelletur
1052 1427 1234 1491 uelut
1279 1430 1453 1491 trans
1500 1427 1694 1491 istam
1741 1427 1963 1501 uitam,
2014 1445 2173 1508 quae
2212 1425 2402 1490 maris
2440 1425 2754 1489 uocabulo

459 1533 873 1615 significatur.
952 1533 1176 1597 deinde
1235 1534 1403 1615 quod
1459 1534 1563 1597 hic
1620 1532 1906 1597 additum
1965 1536 2094 1596 est:
2155 1537 2228 1596 et
2281 1532 2352 1595 in
2409 1531 2752 1595 manibus

459 1640 645 1715 tuis,
706 1661 827 1704 non
877 1642 967 1704 ait
1014 1642 1346 1723 apostolus
1396 1640 1549 1705 nisi:
1608 1640 1678 1704 in
1739 1659 1858 1704 ore
1915 1644 2044 1704 tuo
2095 1643 2166 1703 et
2211 1639 2281 1704 in
2333 1638 2550 1704 corde
2598 1642 2748 1702 tuo.
2788 1665 2846 1705 ιο

459 1750 522 1810 et
587 1748 706 1811 hoc
773 1767 977 1829 usque
1034 1747 1097 1811 in
1153 1747 1341 1812 finem
1399 1749 1737 1811 exsecutus
1796 1751 1894 1810 est
1959 1746 2203 1810 dicens:
2272 1745 2490 1809 corde
2557 1744 2747 1809 enini

460 1852 800 1917 creditur
873 1854 960 1918 ad
1039 1853 1451 1931 iustitiam,
1519 1872 1641 1917 ore
1718 1858 1964 1917 autem
2040 1854 2424 1918 confessio
2500 1852 2596 1915 fit
2659 1850 2747 1914 ad

457 1960 800 2024 salutem.
875 1961 1101 2025 merito
1161 1960 1330 2043 qnod
1388 1980 1458 2024 ex
1515 1961 1781 2024 hebraeo
1839 1960 2217 2024 translatum
2275 1964 2393 2035 est,
2441 1960 2746 2040 quantum

458 2084 493 2128 a
550 2067 732 2130 nobis
791 2068 1021 2150 inspici
1076 2067 1307 2150 potuit,
1342 2087 1488 2155 ¹non
1545 2067 1763 2131 habet:
1830 2067 1901 2130 in
1968 2066 2311 2130 manibus
2376 2065 2553 2132 tuiS.
2630 2083 2745 2127 nec

450 2174 687 2237 frustra
719 2178 928 2238 tamen
960 2175 1080 2238 hoc
1110 2193 1146 2237 a
1177 2174 1586 2258 septuaginta
1621 2174 2070 2256 interpretibus
2108 2172 2390 2237 additum
2425 2170 2744 2235 existimo:
2788 2198 2842 2237 ιε

455 2279 578 2342 nisi
620 2281 767 2361 quia
815 2280 1103 2364 intellegi
1149 2281 1492 2344 uoluerunt
1538 2280 1728 2344 etiam
1776 2281 1947 2363 ipsas
1994 2299 2240 2356 manuS,
2282 2278 2512 2360 quibus
2553 2277 2745 2360 signi-

454 2386 722 2450 ficantur
778 2406 986 2469 opera,
1046 2388 1107 2450 in
1167 2387 1352 2452 corde
1411 2388 1610 2469 accipi
1669 2386 1916 2463 debere,
1973 2386 2084 2450 ubi
2140 2391 2239 2450 est
2292 2386 2487 2449 fides
2555 2403 2742 2466 qnae

452 2514 580 2577 per
629 2495 1119 2559 dilectionem
1168 2499 1542 2577 operatur.
1593 2513 1737 2559 nam
1786 2496 1842 2560 si
1887 2495 2238 2560 forinsecus
2277 2514 2349 2558 ea
2386 2513 2546 2576 quae
2585 2494 2741 2557 dens

447 2601 630 2665 iubet
692 2602 985 2665 manibus
1052 2601 1210 2665 fiant
1276 2606 1339 2665 et
1400 2601 1463 2665 in
1521 2601 1706 2665 corde
1771 2622 1894 2667 non
1959 2602 2132 2680 fiant,
2197 2620 2381 2665 nemo
2448 2603 2546 2664 est
2605 2605 2738 2663 tam

452 2707 758 2784 insulsus,
826 2709 932 2789 qui
999 2710 1336 2791 praecepta
1400 2709 1742 2772 arbitretur
1801 2709 2049 2791 inpleri.
2132 2727 2316 2791 porro
2378 2708 2430 2772 si
2487 2707 2736 2784 carita3‚
2776 2731 2835 2773 ιο

452 2833 610 2896 quae
667 2814 996 2895 plenitudo
1055 2814 1218 2898 legis
1278 2819 1395 2890 est,
1453 2814 1700 2878 habitet
1753 2814 1815 2879 in
1873 2815 2079 2891 corde,
2142 2814 2391 2878 etiamsi
2447 2814 2737 2877 manibus

450 2921 727 3002 corporis
770 2921 1106 3002 quisquam
1153 2940 1273 2985 non
1321 2923 1529 3004 possit
1575 2922 1837 3003 operari,
1873 2941 1990 3003 pax
2036 2922 2131 2986 illi
2179 2926 2278 2985 est
2323 2921 2543 3003 utique
2590 2939 2736 2984 cum

447 3027 811 3091 hominibus
858 3027 1058 3091 bonae
1105 3028 1478 3093 uoluntatis

540 3133 669 3197 LV.
718 3134 1241 3199 Peccauerunt
1288 3154 1425 3199 non
1477 3134 1542 3198 ei
1589 3135 1744 3199 filii
1794 3135 2368 3218 uituperabileS.
2420 3133 2592 3215 quod
2636 3137 2736 3197 est

447 3240 508 3304 in
560 3259 813 3324 graeco:
870 3242 1046 3302 τέκνα
1094 3244 1371 3326 μωμητά,
1421 3241 1681 3323 quidam
1728 3241 2121 3323 interpretati
2170 3245 2335 3318 sunt,
2394 3241 2563 3305 sicut
2615 3239 2734 3304 hoc
2772 3266 2829 3305 25

451 3350 578 3411 est:
628 3346 783 3410 filii
831 3347 1415 3430 uituperabiles‚
1465 3348 1753 3429 quidam:
1802 3348 1959 3412 filii
2005 3347 2557 3423 commaculati,
2598 3347 2734 3428 qui·

622 3505 658 3557 4
695 3504 845 3557 Rom.
889 3506 970 3564 10,
1012 3504 1042 3556 7
1156 3504 1222 3557 10
1259 3504 1411 3557 Rom.
1454 3504 1536 3566 10,
1577 3505 1609 3556 8
1724 3505 1783 3556 11
1827 3505 1980 3558 Rom.
2018 3505 2099 3572 10,
2133 3506 2197 3559 10
2310 3507 2374 3559 13
2414 3504 2480 3561 cf.
2510 3504 2731 3559 Hieron.

446 3599 484 3646 t.
523 3592 755 3645 XXVIII
792 3611 841 3662 p.
881 3592 988 3645 454
1128 3594 1190 3646 1?
1233 3591 1350 3646 Gal.
1390 3595 1441 3655 5,
1483 3596 1514 3646 6
1653 3593 1721 3646 20
1761 3592 1825 3646 cf.
1866 3594 2017 3647 Rom.
2059 3595 2143 3660 13,
2188 3594 2253 3648 10
2390 3593 2458 3646 ’22
2498 3593 2563 3647 cf.
2602 3593 2730 3646 Luc.

445 3684 495 3744 2,
539 3683 604 3735 14
712 3682 781 3735 24
819 3682 980 3735 Dent.
1020 3683 1105 3745 32,
1145 3685 1178 3736 5

518 3790 544 3840 1
586 3788 980 3858 intellegantur
1016 3787 1182 3841 SNU
1393 3788 1467 3858 id]
1506 3788 1593 3842 hic
1630 3788 1901 3843 PSVUT
1932 3788 2032 3843 hoc
2073 3790 2147 3843 bd
2323 3791 2355 3842 3
2404 3789 2634 3859 accipies
2669 3788 2737 3841 N

442 3877 577 3931 illud
616 3877 772 3930 nobis
811 3876 858 3931 S
997 3879 1031 3930 4
1070 3877 1207 3930 dixit
1252 3876 1304 3930 U
1480 3877 1754 3930 discendit
1791 3878 1845 3931 P
1879 3877 2156 3931 deseendit
2192 3877 2257 3930 N
2261 3877 2314 3932 U
2491 3893 2629 3946 aque
2669 3877 2731 3929 Ν

442 3969 474 4019 5
514 3965 780 4019 adinxerit
819 3964 866 4019 S
990 3967 1018 4017 7
1057 3966 1288 4017 transito
1328 3965 1382 4018 P
1543 3964 1722 4034 quoda
1759 3965 1824 4017 N
1959 3981 2106 4018 mare
2143 3981 2246 4021 om.
2295 3964 2348 4018 U
2456 3965 2515 4018 11
2561 3982 2730 4036 usque

442 4056 600 4108 finem
641 4053 806 4108 SNU
913 4055 977 4107 12
1016 4059 1197 4107 autern
1235 4069 1335 4107 om.
1376 4053 1650 4108 PSNVU
1758 4057 1820 4107 17
1863 4060 1917 4107 et
1955 4055 2124 4124 accipi
2163 4054 2217 4107 P
2326 4055 2389 4108 21
2434 4061 2518 4108 est
2554 4055 2729 4124 pleni·

443 4144 573 4198 tudo
625 4142 676 4194 V
834 4142 992 4213 legis]
1034 4142 1120 4195 dei
1169 4142 1220 4194 V
1388 4151 1472 4196 est
1507 4144 1647 4213 legis
1687 4144 1760 4196 bd
1894 4145 1963 4196 22
2001 4144 2190 4212 utique
2228 4160 2327 4199 om.
2370 4143 2433 4196 δ”
2566 4145 2634 4198 24
2671 4144 2728 4197 in

442 4250 635 4302 graeco
675 4237 759 4286 est
797 4232 921 4286 Vbd
1027 4234 1095 4285 25
1133 4230 1632 4286 ΤΕΡΗΜΩΜΗΤΑ
1669 4233 1716 4286 Τ
1717 4232 1820 4286 SU
1854 4231 2378 4286 ΤΕΡΗΜΥΙΜΗΤΑ
2406 4233 2462 4286 P
2487 4250 2728 4302 τερημοι-

444 4339 575 4390 μετα
614 4331 677 4380 (3.
719 4321 752 4374 l.
790 4326 1029 4390 teremoy
1066 4323 1235 4390 meta)
1285 4322 1336 4374 V
1368 4327 1583 4391 tepnaa.
1624 4329 1751 4375 anta
1790 4322 1856 4374 N
2010 4321 2098 4374 hic
2147 4320 2294 4375 C²bd
2417 4322 2487 4375 26
2527 4321 2630 4387 est]
2670 4321 2728 4373 id

442 4412 526 4461 est
573 4409 717 4462 V¹bc1
