3076 4976
756 493 1232 559 Quaestionum
1271 493 1380 546 lib.
1419 492 1505 547 111
1547 493 1837 559 (Quaest.
1879 493 1953 547 de
1991 494 2338 557 Leuitico).
2564 499 2692 561 269

399 693 473 756 de
515 690 709 754 ariete
748 689 1246 770 intellegendum
1287 693 1406 763 est,
1439 710 1626 772 quem
1668 709 1739 754 ex
1780 689 1994 754 ordine
2024 690 2232 754 fuerat
2264 691 2696 773 quaesiturus,

396 798 518 862 nisi
566 798 727 861 illud
776 815 1149 879 responsum
1190 797 1537 860 sacerdotis
1579 797 1637 859 ei
1674 797 2070 879 placuisset?
2120 797 2196 861 de
2235 798 2441 862 uitulo
2482 804 2696 863 autem

397 904 549 987 quid
608 908 955 986 quaereret,
1019 922 1164 967 cum
1224 922 1296 966 ea
1351 904 1494 985 lege
1552 904 1686 967 fieri
1742 904 2042 985 potuerit,
2103 924 2292 985 quam
2351 904 2425 968 de
2482 904 2690 969 uitulo

393 1030 503 1093 pro
561 1015 824 1092 peccato
884 1010 1221 1074 uniuersae
1281 1029 1638 1093 synagogae
1696 1013 2099 1092 praeceperat
2156 1010 2333 1085 dena,
2392 1013 2561 1076 sicut
2616 1012 2691 1075 de

330 1138 354 1178 ⁵
396 1118 600 1181 uitulo
649 1135 760 1199 pro
811 1119 1069 1199 peccato
1132 1116 1501 1191 sacerdotis,
1561 1115 1625 1179 id
1684 1119 1801 1191 est,
1862 1117 1933 1179 ut
1988 1119 2164 1181 totus
2223 1116 2466 1181 arderet
2521 1121 2693 1180 extra

395 1226 648 1291 castra?
696 1225 849 1288 haec
901 1224 1064 1287 enim
1116 1224 1312 1286 uerba
1359 1227 1508 1286 sunt
1545 1223 1876 1287 irascentis
1915 1224 2124 1305 Moysi
2164 1223 2240 1287 ad
2279 1224 2444 1287 filios
2482 1225 2693 1288 fratris

393 1332 514 1407 sui,
567 1351 711 1395 cum
759 1332 1003 1396 hircum
1057 1351 1167 1413 pro
1216 1335 1476 1412 peccato
1528 1330 1889 1412 quaesitum
1949 1350 2070 1395 non
2126 1331 2495 1406 inuenisset,
2544 1332 2692 1412 quia

390 1440 597 1503 fuerat
638 1442 815 1504 totus
856 1438 1189 1501 incensus:
1240 1456 1481 1519 qnare
1521 1456 1666 1501 non
1710 1437 2191 1502 comedistis
2231 1437 2443 1502 illud
2482 1439 2688 1520 quod

390 1548 557 1610 fuit
623 1565 763 1629 pro
830 1548 1170 1628 peccato
1238 1545 1314 1607 in
1378 1546 1558 1609 loco
1628 1547 1966 1609 sancto?
2052 1545 2421 1625 quoniam
2482 1545 2685 1607 enim

301 1670 351 1709 10
393 1656 681 1717 sancta
729 1655 1200 1716 sanctorum
1253 1656 1467 1728 sunt,
1518 1652 1666 1716 hoc
1713 1652 1949 1715 uobis
2010 1651 2235 1715 dedit
2291 1651 2551 1727 edere,
2603 1655 2687 1714 ut

389 1759 796 1824 auferatis
855 1762 1284 1841 peccatum
1343 1777 1801 1842 synagogae
1864 1762 1939 1822 et
1997 1759 2354 1822 exoretis
2412 1776 2548 1841 pro
2599 1778 2684 1823 eo

390 1871 572 1929 ante
634 1866 1060 1929 dominum.
1148 1885 1290 1929 non
1352 1866 1556 1929 enim
1618 1866 1962 1929 inlatum
2025 1871 2239 1930 esta
2288 1866 2685 1950 sanguine

389 1973 564 2036 eius
625 1973 698 2035 in
760 1977 1131 2036 sanctum
1198 1976 1382 2036 ante
1451 1972 1743 2036 faciem
1810 1973 2051 2036 intus.
2138 1972 2405 2035 edetis
2471 1972 2684 2035 illud

387 2078 460 2143 in
509 2081 686 2145 loco
738 2085 1041 2155 sancto,
1106 2079 1498 2161 quomodo
1547 2080 1744 2143 mihi
1795 2080 2242 2143 constituit
2291 2079 2680 2144 dominus.

298 2206 348 2245 15
387 2188 608 2269 utique
669 2206 814 2251 cum
873 2188 1061 2251 dicit:
1127 2205 1275 2251 non
1334 2187 1538 2251 enim
1599 2187 1943 2250 inlatum
2004 2192 2127 2251 est
2184 2207 2219 2251 a
2286 2187 2681 2270 sangnine

386 2294 563 2357 eius
640 2294 715 2358 in
793 2298 1162 2358 sanctum
1240 2297 1424 2357 ante
1499 2293 1791 2357 faciem
1867 2294 2124 2370 intus»,
2200 2293 2421 2375 procul
2488 2292 2679 2358 dubio

386 2400 689 2464 discernit
747 2401 908 2465 illud
976 2401 1144 2483 quod
1202 2401 1290 2465 ita
1346 2401 1418 2465 fit
1474 2420 1586 2483 pro
1645 2404 1907 2482 peccato
1968 2400 2316 2465 sacerdotis
2374 2399 2511 2464 siue
2568 2420 2678 2482 pro

383 2513 643 2589 peccato
702 2507 1038 2572 uniuersae
1098 2527 1459 2591 synagogae
1521 2527 1642 2571 non
1702 2507 1778 2571 de
1834 2507 2030 2585 hirco,
2088 2507 2164 2570 de
2225 2526 2349 2589 quo
2417 2509 2678 2590 sanguis

383 2615 676 2697 quoniam
747 2633 867 2678 non
938 2618 1072 2678 erat
1138 2614 1355 2678 iussus
1421 2613 1636 2677 inferri
1701 2613 1778 2676 ad
1845 2614 2161 2696 tangenda
2217 2633 2453 2678 cornua
2505 2614 2677 2677 intus

291 2738 344 2779 20
383 2723 597 2786 altaris
655 2722 894 2785 incensi
952 2740 1073 2785 non
1134 2722 1356 2785 debuit
1410 2724 1587 2785 totus
1645 2720 1916 2796 incendi,
1984 2720 2095 2784 sed
2152 2741 2187 2784 a
2242 2721 2675 2785 sacerdotibus

380 2828 766 2894 manducari.
816 2827 934 2892 hoc
985 2831 1195 2892 autem
1249 2847 1438 2910 quare
1489 2829 1576 2892 sit
1622 2829 1883 2902 factum‚
1931 2827 1997 2890 id
2037 2831 2156 2900 est,
2194 2831 2270 2892 ut
2308 2829 2498 2891 etiam
2536 2828 2672 2909 ipse

377 2940 556 3000 totns
605 2935 1063 3010 incenderetur,
1114 2935 1441 3018 respondit
1485 2938 1693 2998 Aaron
1746 2942 1809 2998 et
1856 2935 2097 3016 placuit
2142 2934 2371 3017 Moysi.

469 3043 628 3107 Sane
659 3043 955 3125 quoniam
995 3062 1098 3106 sex
1141 3062 1367 3125 pecora
1404 3046 1741 3124 praecepta
1779 3041 2028 3105 fueraut
2064 3042 2418 3106 senioribus
2456 3042 2676 3125 populi

378 3152 449 3212 ut
499 3151 871 3213 offerrentur
916 3168 1029 3230 pro
1078 3149 1336 3231 popu10,
1389 3166 1656 3229 quorum
1707 3148 1882 3230 prius
1940 3153 2242 3229 quattuor
2298 3168 2678 3212 commemo-

288 3272 337 3309 ²⁵
378 3256 564 3321 rauit.
621 3257 869 3320 hircum
920 3261 984 3321 et
1031 3257 1290 3320 arietem
1344 3260 1406 3320 et
1453 3256 1731 3319 uitulum
1785 3259 1848 3319 et
1896 3275 2128 3339 agnum
2177 3256 2540 3319 anniculum
2590 3293 2675 3302 —

377 3382 642 3445 quorum
691 3362 1102 3427 manifestum
1152 3366 1250 3426 est
1298 3362 1541 3426 hircum
1600 3381 1710 3444 pro
1767 3366 2048 3442 peccato.
2107 3362 2516 3426 manifestum
2577 3372 2676 3426 est

379 3471 566 3534 etiam
616 3488 850 3554 agnum
901 3470 1263 3534 anniculum
1317 3469 1376 3532 in
1425 3469 1871 3533 holocaustum
1921 3505 2005 3513 —
2057 3468 2180 3532 duo
2240 3488 2387 3532 uero
2444 3468 2671 3543 media,

376 3577 634 3641 arietem
703 3581 767 3641 et
831 3577 1139 3652 uitulum,
1219 3576 1514 3658 ambigue
1581 3575 1789 3658 posita
1853 3574 2246 3649 uideramus,
2314 3581 2525 3638 utrum
2595 3576 2673 3639 nd

376 3684 748 3747 sacrificium
809 3703 919 3764 pro
979 3686 1238 3765 peccato
1287 3683 1675 3764 pertinerent
1722 3686 1786 3745 et
1831 3681 2005 3746 hirco
2056 3681 2551 3764 adiungerentur
2597 3701 2670 3745 an

285 3791 589 3872 sopotius
658 3809 849 3874 agno,
917 3794 990 3853 ut
1053 3790 1114 3853 in
1185 3789 1631 3853 holocaustum
1700 3789 2070 3852 offerrentur
2134 3824 2219 3834 ——
2286 3788 2450 3851 unde
2516 3788 2667 3869 quid

549 4017 579 4068 5
620 4016 684 4069 cf.
725 4016 854 4069 Leu.
895 4016 944 4076 4,
988 4017 1071 4068 12.
1109 4016 1172 4068 21
1289 4015 1320 4068 8
1360 4015 1490 4068 Leu.
1536 4015 1617 4076 10,
1662 4015 1744 4066 17.
1788 4013 1851 4065 18

442 4141 474 4193 2
514 4140 610 4193 illu
655 4139 701 4193 C
843 4140 914 4207 ei]
957 4143 1012 4191 et
1050 4139 1108 4191 N
1219 4141 1252 4190 6
1291 4143 1416 4191 sunt
1457 4138 1622 4191 uerba
1659 4137 2002 4190 PSNt'de
2123 4138 2155 4190 8
2196 4137 2476 4190 comeditis
2522 4135 2673 4190 CSN

371 4229 664 4282 comedetis
703 4228 774 4280 P¹
919 4229 985 4280 13
1024 4228 1185 4281 editis
1230 4229 1275 4281 C
1411 4230 1476 4280 14
1516 4227 1801 4280 constituit
1841 4226 1974 4279 mihi
2013 4227 2056 4279 S
2194 4229 2257 4279 17
2298 4225 2664 4280 sacerdotis——

368 4322 588 4386 peccato
627 4334 729 4371 om.
768 4316 812 4371 S
937 4318 1004 4370 23
1044 4317 1263 4370 fuerunt
1298 4316 1531 4371 PSVbd
1658 4318 1726 4369 24
1765 4316 2057 4368 offerentur
2102 4315 2283 4369 CP¹N
2403 4316 2472 4368 25
2512 4315 2665 4383 agni·

369 4407 546 4459 culum
585 4405 712 4460 S¹T
780 4407 847 4459 27
888 4406 941 4458 in
981 4422 1083 4459 om.
1123 4406 1166 4459 S
1237 4407 1305 4457 229
1347 4408 1422 4474 et]
1462 4405 1526 4458 de
1569 4405 1614 4457 S
1649 4409 1709 4457 ut
1750 4408 1803 4468 et
1856 4404 1903 4455 V
1973 4404 2042 4456 30
2083 4405 2376 4457 offerentur
2404 4403 2675 4456 P¹Sr¹X
