3076 4976
542 403 624 463 92
1248 398 1297 451 S.
1356 399 1631 451 Aureli
1691 399 2126 467 Augustini

538 594 841 659 historiae
908 595 1095 657 fidem
1165 613 1384 657 uerum
1453 595 1540 658 sit
1604 594 1790 657 Iacob
1869 613 2010 657 cum
2087 595 2490 676 septuaginta
2556 595 2814 676 quinque

541 703 764 766 animis
814 701 876 764 in
928 703 1285 783 Aegyptum
1337 702 1629 779 intrasse,
1679 721 1797 764 non
1848 701 1958 765 illo
2009 721 2132 764 uno
2175 701 2273 764 die
2315 721 2437 782 quo
2478 701 2659 765 uenit
2693 700 2813 764 eius

538 810 894 892 ingressum
937 812 1187 889 oportet
1224 807 1547 891 intellegi;
1599 808 1711 871 sed
1761 809 1910 889 quia.
1956 809 2016 871 in
2067 808 2217 871 tiliis
2270 808 2403 872 suis
2452 809 2812 889 plerumque

542 916 898 996 appellatur
934 915 1145 984 Iacob,
1187 916 1305 977 hoc
1357 920 1455 978 est
1500 915 1563 977 in
1613 915 1887 996 posteris
1938 915 2094 990 suis,
2146 919 2209 978 et
2255 935 2366 996 per
2403 916 2630 997 Ioseph
2683 933 2809 978 euru

539 1025 790 1085 constat
836 1021 897 1083 in
946 1023 1306 1104 Aegyptum
1359 1021 1653 1097 intrasse,
1705 1021 2002 1085 introitus
2070 1022 2206 1085 eius
2266 1021 2669 1104 accipiendus
2725 1025 2810 1083 est
2861 1041 2878 1077 ε,

539 1128 841 1209 quamdiu
890 1128 1051 1191 uixit
1088 1129 1342 1210 Ioseph,
1392 1149 1501 1210 per
1551 1148 1736 1208 quem
1787 1129 2026 1192 factum
2075 1132 2192 1205 est,
2245 1134 2316 1193 ut
2364 1130 2642 1192 intraret.
2690 1132 2811 1191 toto

536 1234 769 1316 quippe
847 1235 956 1298 illo
1024 1240 1305 1316 tempore
1372 1237 1550 1299 nasei
1617 1239 1681 1299 et
1746 1237 1962 1300 uiuere
2030 1240 2371 1316 potuerunt
2440 1254 2655 1299 omnes
2719 1234 2813 1316 qui

536 1347 1123 1418 commemorantur,
1174 1346 1246 1405 ut
1295 1343 1704 1426 septuaginta
1761 1344 2038 1425 quinque
2097 1342 2339 1406 animae
2397 1342 2815 1424 compleantur

535 1465 737 1528 usque
788 1448 867 1511 ad
916 1451 1178 1529 nepotes
1230 1448 1583 1511 Beniamin.
1646 1448 1814 1511 sicut
1863 1449 2024 1510 enim
2078 1447 2267 1511 dicit:
2318 1447 2388 1510 hi
2439 1447 2593 1511 filii
2633 1446 2812 1518 Liae,

541 1573 729 1634 qnos
770 1555 1068 1636 peperit
1107 1555 1253 1636 ipsi
1296 1555 1514 1618 Iacob
1555 1556 1625 1618 in
1666 1555 2216 1635 Mesopotamia
2246 1553 2526 1637 Syriae,
2564 1555 2812 1635 loquens
2844 1579 2882 1615 ιο

534 1660 725 1723 etiam
787 1661 862 1723 de
920 1661 1018 1723 his
1083 1662 1190 1741 qui
1247 1680 1370 1723 non
1432 1664 1609 1723 erant
1665 1661 1816 1736 nati,
1865 1661 2014 1742 quia
2070 1660 2200 1724 illic
2260 1663 2553 1742 parentes
2611 1678 2811 1723 eorum

533 1786 605 1830 ex
663 1767 895 1848 quibus
954 1766 1085 1830 nati
1144 1770 1291 1830 sunt
1346 1769 1697 1848 pepererat,
1747 1766 1836 1829 ibi
1887 1785 1993 1830 eos
2042 1765 2379 1848 perhibens
2427 1768 2629 1842 natOS,
2679 1785 2814 1846 quo-

532 1873 698 1936 niam
767 1891 957 1936 causa
1023 1891 1147 1953 qua
1212 1874 1620 1935 nascerentur
1684 1871 1774 1934 ibi
1841 1875 1988 1935 nata
2054 1875 2172 1950 est,
2240 1871 2307 1935 id
2374 1875 2474 1934 est
2539 1875 2812 1952 parentes

532 1999 771 2043 eorum.
833 1998 989 2061 quos
1049 1979 1138 2042 ibi
1194 1979 1305 2041 Lia
1362 1979 1638 2060 peperit:
1709 1979 1817 2044 ita.
1878 1979 2174 2061 quoniam
2243 1996 2500 2042 causam
2560 1977 2811 2040 intrandi

528 2085 589 2149 in
638 2086 1002 2169 Aegyptum
1050 2086 1236 2149 Iacob
1295 2086 1357 2148 in
1417 2087 1648 2168 Ioseph
1708 2086 1949 2164 babuit,
2010 2090 2216 2151 totum
2276 2090 2530 2165 tempus
2588 2102 2705 2165 quo
2757 2083 2810 2145 in
2843 2110 2882 2147 ιδ

529 2193 818 2276 Aegypto
882 2193 1041 2256 uixit
1095 2193 1329 2275 Ioseph
1388 2192 1700 2275 ingressio
1760 2196 1893 2256 erat
1947 2192 2134 2256 Iacob
2191 2192 2252 2255 in
2302 2193 2662 2275 Aegyptum
2716 2210 2815 2272 per

534 2319 715 2364 suam
800 2300 1196 2384 progeniem,
1275 2319 1435 2381 quae
1511 2299 1620 2363 illo
1688 2299 1839 2364 uiuo
1904 2299 2398 2382 propagabatur,
2466 2317 2580 2380 per
2640 2316 2810 2379 quem

541 2406 780 2470 factum
834 2412 930 2470 est
978 2410 1053 2470 ut
1098 2407 1551 2490 ingrederetur.

956 2597 1169 2649 LIBER
1211 2596 1607 2653 SECVNDVS.
1662 2597 1957 2662 QVAEST.
1999 2596 2096 2650 DE
2135 2596 2401 2651 EXODO.

1193 2704 1274 2765 (In
1316 2706 1419 2757 tine
1460 2704 1753 2773 descriptio
1793 2704 2166 2768 tabernaculi.)
2843 2728 2882 2767 20

621 2833 929 2902 QVAEST.
1018 2830 1064 2892 1.
1161 2829 1251 2892 De
1319 2828 1739 2892 obstetricum
1807 2827 2170 2903 mendaciO,
2250 2847 2374 2909 quo
2460 2828 2808 2891 fefellerunt

528 2935 939 3009 Pharaonem,
991 2955 1065 2999 ne
1116 2935 1476 2999 occiderent
1522 2936 1842 2998 masculos
1892 2933 2258 2996 Israhelitas
2309 2934 2557 3015 quando
2614 2951 2809 2996 nasce-

527 3042 775 3117 bantur,
827 3042 1108 3105 diceutes
1159 3061 1278 3105 non
1328 3042 1417 3104 ita
1463 3061 1681 3122 parere
1730 3041 2030 3105 mulieres
2079 3040 2381 3104 hebraeas
2423 3041 2592 3104 sicut
2630 3037 2809 3121 parie-

528 3149 678 3211 bant
725 3149 1077 3230 aegyptiae,
1129 3148 1345 3229 quaeri
1392 3148 1578 3224 solet,
1630 3151 1842 3211 utrum
1892 3147 2045 3212 talia
2100 3146 2426 3210 mendacia
2484 3146 2808 3227 adprobata

535 3255 663 3318 sint
747 3255 1123 3317 auctoritate
1208 3254 1451 3330 diuina,
1520 3254 2033 3336 quandoquidem
2101 3252 2408 3333 scriptum
2486 3256 2584 3318 est
2641 3252 2807 3316 deum
2841 3278 2882 3317 εὖ

705 3478 738 3529 9
782 3475 911 3529 Gen.
952 3476 1038 3538 46,
1083 3476 1147 3529 15
1258 3476 1321 3528 21
1367 3476 1432 3531 ef.
1474 3477 1567 3529 Ex.
1611 3478 1658 3539 1,
1702 3476 1782 3530 19.
1823 3477 1892 3530 20

598 3600 630 3651 2
670 3599 953 3652 animabus
1002 3599 1150 3651 wod
1249 3606 1280 3652 ὅ
1319 3604 1713 3653 commorantur
1757 3599 1822 3652 0¹
1923 3602 1956 3653 9
1996 3602 2070 3653 hii
2117 3602 2271 3654 CPT
2305 3619 2407 3656 om.
2439 3603 2503 3654 N
2603 3605 2661 3655 11
2697 3606 2804 3670 post

528 3689 655 3756 quia
695 3687 824 3739 add.
864 3687 937 3741 lia
982 3687 1030 3740 Τ
1141 3690 1203 3741 13
1245 3690 1371 3756 qua]
1415 3688 1505 3756 qui
1557 3688 1606 3739 V
1694 3688 1760 3741 14
1797 3688 1874 3741 lia
1908 3688 1987 3742 ibi
2025 3689 2331 3743 PSNVTb
2451 3693 2724 3760 pepererit
2755 3688 2810 3742 N

529 3794 691 3829 causa
722 3776 895 3829 NVT
994 3778 1057 3829 18
1088 3776 1324 3846 Explicit
1360 3776 1499 3829 liber
1537 3777 1851 3847 questiones
1892 3777 1946 3830 in
1985 3778 2201 3847 genesis
2239 3778 2297 3830 id
2337 3781 2421 3832 est
2457 3778 2598 3832 liber
2627 3780 2808 3849 primus

530 3865 810 3933 augustini
846 3866 1078 3918 feliciter
1110 3865 1213 3930 fol.
1256 3870 1332 3917 33
1368 3866 1411 3919 Ο
1434 3865 1746 3934 Explieiunt
1784 3866 2097 3934 questiones
2126 3868 2341 3936 genesis
2370 3868 2644 3936 incipiunt
2671 3884 2808 3937 ques-

528 3954 707 4006 tiones
757 3954 909 4007 exodi
949 3955 1058 4021 sol.
1115 3959 1190 4007 43
1226 3955 1281 4007 Ρ
1308 3972 1439 4023 pay.
1482 3958 1584 4005 113
1622 3953 1668 4006 S
1699 3954 1800 4020 fol.
1839 3957 1920 4006 25
1959 3955 2024 4005 N
2042 3955 2151 4022 fol.
2196 3959 2275 4009 37
2323 3956 2374 4008 V
2418 3956 2654 4026 Explicit
2688 3955 2810 4009 liber

527 4042 592 4096 de
624 4042 997 4110 questionibus
1038 4044 1268 4111 genesis.
1308 4043 1518 4111 require
1560 4042 1801 4111 capitula
1839 4043 1895 4095 in
1934 4044 2057 4097 fine.
2097 4044 2299 4113 Incipit
2335 4043 2475 4097 liber
2513 4045 2580 4100 de
2620 4045 2807 4115 questi-

529 4131 719 4184 onibus
759 4131 911 4185 exodi
950 4132 1050 4198 fol.
1097 4134 1173 4183 59
1220 4132 1268 4185 T

596 4221 660 4273 ⁶21
705 4220 809 4287 De]
844 4238 887 4281 e,
909 4220 1006 4273 sed
1022 4226 1166 4287 spat.
1188 4220 1220 4272 d
1244 4221 1346 4274 litt.
1370 4221 1550 4287 suffic.
1574 4237 1755 4274 uacuo
1788 4221 1838 4274 T
1924 4223 1992 4275 23
2023 4221 2307 4291 pariebant
2334 4224 2621 4291 aegyptiae
2642 4239 2736 4278 om.
2758 4221 2807 4273 N

526 4311 593 4361 24
634 4312 921 4377 utrumque
961 4308 1026 4360 N
