3076 4976
483 481 521 539 6
1187 476 1240 531 S.
1298 475 1576 529 Aureli
1634 474 2069 544 Augustini

484 671 941 755 geometricum
1000 670 1155 734 dicit
1211 674 1458 734 tantum
1516 671 1726 733 ualere
1785 675 2090 752 quantum
2140 673 2356 734 nostra
2404 669 2618 733 cubita
2666 689 2780 733 sex

483 777 716 841 ualent.
767 775 822 839 si
861 795 1008 859 ergo
1047 778 1177 838 tam
1226 793 1455 858 magna
1502 774 1718 838 cubita
1761 774 2232 857 intellegamus„
2272 774 2446 838 nulla
2485 775 2778 855 quaestio

483 886 583 947 est
652 885 863 946 tantae
938 880 1306 964 capacitatis
1382 900 1587 944 arcam
1663 880 1882 957 fuisse,
1950 884 2023 944 ut
2094 884 2314 961 posset
2377 880 2489 944 illa
2564 881 2782 946 omnia

482 989 821 1055 continere.

571 1095 647 1161 V.
696 1097 858 1159 Item
927 1095 1251 1177 quaeritur
1313 1100 1527 1158 utrum
1594 1113 1733 1158 arca
1797 1100 1928 1157 tam
1994 1114 2226 1178 magna
2280 1097 2536 1158 centum
2594 1095 2780 1158 annis

481 1202 761 1283 potuerit
807 1201 1102 1266 fabricari
1147 1221 1181 1264 a
1229 1206 1530 1283 quattuor
1574 1201 1960 1277 hominibusi,
2007 1200 2073 1264 id
2130 1204 2228 1263 est
2272 1199 2407 1265 Noe
2457 1210 2522 1265 et
2565 1201 2780 1265 tribus

482 1308 633 1371 filiis
692 1308 849 1371 eius.
910 1308 1018 1371 sed
1076 1308 1131 1372 si
1187 1328 1307 1372 non
1366 1308 1595 1390 potuit,
1655 1328 1774 1371 non
1825 1312 1957 1371 erat
2003 1327 2303 1391 magnum
2352 1308 2562 1371 fabros
2610 1307 2777 1370 alios

485 1414 801 1489 adhibere,
852 1414 1145 1496 quamuis
1193 1415 1399 1496 operis
1449 1416 1551 1479 sui
1598 1414 1887 1478 mercede
1937 1420 2196 1495 accepta
2243 1434 2365 1478 non
2414 1414 2782 1478 curauerint

481 1524 697 1585 utrum
746 1540 881 1584 eam
921 1520 1057 1584 Noe
1107 1520 1423 1602 sapienter
1467 1540 1542 1584 an
1583 1539 1732 1584 uero
1773 1519 2040 1583 inaniter
2075 1519 2491 1583 fabricaretur
2528 1522 2594 1582 et
2627 1519 2777 1582 ideo

482 1647 605 1691 non
652 1628 718 1689 in
768 1647 903 1690 eam
950 1626 1346 1702 intrauerint,
1398 1627 1546 1708 quia
1593 1646 1715 1690 non
1765 1625 2164 1689 crediderunt
2203 1625 2371 1707 quod
2420 1625 2528 1687 ille
2578 1625 2778 1689 credi·

482 1733 675 1797 derat.

571 1839 680 1904 VI.
724 1836 891 1916 Quid
930 1838 1040 1915 ait,
1083 1858 1228 1902 cum
1267 1838 1344 1901 de
1384 1857 1562 1902 arcae
1603 1837 2012 1903 fabricatione
2051 1839 2452 1921 loqueretur:
2502 1838 2625 1901 inf
2633 1857 2664 1901 e
2682 1839 2780 1900 ri-

487 1964 620 2008 ora
695 1945 1199 2009 bicamerata
1274 1949 1351 2009 et
1421 1945 1952 2009 tricamerata
2026 1945 2282 2009 facies
2359 1948 2576 2009 eam?
2650 1963 2778 2008 non

485 2052 650 2115 enim
698 2052 994 2116 inferiora
1038 2052 1254 2115 futura
1302 2056 1479 2114 erant
1522 2051 1910 2115 bicamerata
1959 2055 2023 2114 et
2076 2051 2491 2115 tricamerata.
2552 2051 2661 2115 sed
2706 2050 2774 2115 in

481 2159 600 2223 hac
666 2158 1069 2222 distinctione
1135 2162 1333 2221 totam
1401 2163 1785 2221 structuram
1855 2158 1992 2221 eius
2056 2157 2347 2241 intellegi
2412 2158 2640 2236 uoluit,
2697 2162 2778 2221 ut

485 2265 745 2328 haberet
787 2264 1102 2341 inferiora.
1150 2266 1410 2328 haberet
1456 2268 1520 2329 et
1568 2265 1892 2346 superiora
1936 2264 2323 2343 inferiorum,
2365 2285 2523 2347 quae
2563 2266 2775 2347 appel·

483 2370 643 2434 lauit
688 2370 1093 2446 bicamerata,
1141 2372 1400 2435 haberet
1438 2375 1503 2434 et
1543 2372 1864 2452 superiora
1903 2370 2320 2452 superiorum.
2364 2391 2521 2453 quae
2562 2372 2777 2454 appel-

481 2477 643 2541 lauit
686 2477 1105 2541 tricamerata.
1152 2476 1215 2541 in
1264 2477 1465 2560 prima
1506 2478 1736 2561 quippe
1775 2477 2183 2555 habitatione,
2223 2478 2288 2541 id
2326 2481 2427 2543 est
2462 2479 2524 2542 in
2563 2477 2772 2543 inferi·

483 2584 697 2649 oribus
747 2585 946 2648 semel
991 2589 1304 2648 camerata
1351 2588 1486 2648 erat
1532 2605 1711 2659 arca;
1760 2585 1823 2647 in
1872 2584 2152 2649 secunda
2196 2603 2344 2648 uero
2386 2585 2776 2648 habitatione

484 2711 671 2773 supra
734 2690 1093 2754 inferiorem
1161 2691 1284 2754 iam
1346 2691 1732 2755 bicamerata
1799 2695 1932 2755 erat
1996 2711 2067 2754 ac
2133 2710 2245 2772 per
2299 2691 2420 2756 hoc
2475 2691 2537 2754 in
2586 2692 2775 2755 tertia

484 2817 675 2879 supra
721 2797 1062 2862 secundam
1112 2797 1245 2860 sine
1293 2797 1484 2862 dubio
1532 2799 1932 2862 tricamerata
1978 2801 2128 2861 erat.

573 2903 713 2966 VH.
772 2900 1084 2980 Quoniam
1140 2923 1261 2968 non
1322 2904 1527 2969 solum
1587 2905 1804 2968 uiuere
1862 2905 1973 2968 sed
2032 2905 2222 2968 etiam
2285 2905 2462 2986 pasci
2521 2905 2584 2968 in
2633 2925 2776 2968 arca

483 3010 775 3073 animalia
816 3009 972 3073 deus
1012 3010 1167 3074 dixit
1205 3014 1268 3075 et
1303 3011 1514 3086 iussit.
1555 3015 1629 3075 ut
1663 3011 1801 3075 Noe
1841 3012 1915 3074 ab
1957 3012 2250 3075 omnibus
2291 3012 2455 3075 escis
2495 3015 2776 3075 sumeret

485 3116 606 3180 sibi
657 3120 720 3179 et
764 3115 915 3192 illis,
968 3136 1127 3198 quae
1176 3117 1254 3180 ad
1300 3118 1481 3181 illum
1532 3119 1782 3182 fuerant
1827 3118 2210 3200 ingressura,
2253 3117 2575 3199 quaeritur
2623 3137 2776 3200 quo-

484 3222 667 3286 modo
714 3221 804 3285 ibi
848 3221 1062 3285 leones
1110 3223 1215 3286 uel
1254 3224 1522 3305 aquilae,
1565 3243 1723 3305 quae
1763 3229 2146 3288 consuerunt
2193 3224 2485 3288 carnibus
2533 3224 2773 3302 uiuere.

662 3465 693 3517 5
734 3462 798 3516 cf.
841 3462 973 3520 Gen.
1013 3466 1066 3531 6,
1106 3466 1170 3518 15
1336 3465 1404 3519 12
1444 3465 1578 3520 Gen.
1620 3467 1670 3529 6,
1713 3467 1780 3519 16
1939 3468 2003 3520 16
2043 3467 2108 3521 cf.
2150 3467 2214 3521 de
2254 3467 2402 3521 cinit.
2443 3469 2532 3521 dei
2569 3468 2666 3522 XV
2704 3470 2776 3522 26

484 3554 553 3606 22
591 3552 657 3605 cf.
696 3550 830 3605 Gen.
871 3553 921 3616 6,
959 3554 1022 3606 21

556 3676 590 3728 3
626 3679 783 3729 tanta
821 3675 866 3729 S
1040 3679 1215 3746 possit
1258 3677 1304 3731 C
1446 3680 1475 3730 7
1525 3696 1632 3731 non
1684 3683 1801 3731 erat
1837 3695 1939 3734 om.
1977 3679 2044 3732 N
2181 3682 2213 3732 9
2251 3681 2544 3734 fabricaret
2582 3683 2776 3736 SVTb

490 3764 555 3817 10
582 3781 645 3816 ea
680 3764 726 3816 C
866 3765 1165 3819 intrauerat
1194 3766 1224 3819 b
1373 3768 1496 3834 quis·
1523 3767 1580 3820 P
1604 3768 1695 3836 qui
1728 3767 1779 3820 T
1920 3768 2248 3822 crediderint
2276 3769 2314 3822 d
2417 3770 2481 3823 12
2512 3770 2656 3840 quod
2693 3771 2778 3825 Vb

476 3857 608 3921 post
644 3853 773 3921 quid
809 3853 1055 3907 inculcat
1092 3858 1176 3907 est
1214 3855 1356 3923 quod
1396 3856 1435 3908 d
1576 3856 1928 3925 loquerentur
1961 3856 2029 3910 N
2169 3859 2234 3910 13
2273 3877 2336 3911 ea
2374 3858 2509 3912 SVb
2647 3867 2780 3929 post

488 3959 605 3994 eam
645 3941 774 3994 add.
816 3943 965 4011 queri
1004 3943 1143 3996 solet
1180 3944 1211 3996 b
1354 3960 1462 3996 non
1503 3945 1669 4014 enim]
1711 3963 1838 3999 num
1869 3947 1900 4000 b
2013 3948 2079 3999 14
2118 3949 2257 4000 enirn
2298 3964 2399 4003 om.
2441 3949 2490 4002 V
2599 3951 2665 4002 15
2694 3951 2776 4002 in·

487 4033 812 4083 structuram
860 4031 1032 4084 Pde
1067 4036 1453 4085 “structuram
1513 4032 1564 4084 V
1745 4035 1809 4087 16
1855 4034 2082 4087 baberet
2119 4035 2297 4088 media
2335 4039 2391 4089 et
2427 4038 2707 4105 superiora
2746 4039 2777 4090 b

485 4118 1151 4188 inferiorum-superiora
1205 4137 1308 4173 om.
1357 4121 1487 4187 SV,·
1542 4121 2156 4176 inferiorum—haberet
2208 4125 2270 4176 in
2324 4142 2422 4193 my.
2479 4127 2583 4193 inf.
2641 4127 2775 4181 add.

485 4222 554 4258 m.
591 4211 630 4258 2
665 4206 745 4272 P;
782 4207 1499 4276 inferiorum—superiorum
1540 4227 1642 4264 oni.
1682 4211 1712 4263 b
1858 4211 2199 4280 appellantur
2228 4213 2266 4265 d
2376 4215 2439 4266 17
2477 4215 2774 4269 haberet—

485 4295 830 4348 tricamerata
867 4312 969 4349 om.
1020 4297 1068 4348 T
1173 4302 1227 4349 et
1265 4314 1367 4351 om.
1406 4299 1459 4350 P
1569 4299 1634 4352 18
1672 4300 1728 4351 in
1765 4301 1860 4366 fin.
1890 4317 1990 4354 om.
2023 4301 2230 4354 P¹S¹V
2337 4303 2402 4356 19
2443 4307 2558 4356 erat
2598 4322 2699 4359 om.
2736 4308 2783 4358 C

491 4385 559 4435 20
597 4382 697 4436 hac
725 4385 787 4437 N
891 4386 955 4437 21
1000 4389 1116 4437 erat
1153 4401 1252 4438 om.
1281 4386 1338 4437 Ν
1441 4387 1507 4439 23
1549 4391 1604 4440 et
1640 4388 1801 4441 iussit
1837 4406 1940 4442 om.
1969 4390 2035 4441 N
2127 4392 2197 4443 25
2237 4397 2636 4447 consueuerant
2661 4394 2782 4449 de

2828 1654 2891 1691 10

2824 2188 2883 2227 15

2819 2726 2873 2763 20
