3076 4976
640 462 1118 528 Quaestionum
1161 463 1271 516 lib.
1312 464 1337 516 I
1377 462 1666 527 (Quaest.
1710 463 1783 516 de
1825 463 2110 516 Genesi».
2434 468 2515 529 59

223 662 456 740 septem
510 659 654 722 sine
723 659 1013 744 coniugio
1061 660 1205 737 suit,
1265 660 1461 724 donec
1518 660 1853 725 seruiendo
1921 660 1984 724 id
2043 660 2517 741 adipisceretur.

223 770 289 828 nt
333 784 482 849 ergo
546 767 755 848 primo
822 786 1001 843 anno,
1051 786 1175 849 quo
1225 766 1403 831 duxit
1466 787 1743 843 uxorem,
1794 767 1850 830 ei
1898 767 2068 830 filius
2135 770 2517 839 nasceretur,

222 873 553 937 duodecim
608 892 913 937 annorum
964 892 1101 937 esse
1138 873 1353 956 potuit
1390 873 1780 955 primitiuuS,
1822 892 1965 937 cum
2007 872 2149 936 inde
2195 873 2518 955 profectus

222 985 332 1044 est.
379 979 654 1062 proinde
702 980 755 1044 si
804 981 929 1043 iam
995 984 1339 1063 conceptus
1407 980 1615 1043 suerat
1669 979 2021 1054 Beniamin,
2081 980 2245 1043 intra
2302 979 2518 1043 decem

166 1098 462 1149 ⁵rnenses
551 1086 671 1150 illa
737 1087 939 1151 omnis
1005 1087 1111 1151 uia
1177 1090 1428 1169 peracta
1495 1089 1595 1150 est
1668 1090 1730 1150 et
1796 1086 2104 1167 quidquid
2166 1086 2228 1149 in
2295 1086 2518 1149 itinere

223 1193 530 1275 scriptum
582 1198 683 1257 est
735 1194 811 1257 de
852 1193 1059 1260 Iacob.
1110 1193 1275 1257 unde
1315 1194 1623 1275 sequitur,
1659 1198 1731 1257 ut
1768 1193 1882 1256 filii
1923 1193 2060 1256 eins
2100 1196 2230 1256 tam
2269 1192 2518 1274 paruuli

220 1318 324 1382 pro
391 1319 613 1364 sorore
691 1320 807 1364 sna
874 1300 1038 1364 Dina
1103 1303 1344 1363 tantam
1413 1305 1696 1383 stragem
1751 1300 2036 1375 fecerint,
2086 1303 2183 1362 tot
2228 1299 2517 1363 homines

221 1406 707 1471 trucidauerint.
757 1407 846 1471 ita
892 1407 1388 1490 expugnauerint
1438 1406 1799 1471 ciuitatem:
1852 1407 1912 1470 in
1964 1406 2196 1488 quibus
2246 1405 2516 1488 Symeon

224 1515 283 1576 et
316 1513 494 1592 Leni,
536 1513 654 1597 qui
692 1514 877 1596 primi
917 1514 1147 1597 gladiis
1187 1514 1452 1577 accincti
1490 1513 1893 1576 intrauerunt
1930 1512 2006 1575 ad
2048 1513 2192 1576 illos
2232 1512 2519 1575 homines

148 1632 191 1670 ¹0
225 1638 451 1701 eosque
491 1625 922 1702 peremerunt,
965 1620 1259 1684 undecim
1299 1638 1484 1695 unus,
1526 1620 1690 1684 alius
1722 1623 1932 1683 autern
1970 1620 2188 1683 decem
2219 1638 2521 1683 annorum

223 1725 414 1790 fuisse
461 1726 839 1808 reperiatur,
881 1726 1131 1789 etiamsi
1167 1745 1280 1808 per
1319 1725 1604 1809 singulos
1646 1744 1838 1789 annos
1880 1725 2014 1788 sine
2053 1724 2520 1788 intermissione

222 1832 327 1895 illa
380 1836 739 1915 pepererat.
801 1832 968 1915 quod
1031 1833 1255 1915 utique
1320 1831 1688 1895 incredibile
1755 1835 1853 1895 est
1918 1831 1993 1894 ab
2061 1831 2236 1895 illius
2294 1831 2519 1895 aetatis

225 1939 427 2020 pueris
507 1939 627 2002 illa
708 1940 916 2003 omnia
990 1937 1125 2003 fieri
1190 1939 1498 2021 potuisse,
1568 1938 1813 2020 quando
1873 1938 2121 2019 etipsa
2187 1937 2351 2001 Dina
2418 1938 2519 2000 uix

228 2044 423 2108 adhuc
475 2065 588 2109 sex
640 2066 943 2110 annorum
997 2046 1134 2109 fuit.

154 2165 195 2204 1⁵
310 2152 584 2215 Proinde
646 2151 829 2214 aliter
893 2151 1197 2215 soluenda
1264 2151 1554 2232 quaestio
1622 2154 1739 2227 est,
1787 2150 2047 2214 ntideo
2113 2151 2525 2232 intellegatur

230 2257 464 2321 dictum
515 2258 1034 2322 commemoratis
1083 2258 1419 2322 duodecim
1466 2257 1649 2321 filiis:
1701 2258 1777 2321 hi
1821 2259 2013 2321 sunt
2049 2257 2219 2320 filii
2259 2256 2519 2331 Iacob,

232 2365 358 2444 qui
404 2365 621 2428 facti
672 2369 859 2428 sunt
908 2364 977 2427 ei
1027 2364 1100 2427 in
1150 2364 1744 2446 Mesopotamia
1795 2364 2092 2446 Syriae,
2159 2363 2306 2443 quia
2361 2362 2525 2425 inter

234 2492 463 2546 omneS.
516 2473 629 2555 qui
680 2476 810 2536 tam
862 2472 1046 2537 multi
1095 2474 1289 2550 erant,
1339 2492 1505 2536 unus
1556 2475 1804 2536 tantum
1855 2476 1989 2535 erat
2024 2490 2144 2535 non
2184 2469 2271 2533 ibi
2313 2472 2520 2546 natus,

231 2579 329 2659 qui
376 2583 598 2643 tamen
649 2580 793 2642 inde
843 2580 1064 2643 habuit
1111 2579 1410 2643 nascendi
1460 2598 1738 2656 causam,
1791 2578 1959 2660 qnod
2006 2578 2095 2642 ibi
2135 2580 2338 2641 mater
2384 2575 2522 2639 eius

157 2701 199 2738 20
232 2685 385 2765 patri
425 2688 729 2767 copulata
768 2690 884 2749 est.
922 2685 1034 2750 sed
1083 2685 1320 2749 solutio
1368 2685 1493 2750 ista
1543 2685 1931 2768 quaestionis
1981 2684 2190 2766 aliquo
2241 2683 2521 2763 exemplo

233 2791 452 2856 similis
504 2793 850 2857 locutionis
898 2793 1201 2856 firmanda
1254 2796 1371 2857 est.

314 2898 509 2963 Nulla
556 2905 767 2963 tamen
821 2904 917 2963 est
982 2899 1230 2964 facilior
1295 2899 1529 2963 solutio
1599 2897 1988 2980 quaestionis
2055 2896 2268 2970 huius,
2336 2915 2522 2978 quarn

233 3011 299 3067 ut
344 3025 453 3088 per
502 3007 943 3090 synecdochen
995 3007 1361 3089 accipiatur.
1424 3006 1530 3069 nbi
1582 3007 1749 3069 enim
1815 3026 1957 3088 pars
2006 3006 2207 3068 maior
2254 3007 2354 3068 est
2419 3006 2527 3066 aut

232 3113 449 3192 potior,
517 3114 689 3177 solet
737 3114 872 3178 eius
938 3115 1190 3179 nomine
1257 3114 1447 3178 etiam
1513 3113 1674 3177 illud
1743 3112 2164 3194 conprehendi
2234 3111 2400 3193 quod
2449 3110 2528 3174 ad

158 3234 201 3273 2⁵
233 3217 435 3300 ipsum
484 3241 716 3285 nomen
765 3240 886 3284 non
935 3222 1227 3303 pertinet.
1280 3222 1449 3286 sicut
1496 3220 1575 3283 ad
1625 3219 1960 3283 duodecim
2020 3219 2343 3301 apostolos
2400 3217 2526 3280 iam

234 3344 346 3388 non
395 3328 758 3410 pertinebat
821 3327 1034 3402 Indae,
1095 3328 1202 3408 qui
1273 3327 1462 3392 etiam
1511 3331 1802 3391 mortuus
1850 3327 1975 3389 fuit
2031 3344 2175 3388 cum
2234 3322 2526 3388 dominus

235 3435 572 3497 resurrexit
608 3454 643 3498 a
682 3434 970 3513 mortuiS,
1017 3439 1081 3498 et
1117 3439 1327 3498 tamen
1367 3435 1571 3517 ipsius
1613 3432 1979 3498 duodenarii
2017 3430 2263 3495 numeri
2302 3447 2527 3493 nomen

406 3627 438 3678 6
479 3624 551 3677 cf.
593 3623 723 3676 Gen.
766 3624 856 3686 34,
892 3624 1103 3677 25—29
1218 3624 1283 3676 16
1323 3623 1456 3676 Gen.
1496 3624 1580 3684 35,
1620 3623 1689 3674 26
1799 3623 1867 3675 27
1909 3621 1974 3675 cf.
2017 3622 2042 3674 I
2083 3621 2201 3677 Cor.
2246 3625 2330 3688 15,
2371 3625 2402 3674 5

310 3749 334 3800 l
376 3747 429 3800 id
468 3764 577 3802 om.
626 3747 679 3799 V
890 3746 945 3799 id
985 3745 1400 3816 adipisceretur]
1441 3745 1518 3798 lia
1556 3744 1909 3814 depesaretur
1946 3745 1976 3798 b
2122 3745 2155 3797 4
2196 3745 2442 3814 concepit
2482 3746 2534 3797 Ρ

245 3841 526 3905 conceptus
567 3853 633 3890 ex
670 3836 920 3905 concepit
966 3835 1019 3887 V
1173 3838 1205 3888 5
1246 3835 1299 3887 in
1341 3834 1559 3903 itinere]
1601 3832 1758 3887 iniea
1795 3833 1861 3885 N
2017 3837 2049 3887 6
2099 3834 2390 3903 ascriptum
2437 3834 2535 3886 ΟΡ

243 3922 272 3975 8
309 3924 509 3978 simeon
551 3924 747 3978 PSVd
880 3926 913 3977 9
953 3924 1278 3978 intrauerint
1317 3924 1347 3976 b
1490 3924 1555 3978 10
1594 3923 1926 3993 perimerunt
1962 3922 2025 3976 N
2193 3923 2353 3990 alius]
2396 3923 2532 3976 alter

247 4009 369 4065 Nbd
586 4017 769 4067 autem
807 4030 905 4066 om.
949 4013 980 4066 b
1093 4013 1159 4066 12
1199 4014 1421 4082 peperat
1458 4012 1525 4065 N
1683 4013 1751 4066 15
1790 4019 1897 4080 qua
1935 4015 1998 4065 ut
2033 4011 2098 4064 N
2203 4012 2267 4064 16
2305 4012 2384 4065 hii
2420 4011 2537 4063 ΡΝ

254 4100 309 4152 17
347 4102 416 4170 ei]
458 4108 516 4155 et
552 4102 620 4155 N
661 4119 762 4157 om.
809 4102 859 4154 T
1036 4104 1100 4156 21
1142 4108 1273 4170 post
1320 4106 1403 4154 est
1451 4101 1708 4155 additur.-
1755 4100 1950 4154 abhinc
1997 4100 2338 4153 scribendum
2384 4100 2446 4152 in
2489 4101 2534 4153 C

248 4187 311 4240 22
345 4195 525 4244 tamen
564 4207 668 4244 om.
707 4191 838 4260 Euq
1015 4193 1084 4245 23
1133 4190 1449 4244 sinecdoccn
1496 4190 1542 4243 C
1584 4189 1919 4258 synecdocen
1956 4188 2196 4256 PNEuq
2400 4193 2529 4255 pose

252 4278 605 4343 synecdochen
648 4279 881 4333 additur
918 4279 1122 4333 dictum
1159 4280 1221 4333 in
1259 4280 1334 4332 bd
1512 4279 1778 4347 accipitur
1820 4277 1985 4332 CS¹P
2128 4277 2195 4329 24
2236 4274 2324 4342 ad]
2366 4273 2433 4328 ab
2469 4275 2536 4327 N

252 4363 312 4415 25
347 4383 449 4420 non
489 4385 591 4423 om.
632 4367 865 4421 PSTV¹
975 4369 1040 4421 27
1083 4368 1430 4421 resurrexerit
1469 4366 1628 4420 PS¹b
