3076 4976
403 427 530 488 254
1117 424 1166 477 S.
1226 421 1500 473 Aureli
1558 419 1992 488 Augustini

401 618 932 700 quemadmodum
992 636 1064 681 ea
1121 636 1279 698 quae
1339 616 1662 698 praecepit
1728 614 2019 678 dominus
2087 619 2269 699 gesta
2334 621 2484 680 sunt
2548 637 2698 701 erga

400 726 604 789 Aaron
655 728 717 787 et
763 725 930 788 filios
980 724 1114 787 eius
1166 723 1397 787 dicitur
1446 724 1697 786 oblatus
1756 722 2002 785 uitulus
2059 742 2168 805 pro
2227 728 2510 805 peccato.
2586 723 2697 787 sed

404 832 695 914 superius
745 832 820 895 de
871 830 1177 913 sanguine
1236 830 1428 893 uituli
1478 819 1711 893 co'rnua
1756 829 1931 912 tangi
1981 830 2301 911 praecepit
2348 831 2565 895 altaris
2612 831 2697 894 in-

404 938 595 1014 censi,
672 937 1135 1019 aspergendum
1203 936 1392 998 etiam
1461 954 1530 997 ex
1596 936 1734 1017 ipso
1816 935 2120 1017 sanguine
2196 938 2412 999 contra
2484 937 2701 1001 uelum

405 1050 724 1119 sanctum,
801 1046 1114 1126 reliquum
1193 1062 1341 1106 uero
1419 1043 1791 1126 sanguinem
1864 1042 2256 1106 fundendum
2330 1042 2405 1105 ad
2482 1043 2700 1107 basem
2771 1072 2803 1109 s

404 1153 621 1217 altaris
697 1153 1338 1217 holocaustomatum.
1433 1154 1656 1232 postea
1720 1169 1893 1225 uero,
1961 1149 2209 1231 quando
2277 1149 2707 1213 sanctificatur

402 1259 641 1335 Aaron,
711 1259 786 1323 de
852 1258 1211 1340 aspersione
1279 1256 1605 1339 sanguinis
1674 1259 1890 1320 contra
1955 1257 2169 1320 uelum
2238 1256 2399 1320 nihil
2464 1256 2703 1320 dictum

412 1367 530 1435 est,
582 1364 656 1427 de
706 1361 1003 1426 cornibus
1053 1366 1262 1426 autem
1323 1363 1540 1426 altaris
1599 1363 1836 1425 dictum
1899 1366 2015 1439 est,
2075 1363 2185 1426 sed
2242 1383 2362 1426 non
2421 1362 2705 1426 additum

408 1474 507 1535 est
570 1469 973 1546 „incensi“:
1042 1469 1329 1533 additum
1386 1472 1483 1533 est
1541 1472 1752 1532 autem
1820 1469 2265 1533 effundendum
2335 1468 2707 1552 sanguinem

417 1579 541 1655 „ad
606 1579 856 1641 basem
927 1576 1272 1651 altaris“;
1343 1595 1461 1639 non
1521 1576 1695 1651 dixit,
1755 1577 1834 1639 ad
1889 1577 2107 1640 basem
2166 1577 2323 1654 eiua,
2382 1579 2704 1658 tamquam
2750 1604 2803 1641 ιο

410 1702 670 1749 necesse
734 1682 965 1746 fuisset
1029 1680 1189 1744 illud
1256 1683 1448 1745 altare
1508 1682 1812 1764 accipere,
1873 1682 2055 1746 cuius
2116 1702 2348 1746 cornua
2404 1681 2707 1765 sanguine

409 1790 750 1873 tetigisset.
817 1788 1073 1871 proinde
1122 1789 1413 1869 quamuis
1464 1788 1763 1872 ambigue
1814 1789 1899 1851 sit
1943 1789 2246 1871 positum,
2294 1789 2562 1852 liberum
2613 1794 2713 1852 est

412 1902 623 1961 tamen
684 1896 772 1958 ita
829 1895 1197 1978 intellegere
1257 1896 1519 1973 factum,
1581 1899 1651 1958 ut
1706 1897 1912 1959 fuerat
1967 1900 2110 1959 ante
2166 1904 2574 1977 praeceptum
2634 1896 2710 1958 de

412 2004 619 2068 uitulo
677 2021 788 2083 pro
847 2007 1132 2084 peccatO,
1183 2006 1255 2066 ut
1302 2023 1420 2067 non
1481 2003 1616 2066 eius
1678 2004 1892 2067 altaris
1953 2022 2187 2067 cornua
2241 2006 2411 2068 tacta
2466 2003 2710 2066 intelle-

415 2130 663 2193 gamus,
716 2109 792 2172 ad
842 2109 1024 2172 cuius
1073 2110 1289 2173 basem
1349 2110 1531 2173 fusus
1592 2114 1691 2173 est
1747 2111 2029 2193 sanguiS,
2089 2109 2199 2173 sed
2256 2112 2429 2173 tacta
2483 2128 2712 2172 cornua
2755 2139 2807 2175 ιε.

416 2216 632 2280 altaris
709 2216 978 2292 incensi,
1055 2215 1270 2279 fusum
1348 2221 1560 2280 autem
1639 2217 2009 2299 sanguinem
2075 2217 2152 2280 ad
2216 2217 2432 2280 basem
2498 2217 2712 2280 altaris

417 2322 887 2387 sacrificiorum.

508 2427 835 2511 SuperiuS,
870 2428 1016 2512 quia
1057 2429 1430 2512 generaliter
1467 2430 1909 2513 praecipiebat.
1943 2431 1997 2495 si
2037 2430 2327 2496 sacerdos
2366 2431 2712 2513 peccasset,

418 2535 630 2617 ipsum
682 2535 1069 2598 sacerdotem
1117 2539 1381 2599 unctum
1430 2540 1494 2599 et
1543 2540 2072 2612 consummatum,
2115 2557 2300 2619 quem
2348 2538 2491 2600 uult
2535 2537 2713 2601 intel-

418 2641 546 2725 legi
605 2661 925 2705 summum
983 2641 1395 2718 sacerdotem,
1456 2644 1765 2707 sacrificia
1820 2645 1945 2708 ista
1999 2645 2194 2708 iussit
2249 2644 2492 2716 offerre:
2552 2663 2716 2707 nuuc
2755 2674 2812 2708 ε.»

423 2766 593 2824 uero,
655 2767 799 2811 cum
856 2748 1288 2812 sanctificatur
1341 2750 1571 2826 Aaron,
1627 2750 1885 2834 Moyses
1942 2753 2123 2816 offert
2179 2754 2242 2816 et
2297 2753 2431 2833 ipse
2490 2753 2720 2834 accipit

421 2855 866 2934 pectusculum
915 2855 1338 2936 inpositioniS,
1392 2856 1560 2937 quod
1601 2861 1785 2921 antea
1820 2859 2225 2939 praelocutus
2268 2862 2367 2922 est
2405 2859 2718 2923 sacerdoti

425 2978 563 3024 esse
599 2959 892 3024 dandum.
933 2960 1077 3024 inde
1117 2966 1324 3025 autem
1358 2966 1513 3045 puto
1545 2964 1989 3045 pectusculum
2020 2964 2423 3045 inpositionis
2456 2965 2717 3038 dictum,

427 3066 576 3148 quia
621 3066 1039 3148 inponebatur
1084 3066 1226 3131 inde
1276 3067 1488 3150 adopS,
1532 3069 1702 3133 sicut
1739 3071 2260 3135 commemorauit
2306 3071 2597 3154 superius
2645 3069 2719 3133 de

428 3172 734 3236 sacrificio
815 3173 1130 3237 salutaris
1218 3193 1360 3238 cum
1439 3193 1587 3258 ergo
1663 3176 1956 3240 uideatur
2019 3177 2096 3239 ab
2160 3177 2366 3241 Aaron
2435 3176 2719 3260 coepisse
2760 3209 2816 3249 25

429 3298 753 3343 summum
803 3280 1248 3358 sacerdotium,
1299 3280 1449 3362 quid
1497 3284 1796 3364 putamus
1846 3282 2044 3347 fuisse
2090 3283 2395 3366 Moysen?
2453 3283 2508 3347 si
2555 3282 2719 3346 enim

429 3386 723 3449 sacerdos
771 3406 892 3449 non
943 3386 1083 3463 fuit,
1134 3388 1448 3468 quomodo
1496 3409 1607 3471 per
1652 3388 1834 3452 illum
1884 3390 2095 3453 omnia
2137 3390 2250 3453 illa
2305 3389 2720 3473 gerebantur?

431 3491 485 3556 si
534 3496 745 3556 autem
792 3493 932 3568 fuit,
982 3495 1294 3575 quomodo
1346 3515 1667 3559 summum
1726 3497 2147 3561 sacerdotium
2207 3498 2282 3562 ab
2340 3497 2478 3560 eius
2534 3496 2722 3559 fratre

613 3739 636 3790 1
681 3736 746 3790 cf.
785 3737 914 3789 Leu.
954 3738 1004 3796 8,
1045 3738 1076 3790 2
1211 3739 1241 3790 6
1283 3737 1346 3792 cf.
1387 3738 1516 3791 Leu.
1557 3739 1606 3801 8,
1650 3739 1731 3792 14.
1775 3740 1838 3792 15
1981 3741 2044 3795 10
2082 3741 2212 3794 Lau.
2252 3743 2303 3804 8,
2348 3741 2410 3793 15
2547 3739 2612 3791 21
2656 3737 2725 3791 cs.

432 3823 563 3877 Leu.
602 3825 652 3888 8,
691 3826 759 3877 29
869 3828 937 3878 25
979 3825 1045 3878 cf.
1082 3825 1212 3879 Leu.
1251 3828 1302 3888 4,
1346 3828 1411 3879 10

510 3985 532 4036 l
579 4001 704 4053 ergo
746 3986 806 4052 (s.
849 3984 884 4036 l.
924 4001 990 4040 m.
1031 3988 1070 4037 2
1107 3989 1223 4053 pro)
1275 3983 1328 4037 V
1448 3985 1481 4037 2
1521 3984 1635 4054 sed]
1678 3984 1819 4053 quod
1859 3986 1921 4037 N
2046 3985 2077 4036 4
2119 3986 2510 4054 aspargendum
2548 3985 2735 4039 P¹SV

435 4077 466 4127 5
506 4073 675 4125 basim
719 4072 920 4126 Sl'2bd
1011 4074 1040 4124 7
1082 4073 1390 4141 asparsione
1430 4073 1482 4126 V
1549 4074 1580 4126 8
1613 4076 1697 4125 est
1725 4090 1825 4126 om.
1857 4073 1923 4125 N
2010 4076 2074 4126 16
2114 4091 2296 4126 uasem
2324 4072 2391 4126 N
2471 4074 2540 4128 20
2567 4074 2730 4126 iussit

437 4163 596 4231 (exp.)
647 4163 698 4214 V
827 4163 888 4215 21
936 4161 1124 4214 offeret
1170 4163 1214 4214 (J
1359 4164 1566 4232 accepit
1606 4162 1887 4216 P¹S¹NV¹
2023 4163 2091 4215 22
2130 4163 2513 4232 propositionis
2552 4162 2734 4216 SVP²

435 4251 820 4321 prepositionis
851 4250 924 4302 P¹
1062 4250 1623 4320 quod--inpositionis
1653 4267 1754 4304 om.
1794 4249 1841 4303 C
1945 4253 2012 4305 ‘26
2043 4252 2207 4320 enini]
2241 4269 2368 4320 ergo
2397 4250 2735 4304 P¹SVT¹bcz

434 4345 504 4395 27
546 4340 945 4408 generabantur
980 4338 1045 4391 N
1148 4339 1216 4391 28
1256 4339 1362 4392 fuit
1399 4356 1498 4395 om.
1553 4339 1600 4390 V
