3076 4976
628 492 1105 558 Quaestionum
1152 491 1263 546 lib.
1312 492 1358 544 V
1407 492 1696 561 &Quacst
1738 493 1811 547 de
1850 494 2414 559 Deuteronomio).
2539 500 2675 562 415

369 689 541 753 dam:
601 687 758 752 filii
818 688 1111 752 uitiosi.
1186 687 1350 752 unde
1408 707 1527 752 non
1587 707 1816 771 magna
1866 688 2178 770 quaestiO,
2237 688 2433 752 immo
2491 689 2669 753 nulla

370 799 487 858 cst.
567 793 675 858 sed
733 792 897 856 illud
952 792 1176 857 merito
1237 793 1316 857 ad
1374 793 1804 875 quaerendum
1874 799 2110 869 mouet,
2172 793 2226 857 si
2291 796 2678 878 generaliter

371 899 614 964 dictum
672 902 801 963 est:
868 903 1383 983 peccauerunt
1447 920 1585 965 non
1654 899 1718 963 ei
1774 936 1859 945 —
1919 900 2217 982 quoniam
2275 901 2384 981 qui
2444 907 2676 983 peccat

368 1025 501 1070 non·
548 1006 663 1071 deo
724 1010 966 1089 peccat,
1023 1006 1087 1070 id
1144 1010 1243 1070 est
1298 1026 1420 1071 non
1470 1006 1584 1071 deo
1632 1010 1836 1083 nocet,
1885 1007 1997 1070 sed
2045 1006 2168 1071 sibi
2214 1044 2301 1052 —
2350 1008 2674 1089 quomodo

303 1142 329 1179 5
369 1111 871 1195 intellegendum
912 1112 1015 1189 sit,
1056 1112 1222 1194 quod
1264 1113 1325 1176 in
1366 1113 1610 1196 psalmo
1650 1112 1914 1193 legitur:
1966 1112 2109 1176 tibi
2149 1113 2294 1177 soli
2333 1114 2674 1195 peccaui,

370 1221 436 1283 et
483 1218 543 1282 in
592 1218 947 1283 Hieremia:
1007 1218 1149 1282 tibi
1197 1220 1706 1301 peccauimus,
1756 1219 2134 1302 patientia
2180 1219 2501 1297 Israhel,
2552 1219 2670 1283 do-

365 1326 580 1403 mine,
623 1326 957 1390 etiterum
996 1326 1057 1391 in
1096 1326 1373 1408 psalmo:
1425 1345 1605 1389 sana
1651 1327 1968 1390 animam
2016 1345 2271 1401 meam,
2314 1326 2668 1407 quoniam

364 1432 676 1515 peccaui
726 1433 891 1507 tibi,
942 1436 1007 1496 et
1053 1436 1264 1496 utrum
1316 1433 1434 1497 hoc
1484 1433 1570 1497 sit
1616 1451 1909 1515 ..peccare
1951 1433 2104 1496 deo-⁶
2153 1433 2324 1515 quod
2368 1451 2665 1515 „peccare

369 1539 430 1602 in
481 1539 742 1603 denm“.
792 1540 957 1603 unde
1007 1540 1097 1603 ait
1140 1539 1289 1603 Heli
1340 1539 1666 1604 sacerdos:
1718 1540 1781 1602 si
1828 1541 1895 1603 in
1948 1540 2162 1604 deum
2209 1539 2670 1622 peccauerit,

276 1677 328 1716 10
369 1645 536 1726 quis
587 1646 834 1709 orabit
880 1664 1007 1729 pro
1058 1650 1181 1710 eo?
1232 1645 1439 1710 dicam
1481 1666 1629 1731 crgo
1678 1646 1927 1709 interim
1978 1645 2131 1728 quid
2178 1646 2331 1709 mihi
2382 1646 2442 1709 in
2490 1665 2663 1728 prae·

366 1753 565 1816 sentia
604 1753 917 1818 uideatur.
967 1753 1344 1837 intellegent
1389 1756 1662 1818 fortasse
1710 1754 1953 1835 aliquid
1989 1753 2239 1830 melius,
2282 1753 2389 1835 qui
2427 1752 2668 1817 melius

365 1860 519 1923 haec
577 1860 852 1943 sapiunt,
903 1864 1014 1924 aut
1061 1861 1251 1924 etiam
1301 1881 1413 1925 nos
1463 1861 1586 1924 alio
1637 1865 1940 1942 tempore,
1991 1864 2296 1942 quantum
2346 1861 2665 1925 adiuuerit

366 1965 681 2031 dominns.
766 1985 1061 2048 „peccare
1120 1966 1181 2029 in
1231 1966 1456 2031 deum“
1515 1970 1614 2031 est
1657 1966 1720 2030 in
1771 1967 1871 2030 his
1919 1986 2178 2049 peccare
2228 1986 2387 2049 quae
2436 1967 2514 2031 ad
2562 1967 2663 2030 dei

365 2073 609 2136 cultum
659 2074 992 2154 pertinent.
1071 2092 1211 2136 nam
1272 2074 1414 2149 hoc,
1473 2074 1644 2155 quod
1701 2073 2214 2148 commemoraui,
2272 2073 2427 2136 nihil
2485 2073 2660 2137 aliud

275 2208 325 2248 ιε,
363 2179 629 2251 indicat:
682 2180 773 2243 sic
824 2180 986 2243 enim
1037 2179 1383 2261 peccabant
1429 2180 1545 2243 filii
1581 2180 1752 2255 Heli,
1801 2179 2032 2262 quibus
2070 2181 2191 2244 hoc
2227 2184 2405 2262 pater
2443 2199 2660 2243 eorum

363 2286 537 2349 dixit.
591 2286 683 2349 sic
732 2285 1219 2349 existimandum
1271 2291 1370 2349 est
1416 2286 1662 2368 peccari
1712 2287 1901 2350 etiam
1949 2286 2010 2350 in
2051 2287 2337 2351 homines
2378 2287 2484 2368 qni
2523 2306 2662 2368 per-

363 2392 568 2456 tinent
625 2392 702 2456 ad
761 2392 977 2467 deum:
1039 2413 1181 2456 nam
1231 2393 1352 2457 hoc
1401 2393 1556 2457 deus
1602 2394 1842 2478 legitur
1888 2395 2117 2458 dixisse
2166 2393 2242 2457 ad
2288 2394 2661 2458 Abimelech

368 2500 445 2563 de
505 2499 716 2564 Sarra:
786 2504 1188 2582 propterea
1243 2501 1546 2584 peperci
1604 2502 1778 2578 tibi,
1843 2521 1925 2566 ne
1982 2520 2338 2584 peccares
2397 2503 2466 2564 in
2522 2520 2658 2566 me.

372 2625 667 2688 „peccare
708 2610 921 2670 antem
961 2607 1251 2671 domino“
1299 2608 1403 2671 uel
1441 2608 1657 2689 potius
1706 2627 2038 2690 „peccasse
2077 2607 2371 2672 domino“
2410 2644 2493 2652 -—
2533 2607 2658 2670 nisi

269 2744 325 2782 20
364 2712 526 2777 forte
576 2713 812 2777 alicubi
861 2714 1169 2795 scriptum
1221 2719 1508 2779 occurrat
1565 2715 1734 2798 quod
1786 2714 1936 2778 huic
1993 2715 2209 2778 sensui
2264 2714 2524 2778 resistat
2567 2752 2660 2760 —

365 2819 431 2883 hi
488 2820 643 2884 mihi
706 2821 1004 2885 uidentur
1067 2840 1188 2886 non
1255 2822 1548 2886 inmerito
1608 2822 1754 2897 dici,
1814 2822 1921 2904 qui
1981 2822 2150 2904 piam
2205 2821 2654 2903 paenitentiam

364 2927 610 3009 peccati
685 2927 785 2992 sui
859 2947 980 2992 non
1058 2930 1282 3012 agunt,
1348 2932 1423 2991 nt
1488 2928 1876 3012 glorificetur
1938 2928 2273 3013 ignoscens
2341 2927 2662 2993 dominuS.

368 3023 622 3098 causam
675 3033 906 3116 quippe
953 3034 1221 3098 reddens
1260 3035 1468 3098 Dauid
1509 3053 1623 3098 cnr
1659 3035 1909 3099 dixerit:
1960 3036 2099 3099 tibi
2151 3034 2292 3100 soli
2341 3036 2656 3117 peccaui

365 3145 440 3204 et
495 3141 909 3225 malignum
969 3160 1210 3205 coram
1270 3144 1340 3205 te
1398 3141 1576 3216 feci,
1637 3142 1912 3206 subiecit
1959 3146 2023 3205 et
2069 3142 2185 3206 ait:
2244 3145 2326 3205 ut
2373 3142 2657 3205 iustifi-

271 3277 326 3316 ει,
364 3247 556 3310 ceris
605 3247 674 3311 in
727 3248 1200 3312 sermonibus
1251 3248 1406 3313 tuis
1448 3253 1520 3313 et
1570 3248 1830 3313 uineas
1872 3248 2659 3315 cumiudica1·is:siue

365 3372 508 3417 cum
551 3353 708 3419 dicit
746 3354 931 3418 deus:
981 3354 1317 3418 iudicate
1365 3354 1561 3419 inter
1607 3374 1717 3418 ine
1759 3360 1828 3418 et
1867 3356 2161 3420 uineam
2200 3374 2460 3424 meam:
2514 3355 2651 3419 siue

364 3460 440 3524 de
515 3460 768 3525 domino
832 3462 980 3526 Iesu
1049 3462 1299 3526 Christo
1376 3462 1815 3545 intellegatur,
1883 3463 1991 3545 qui
2068 3463 2244 3527 solus
2317 3461 2657 3525 uerissime

540 3671 572 3722 5
610 3668 699 3722 Ps.
738 3669 825 3733 50,
865 3670 897 3722 6
1006 3670 1040 3722 6
1077 3669 1313 3723 Hiereni.
1358 3671 1440 3731 14,
1483 3669 1529 3724 7.
1571 3672 1603 3722 8
1714 3670 1744 3722 7
1784 3669 1873 3722 Ps.
1912 3671 1998 3732 40,
2040 3673 2071 3724 5
2182 3670 2214 3723 9
2252 3669 2278 3722 1
2316 3669 2450 3739 Reg.
2493 3671 2541 3730 2,
2582 3669 2656 3721 25

365 3755 429 3809 18
470 3755 600 3812 Gen.
641 3758 726 3822 20,
768 3758 801 3811 6
909 3759 978 3812 23
1016 3757 1104 3812 Ps.
1144 3760 1229 3820 50,
1272 3759 1303 3811 6
1412 3759 1482 3812 26
1520 3759 1609 3813 Es.
1650 3759 1699 3822 5,
1742 3758 1773 3810 3

431 3882 463 3934 3
505 3880 576 3948 ei]
622 3883 678 3932 et
705 3879 764 3933 N
871 3883 906 3934 4
944 3880 1068 3948 deo]
1111 3880 1159 3933 ei
1200 3880 1273 3933 bcl
1309 3896 1411 3934 om.
1441 3880 1724 3934 PSVA'U
1852 3887 1986 3949 post
2023 3884 2212 3951 peccat
2246 3898 2366 3949 sup.
2398 3881 2494 3935 lin.
2525 3896 2647 3949 pos.

361 3985 428 4021 m.
468 3972 508 4021 2
546 3968 644 4022 deo
694 3969 769 4035 U,-
804 3970 866 4023 in
902 3970 956 4022 P
980 3975 1109 4037 post
1149 3975 1338 4038 peccat
1372 3977 1533 4037 repet.
1573 3987 1678 4022 non
1719 3975 1924 4040 peccat.
1965 3987 2105 4037 quae
2139 3970 2326 4023 eadem
2371 3969 2657 4022 uocabula

362 4058 592 4124 repetita
628 4057 690 4109 in
729 4056 774 4110 S
808 4057 910 4111 dez.
1023 4061 1054 4111 6
1094 4061 1149 4109 ct
1186 4073 1288 4110 om.
1321 4057 1506 4110 S¹UN
1639 4059 1891 4111 *ieremia
1931 4058 1979 4110 V
2002 4058 2260 4111 iheremia
2298 4058 2347 4110 T
2452 4058 2480 4109 7
2523 4058 2653 4125 qnia

358 4145 648 4200 PSVde
753 4147 785 4198 9
825 4147 927 4215 ait]
970 4150 1031 4199 ut
1067 4146 1285 4200 NP¹U¹
1324 4151 1379 4200 et
1417 4146 1459 4200 S
1602 4147 1908 4216 peccauerit
1947 4148 2029 4200 nir
2064 4146 2115 4199 T
2146 4147 2452 4216 peccauerit
2487 4146 2652 4199 homo

364 4234 542 4294 (bomo
580 4250 622 4288 8.
656 4235 689 4288 l.
718 4251 786 4288 m.
811 4238 864 4300 2)
908 4235 955 4287 V
1065 4236 1129 4289 10
1168 4236 1347 4288 orauit
1370 4234 1675 4289 P¹S¹V¹U¹
1794 4237 1851 4289 11
1896 4236 2089 4305 aliqui·
2129 4235 2176 4286 V
2287 4237 2349 4289 17
2390 4235 2457 4288 ad
2488 4235 2647 4288 (lenm

359 4339 458 4377 om.
500 4323 627 4378 5¹1]
768 4325 832 4377 21
876 4324 1154 4394 quippiam
1195 4325 1335 4378 NH*
1482 4327 1550 4378 22
1589 4325 1719 4393 non]
1761 4341 1900 4377 nunc
1939 4325 2013 4377 bd
2049 4342 2119 4377 er.
2166 4324 2217 4377 T
2341 4326 2408 4378 24
2447 4323 2648 4378 malum

355 4412 492 4467 Noa
598 4413 668 4466 26
706 4413 901 4482 ineam]
940 4414 1154 4467 uincam
1201 4413 1252 4467 T
1393 4413 1508 4479 siue
1561 4414 1608 4466 V
1709 4414 1777 4466 ‘27
1820 4413 2018 4467 christo
2057 4431 2157 4468 om.
2199 4413 2243 4468 S
