3076 4976
1202 552 1631 605 Praefatio
2353 554 2562 617 XXIII

361 749 654 814 Codicem
734 769 805 813 ex
878 749 1267 812 bibliotheca
1330 748 1653 811 Nationali
1719 747 2144 810 intercedente
2209 730 2562 813 Ministerio

275 856 704 920 Vindobonam
755 856 1197 919 transmissum
1246 855 1385 937 ipse
1435 854 1697 917 contuli.

356 964 613 1026 Praeter
662 963 913 1026 codices
963 982 1153 1044 supra
1202 961 1552 1042 descriptos
1601 960 1757 1023 mihi
1814 959 2340 1024 bibliothecarum
2401 972 2566 1024 cata-

275 1071 447 1151 logos
496 1070 919 1150 perscrutanti
970 1069 1034 1132 hi
1083 1070 1513 1131 innotuerunt.
1590 1070 1616 1130 1
1673 1066 2179 1131 Mediolanenses
2231 1067 2351 1130 duo
2399 1088 2562 1131 saec.

273 1176 383 1239 XV
430 1176 491 1238 in
544 1176 835 1258 catalogo
887 1195 921 1237 a
959 1175 1225 1238 Bandini
1275 1168 1562 1238 confecto
1612 1178 1657 1237 t.
1701 1175 1726 1236 Ι
1769 1178 1830 1237 et
1871 1175 1951 1237 ΙΙ.
1994 1176 2031 1237 2
2083 1175 2271 1239 codex
2312 1174 2564 1263 Casina-

270 1283 462 1346 tensis
526 1284 675 1347 174.
739 1284 797 1344 8.
858 1283 897 1344 3
957 1280 1147 1344 codex
1195 1279 1523 1343 Parisinus
1585 1282 1757 1343 2046
1817 1298 1978 1343 saec.
2030 1280 2233 1345 XIIII.
2285 1283 2324 1343 4
2374 1281 2565 1344 codex

271 1408 326 1453 n.
374 1390 502 1452 350
562 1407 727 1452 saec.
777 1387 892 1450 XV
951 1388 1057 1469 qui
1115 1387 1179 1450 iu
1237 1386 1624 1449 bibliotheca
1683 1386 1757 1449 de
1811 1385 2125 1449 l'Arsenal
2183 1392 2563 1451 asseruntur.

356 1496 445 1558 De
472 1495 692 1559 codice
717 1494 1108 1577 Sangallensi
1139 1496 1209 1557 11
1244 1495 1526 1557 conferas
1561 1512 1793 1574 quaeso
1825 1493 2229 1569 „Notice‘sur
2259 1496 2563 1575 quelques
2634 1490 2674 1552 S

270 1606 465 1665 textes
524 1602 761 1664 inedits
820 1602 896 1664 de
953 1601 1219 1663 l’ancien
1278 1600 1649 1663 Testament
1703 1619 1816 1681 par
1872 1598 1958 1663 M.
2022 1599 2277 1663 Samuel
2333 1602 2570 1683 Berger

270 1709 440 1771 Paris
507 1710 720 1772 1893“
786 1728 931 1790 pag.
996 1710 1074 1770 16
1126 1728 1259 1788 sqq.
1321 1708 1489 1769 hunc
1547 1706 1826 1769 codicem
1886 1706 2320 1770 vindobonam
2382 1708 2570 1770 inter-

271 1815 528 1878 cedente
606 1816 927 1898 praefecto
1005 1814 1428 1877 bibliothecae
1478 1813 1931 1877 Vniuersitatis
1979 1812 2486 1876 vindobonensis
2536 1833 2570 1878 a

270 1923 604 2004 praefectis
636 1922 1062 1985 bibliothecae
1088 1920 1518 2003 Sangallensis
1551 1919 2095 1984 reuerendissimis
2123 1921 2567 1983 transmissum

268 2028 400 2108 ipse
450 2029 699 2093 contuli
748 2048 1087 2109 meumque
1126 2028 1185 2089 in
1229 2048 1417 2091 usum
1457 2031 1669 2091 totum
1705 2026 2128 2108 transscripsi.
2179 2027 2392 2089 futuro
2432 2029 2567 2091 eius

270 2135 457 2216 partis
505 2134 886 2216 Hieronymi
936 2134 1159 2197 editori
1212 2134 1265 2196 si
1311 2137 1535 2213 poscet
1580 2133 2004 2197 libentissime
2054 2134 2315 2196 donabo.

351 2241 733 2322 Hieronymi
807 2241 1037 2304 librum
1106 2240 1218 2303 Iob
1287 2240 1362 2302 ad
1432 2240 1774 2303 editionem
1842 2240 2116 2303 Vallarsi
2182 2246 2228 2304 t.
2295 2240 2569 2305 XXVIII

267 2346 418 2429 (508
468 2347 636 2410 falso
686 2346 990 2409 XXVIIII
1042 2346 1351 2427 scriptum
1402 2351 1526 2415 est)
1576 2346 1960 2426 comparaui.

360 2453 631 2518 Codices
696 2472 854 2534 quos
915 2453 1245 2534 percensui
1310 2452 1367 2516 in
1435 2452 1592 2516 duas
1656 2452 1929 2516 familias
1995 2453 2347 2528 discedunt,
2411 2472 2569 2536 quae

270 2579 410 2624 cum
461 2561 612 2624 aliis
660 2560 851 2623 rebus
901 2561 1066 2624 inter
1113 2579 1178 2623 se
1230 2559 1526 2623 differunt
1572 2565 1708 2624 tum
1760 2561 1969 2622 uerbis
2018 2580 2163 2644 pag.
2206 2563 2356 2634 522.
2400 2563 2570 2624 13-

269 2669 412 2744 524,
455 2670 540 2731 25
588 2673 698 2730 aut
738 2667 1002 2750 integris
1046 2672 1156 2730 aut
1194 2668 1466 2736 mutilis,
1507 2671 1573 2731 et
1613 2687 1826 2731 earum
1875 2665 2006 2729 GP
2033 2688 2220 2731 unam
2265 2668 2567 2748 efficiunt,

271 2772 382 2836 TC
425 2773 763 2838 codicibus
815 2775 1011 2837 altera
1060 2777 1586 2856 repraesentatur.
1664 2793 2045 2856 quamquam
2092 2775 2238 2838 libri
2288 2774 2567 2857 singulas

269 2881 504 2944 classes
559 2879 907 2943 efficientes
955 2899 1256 2962 persaepe
1301 2881 1365 2943 in
1416 2881 1754 2944 uerborum
1804 2880 2038 2945 ordine.
2097 2880 2158 2943 in
2208 2882 2568 2963 conspicuis

264 2987 653 3051 lectionibus
714 2987 1136 3062 consentiunt.
1194 2992 1408 3051 tamen
1467 2987 1608 3050 aliis
1660 2987 2296 3052 dissimilitudinibus
2344 2988 2430 3051 ita
2480 2987 2567 3050 di-

273 3098 458 3169 stant.
524 3097 604 3155 ut
663 3093 1073 3157 manifestum
1138 3094 1221 3157 sit
1283 3113 1390 3158 eos
1451 3113 1574 3158 non
1639 3115 1708 3158 ex
1771 3095 1992 3158 eodem
2049 3097 2221 3158 fonte
2277 3114 2567 3159 manasse

270 3200 376 3263 sed
425 3201 629 3264 alium
680 3219 750 3262 ex
809 3200 929 3263 alio
990 3200 1328 3282 exemplari
1387 3200 1776 3282 descriptum
1835 3220 1995 3264 esse.
2082 3221 2296 3265 omnes
2354 3205 2567 3264 autem

268 3306 517 3370 codices
573 3306 695 3369 etsi
744 3310 1028 3370 recentes
1080 3310 1231 3371 sunt
1280 3310 1343 3371 et
1388 3309 1582 3371 uariis
1631 3308 1935 3372 uitiorum
1984 3307 2319 3391 generibus
2365 3309 2566 3389 inqui-

268 3414 392 3476 nati
439 3418 658 3476 tamen
697 3417 867 3476 recte
905 3414 1226 3478 aestimati
1266 3419 1458 3497 atque
1497 3415 1765 3479 adhibiti
1805 3415 1882 3477 ad
1921 3414 2254 3479 mundiora
2289 3415 2565 3478 auctoris

266 3520 455 3583 uerba
503 3517 825 3582 reddenda
872 3520 1218 3584 sufficiunt.

355 3626 689 3689 Editiones
768 3645 927 3707 quae
1003 3632 1113 3692 aut
1179 3629 1387 3691 omnia
1451 3629 1798 3692 uoluminis
1863 3629 2135 3692 XXVIII
2205 3648 2389 3711 opera
2457 3633 2568 3690 aut
2595 3638 2894 3693 Editiones.

267 3732 519 3816 singula
552 3734 1067 3814 complectuntur
1095 3754 1309 3798 omnes
1344 3754 1708 3817 percensere
1750 3756 1782 3799 a
1821 3754 1962 3798 meo
1996 3735 2259 3798 consilio
2292 3734 2564 3798 alienum

268 3842 381 3904 est.
461 3858 622 3920 quas
683 3838 793 3921 qui
850 3858 1228 3923 cognoscere
1277 3841 1505 3905 uolunt
1554 3841 1779 3905 adeant
1825 3840 2326 3905 Schoenemanni
2368 3841 2565 3905 libros

268 3945 374 4026 qui
421 3945 863 4021 „Bibliotheca
910 3946 1550 4011 historico-litteraria
1597 3953 1846 4031 patrum
1887 3947 2291 4011 Latinorum“
2346 3948 2564 4011 inscri-

267 4049 505 4115 buntur
552 4052 614 4115 II
661 4071 804 4136 pag.
856 4055 940 4118 86
990 4073 1124 4136 sqq.
1174 4053 1329 4117 mihi
1382 4073 1487 4117 eas
1536 4058 1783 4119 tantum
1835 4069 2197 4118 enumerare
2244 4055 2306 4117 in
2356 4054 2561 4118 animo

269 4160 364 4220 est
419 4178 584 4240 quae
642 4161 1097 4241 opusculorum
1157 4161 1615 4225 emendationis
1675 4162 2090 4243 conspicuum
2158 4180 2560 4244 progressum

268 4283 409 4344 prae
460 4284 529 4329 se
578 4266 806 4331 ferunt.
857 4270 1008 4331 sunt
1054 4270 1267 4331 autem
1316 4267 1476 4331 duae
1523 4267 1967 4351 potissimum:
2017 4269 2225 4333 Editio
2273 4269 2563 4351 princeps

271 4389 425 4449 quae
485 4373 775 4436 Basileae
834 4392 993 4437 anno
1058 4375 1228 4436 1506
1287 4375 1452 4456 apud
1510 4374 1599 4437 10.
1659 4374 2145 4438 Amerbachium
2207 4373 2446 4455 prodiit
2502 4378 2566 4437 et

273 4477 460 4542 editio
526 4478 982 4544 Monachorum
1051 4479 1114 4545 S.
1176 4480 1506 4545 Benedicti
1574 4499 1605 4545 e
1675 4482 2161 4565 congregatione
2230 4480 2291 4545 S.
2355 4481 2562 4544 Mauri
