3076 4976
956 514 1491 569 Adnotationum
1530 516 1594 568 in
1632 514 1748 568 Iob
1788 515 1962 568 liber
1997 513 2039 569 Ι.
2509 518 2640 580 603

349 715 436 774 ut
482 712 741 775 tollas
792 731 925 776 eos
966 711 1055 776 de
1105 713 1458 788 saeculo,
1509 712 1648 776 sed
1694 716 1782 777 ut
1828 712 2086 777 tollas
2138 730 2273 775 eos
2323 731 2359 776 a
2406 711 2637 774 male.

351 816 908 900 circumposui
990 819 1125 884 illi
1210 821 1494 884 nubem
1569 819 2196 902 operimentum:
2274 837 2396 882 non
2473 816 2635 881 enim

352 924 498 987 boni
545 928 814 1002 tantum,
867 926 977 989 sed
1025 927 1215 990 etiam
1263 927 1415 991 mali
1462 926 1647 990 multi
1699 929 2138 1008 amatoresque
2174 926 2369 989 huius
2407 923 2644 988 saeculi

353 1035 737 1095 sacramento
796 1032 1075 1115 corporis
1126 1033 1362 1098 Christi
1409 1034 1684 1098 subiecti
1734 1037 1902 1110 sunt,
1952 1033 2135 1097 cuius
2184 1031 2561 1096 auctoritate
2610 1049 2644 1093 a

289 1162 314 1200 5
354 1141 713 1202 sanctorum
778 1141 1215 1222 persecutione
1279 1141 1726 1224 reprimuntur.
1796 1145 1873 1206 et
1937 1141 2236 1204 nebula
2301 1138 2644 1204 obuolui

352 1243 597 1311 illud:
663 1246 1039 1329 ignorantia,
1109 1268 1232 1331 qna
1296 1251 1606 1313 terrenam
1672 1248 1817 1313 inde
1884 1250 2216 1329 expectant
2276 1245 2645 1308 felicitatem

354 1353 790 1433 terrenamque
856 1353 1298 1418 infelicitatem
1354 1356 1620 1428 timent:
1681 1358 1744 1420 et
1799 1358 2132 1436 propterea
2185 1353 2413 1416 timent
2468 1369 2645 1433 quoa,

355 1457 476 1520 nisi
529 1458 621 1523 ita
678 1463 865 1525 esset.
923 1464 1464 1544 persequerentur.
1542 1480 1661 1525 non
1721 1462 1885 1525 enim
1947 1461 2154 1526 solnm
2215 1459 2454 1523 dictum
2514 1460 2645 1521 est:

358 1564 598 1628 edent
680 1586 1074 1648 pauperes
1162 1572 1237 1631 et
1321 1569 1950 1645 saturabuntur,
2032 1570 2108 1631 et
2187 1565 2644 1631 laudabunt

268 1697 319 1733 ιο
358 1671 754 1736 dominum
823 1675 956 1755 qni
1018 1675 1452 1757 requirunt
1519 1694 1722 1751 eum,
1792 1674 1904 1738 sed
1967 1673 2158 1738 etiam
2216 1672 2456 1736 dictum
2517 1673 2647 1734 est:

355 1778 1056 1844 manducauerunt
1148 1785 1224 1845 et
1318 1782 1877 1846 adorauerunt
1969 1799 2235 1844 omnes
2333 1777 2646 1841 diuites

355 1890 641 1949 terrae.
695 1890 771 1949 et
815 1888 1057 1967 posui
1106 1887 1241 1952 illi
1289 1888 1682 1952 terminos
1732 1888 2129 1969 inponens
2170 1885 2538 1949 claustra
2576 1886 2652 1946 et

356 1995 671 2073 portas:
720 1993 1152 2071 terminos,
1205 1995 1436 2076 quibus
1477 1995 1746 2058 saeuitia
1786 1994 2173 2064 cohibeatur,
2214 2010 2337 2055 non
2377 1993 2451 2054 ut
2488 1989 2647 2053 nihil

358 2097 636 2181 adfligat,
687 2099 798 2162 sed
848 2119 974 2182 quo
1032 2119 1237 2182 nsque
1295 2105 1600 2176 exerceat,
1661 2101 2059 2175 claustra,
2117 2101 2190 2161 ut
2245 2096 2470 2161 iniusti
2529 2114 2651 2158 non

269 2233 318 2270 ιε»
353 2205 855 2287 progrediantur,
902 2211 1201 2288 portas,
1254 2211 1326 2271 ut
1372 2208 1449 2270 ab
1497 2207 1589 2271 eis
1637 2207 1794 2271 insti
1839 2205 2261 2289 egrediantur.
2321 2207 2397 2267 et
2454 2201 2651 2265 dixi:

358 2310 508 2374 hnc
558 2331 812 2393 usque
860 2314 1141 2377 uenies
1192 2316 1270 2377 et
1307 2333 1457 2378 non
1496 2313 1935 2377 transibis:
1977 2312 2148 2375 sient
2182 2309 2321 2392 ipse
2361 2308 2652 2373 diabolus

361 2418 620 2482 modum
680 2419 944 2502 accepit,
996 2439 1119 2503 qno
1172 2440 1373 2503 usque
1422 2420 1736 2505 affligeret
1778 2420 1915 2497 Iob,
1965 2418 2055 2483 ita
2101 2415 2264 2481 illud
2310 2433 2481 2478 mare
2530 2432 2653 2496 qno

365 2545 567 2609 usque
623 2532 1112 2610 persequeretur
1167 2528 1525 2593 ecclesiam.
1585 2527 1722 2592 sed
1776 2527 1853 2590 in
1910 2528 2160 2589 temet
2224 2524 2397 2605 ipso
2467 2539 2660 2585 com-

365 2633 833 2697 minuentur
888 2635 1206 2699 fluctus
1264 2635 1420 2699 tui:
1479 2636 1721 2699 alterna
1778 2632 2138 2696 uastatione
2200 2627 2657 2694 discordiarum

274 2769 327 2806 20
367 2743 555 2820 atque
604 2740 936 2804 bellorum.
1015 2743 1153 2805 ant
1197 2741 1584 2823 numquid
1629 2744 1894 2803 tecum
1944 2740 2205 2803 lucem
2254 2731 2662 2800 constitui

367 2846 894 2910 matutinam?
976 2847 1041 2910 id
1118 2852 1247 2912 est:
1325 2847 1589 2912 consilio
1663 2850 1775 2911 tuo
1852 2848 2105 2927 tempus
2182 2838 2662 2907 resurrectionis

365 2952 883 3033 praedestinani?
941 2958 1080 3017 aut
1136 2955 1529 3038 cognouit
1585 2954 1892 3017 lucifer
1961 2950 2319 3015 ordinem
2386 2947 2662 3011 snum?

369 3059 877 3124 subaudiendum
959 3065 1059 3124 est
1138 3061 1560 3143 „numquid
1633 3059 1992 3123 tecum“‘?
2058 3057 2382 3122 dominnm
2451 3055 2663 3115 autem

367 3164 703 3229 luciferum
737 3166 892 3231 dicit
919 3171 1174 3250 propter
1201 3169 1412 3250 ipsum
1443 3167 1833 3231 matutinum
1853 3160 2332 3228 resurrectionis
2356 3166 2665 3223 exortum.

276 3302 331 3340 εὖ
370 3290 492 3334 non
562 3273 728 3336 enim
796 3273 871 3338 de
948 3275 1070 3339 alio
1149 3274 1272 3338 dici
1347 3274 1592 3356 potnit:
1671 3273 1748 3335 et
1820 3270 2123 3334 lucifer
2197 3268 2517 3331 oriatur
2588 3264 2665 3327 in

372 3378 757 3443 cordibus
825 3400 863 3442 n
887 3379 1155 3445 estriS.
1222 3378 1362 3461 ipse
1425 3379 1689 3462 agnouit
1754 3377 2034 3440 ordinem
2101 3393 2309 3450 suum,
2367 3376 2442 3434 ut
2498 3372 2670 3434 esset

370 3484 790 3567 primitiae
849 3486 1452 3563 dormientium,
1510 3483 1974 3568 primogenitus
2036 3502 2070 3546 a
2125 3478 2416 3553 mortuis,
2478 3479 2670 3558 caput

373 3591 698 3668 ecclesiae,
783 3594 1080 3656 secuturo
1167 3591 1360 3655 etiam
1442 3609 1700 3672 corpore
1783 3589 1848 3652 in
1929 3587 2143 3650 futura
2216 3581 2669 3647 resurrectione

375 3702 758 3763 sanctorum.
801 3697 1410 3781 adprehendere
1449 3714 1750 3778 pennas
1790 3695 2103 3758 terrae?
2145 3691 2386 3754 dictum
2429 3691 2557 3752 est:
2600 3687 2668 3751 si

554 3893 586 3943 2
624 3890 721 3943 Iob
760 3891 847 3946 38.
887 3891 919 3943 9
1012 3892 1043 3944 5
1083 3888 1180 3942 Iob
1219 3888 1305 3951 38,
1346 3889 1377 3939 9
1470 3888 1502 3939 9
1541 3887 1629 3939 Ps.
1670 3886 1764 3948 21,
1797 3884 1864 3936 27
1962 3884 2023 3938 11
2064 3884 2152 3936 Ps.
2192 3882 2281 3943 21,
2322 3883 2390 3935 30
2468 3880 2531 3931 12
2570 3877 2668 3932 Iob

376 3980 462 4044 38,
506 3981 570 4034 10
665 3983 729 4034 15
767 3978 865 4032 Iob
905 3979 989 4041 38,
1032 3980 1092 4032 ll
1195 3978 1258 4030 18
1295 3975 1393 4029 Iob
1434 3975 1519 4039 38,
1564 3976 1625 4028 11
1720 3975 1789 4027 20
1829 3972 1925 4025 Iob
1966 3971 2052 4031 38,
2096 3971 2161 4024 12
2253 3971 2321 4023 22
2359 3969 2456 4022 Iob
2488 3968 2574 4033 38,
2607 3968 2673 4021 12

377 4070 447 4122 25
486 4068 541 4122 11
579 4068 724 4122 Petr.
771 4070 815 4132 1,
859 4070 923 4122 19
1032 4068 1100 4120 27
1140 4066 1167 4119 1
1205 4065 1323 4119 Cor.
1367 4067 1452 4128 15,
1489 4065 1561 4117 20
1671 4064 1738 4115 29
1772 4061 1870 4114 Iob
1912 4060 1996 4123 38,
2032 4060 2097 4113 13
2206 4057 2296 4111 Ps.
2340 4058 2457 4121 138,
2498 4057 2530 4109 9

450 4175 482 4229 3
520 4175 722 4227 saeculi
759 4172 918 4227 huius
955 4174 1010 4226 P
1115 4176 1146 4226 5
1187 4171 1412 4225 obnului
1450 4170 1495 4224 S
1604 4170 1669 4222 12
1708 4172 1765 4220 et
1799 4168 2079 4236 imponens
2124 4164 2170 4219 0
2313 4165 2377 4217 13
2419 4164 2604 4231 portus
2643 4160 2675 4214 b

381 4264 448 4316 14
485 4280 592 4316 non
631 4279 733 4316 om.
782 4266 824 4315 C
1005 4263 1070 4315 20
1111 4260 1369 4313 constitui
1406 4260 1581 4313 lucem
1622 4257 1943 4309 matutinam
1983 4254 2126 4308 Hier
2282 4253 2347 4306 21
2391 4267 2510 4305 cum
2550 4266 2675 4302 con-

378 4352 500 4405 silio
541 4351 615 4404 bd
702 4352 771 4404 22
810 4351 1041 4419 cognoui
1081 4349 1126 4403 S
1258 4365 1405 4401 suain
1447 4346 1493 4401 S
1579 4346 1647 4398 28
1687 4343 2074 4398 resurrectione
2111 4340 2297 4394 futura
2332 4339 2387 4393 P
2475 4338 2542 4391 29
2582 4354 2675 4408 ap-

378 4439 652 4508 prehende
697 4439 884 4493 CHier
1026 4456 1205 4509 poenas
1246 4439 1285 4490 d
1320 4439 1509 4506 pinnas
1550 4434 1593 4488 S
