3076 4976
460 478 589 542 460
1170 474 1222 527 S.
1282 474 1557 527 Aureli
1611 473 2048 543 Augustini

460 669 516 735 si
545 669 774 734 tentati
805 669 869 734 in
901 670 991 734 eis
1021 689 1142 733 nou
1173 669 1419 751 reprobi
1448 669 1886 734 inuenirentur
1915 668 2133 749 eisque
2171 668 2409 732 talibus
2448 667 2750 745 inuentis,

459 777 680 860 quales
730 795 837 841 eos
887 794 1026 841 esse
1076 775 1298 840 debere
1345 779 1749 857 praeceperat
1797 774 2110 851 (lominus,
2159 774 2286 839 iam
2333 777 2556 859 gentes
2601 773 2750 837 illae

458 883 852 947 auferrentur
916 900 953 945 a
1014 881 1174 946 facie
1243 900 1484 959 eorum,
1555 881 1607 944 si
1674 881 1763 945 ita
1829 881 2139 958 uiuerent,
2207 900 2322 945 nec
2387 880 2573 944 bellis
2640 898 2751 943 eos

457 989 726 1053 exerceri
758 991 1091 1070 oporteret.
1123 988 1318 1052 uerba
1347 988 1513 1052 enim
1545 987 1785 1052 domini
1814 987 2146 1070 hucusque
2178 986 2542 1069 accipienda
2572 990 2752 1050 sunt:

459 1100 792 1178 propter
868 1093 1076 1176 quod
1154 1097 1383 1158 tanta
1457 1094 1915 1175 dereliquit
1979 1113 2171 1177 gens
2246 1094 2441 1158 haec
2505 1095 2750 1157 testa·
2819 1115 2846 1153 ⁵

461 1205 810 1266 mentum
868 1221 1143 1277 meum,
1202 1201 1409 1284 quod
1467 1200 1839 1265 mandaui
1894 1201 2272 1282 patribus
2334 1219 2625 1277 eorum,
2676 1204 2756 1263 et

459 1328 605 1373 non
675 1307 1222 1373 oboedierunt
1286 1307 1472 1372 uoci
1529 1326 1764 1385 meae,
1826 1310 1905 1371 et
1959 1325 2099 1390 ego
2157 1326 2308 1371 non
2367 1306 2752 1388 adponam

463 1416 783 1480 auferre
850 1415 1111 1478 uirum
1161 1433 1197 1477 a
1244 1414 1454 1477 facie
1502 1414 1867 1495 ipsorum
1914 1412 2114 1475 —id
2162 1416 2262 1477 est
2318 1411 2754 1477 aduersarium

458 1560 546 1567 —
594 1524 804 1586 cetera
848 1540 999 1585 uero
1049 1520 1246 1584 uerba
1292 1520 1620 1602 scriptoris
1670 1523 1819 1584 sunt
1864 1520 2253 1602 exponentis,
2302 1518 2468 1584 unde
2526 1519 2756 1584 dixerit

461 1628 752 1693 dominus
811 1647 929 1692 non
980 1646 1047 1691 se
1105 1627 1461 1691 ablaturum
1523 1626 1732 1690 uirum
1792 1626 1867 1690 de
1925 1626 2221 1710 gentibus
2280 1646 2437 1708 quas
2496 1626 2758 1709 reliquit
2796 1650 2850 1688 ιο

458 1736 640 1799 Iesus
688 1733 860 1797 filius
907 1732 1108 1798 Naue.
1160 1733 1387 1798 deinde
1436 1733 1849 1816 subiungens,
1899 1752 2022 1816 qua
2070 1751 2263 1797 causa
2320 1732 2754 1815 dereliquerit,

461 1843 538 1904 et
603 1839 948 1916 dimisit,
1016 1839 1226 1921 inquit
1290 1839 1380 1903 ad
1445 1839 1921 1904 tentandum
1973 1840 2046 1902 in
2114 1839 2231 1903 eis
2288 1840 2633 1917 Israhel,
2687 1840 2753 1904 si

463 1947 907 2012 obseruant
972 1947 1183 2011 uiam
1233 1946 1536 2011 domini
1604 1945 1824 2010 abire
1871 1946 1946 2010 in
1998 1965 2184 2024 eam,
2253 1947 2755 2029 quemadmo-

461 2054 638 2117 dum
696 2053 1280 2118 custodierunt
1324 2056 1603 2135 patres
1663 2072 1930 2116 eorum
1982 2072 2069 2116 an
2128 2072 2298 2128 non,
2358 2071 2466 2118 eos
2526 2054 2753 2117 uolens

455 2160 742 2244 intellegi
789 2164 999 2241 patres
1050 2160 1408 2225 custodisse
1446 2160 1621 2224 uiam
1660 2159 1918 2236 domini,
1961 2160 2067 2242 qui
2107 2160 2364 2223 fuerunt
2400 2179 2545 2224 cum
2583 2160 2754 2237 Iesu,
2797 2183 2849 2222 ιε

456 2266 521 2331 id
590 2270 688 2331 est
753 2286 824 2331 eo
901 2270 1182 2349 tempore
1251 2287 1373 2349 quo
1442 2267 1548 2331 ille
1625 2266 1906 2330 uiuebat.
1985 2266 2450 2350 generationem
2519 2267 2755 2349 quippe

458 2374 718 2437 alteram
758 2374 1051 2455 superius
1090 2374 1311 2438 retulit
1351 2374 1694 2439 surrexisse
1732 2377 1880 2457 post
1917 2373 2084 2451 illos,
2126 2373 2236 2455 qui
2276 2373 2571 2437 uixerunt
2608 2392 2754 2437 cum

455 2481 622 2557 Iesu,
690 2486 753 2546 et
818 2481 894 2546 ab
959 2481 1118 2564 ipsis
1187 2481 1474 2565 coepisse
1541 2480 2076 2566 transgressiones
2144 2500 2302 2564 quae
2369 2479 2758 2546 offenderent

460 2587 814 2652 dominum:
884 2609 994 2671 pro
1061 2588 1293 2671 quibus
1361 2589 1703 2665 tentandis,
1769 2588 1837 2652 id
1901 2591 1999 2653 est
2060 2588 2419 2671 probandiS,
2493 2588 2753 2653 relictae

456 2694 708 2758 fuerant
755 2696 975 2777 gentes
1022 2712 1137 2757 nec
1187 2694 1631 2757 exterminatae
1679 2714 1792 2776 per
1838 2694 2074 2757 Iesum.
2790 2719 2844 2758 20

547 2799 788 2863 Deinde
862 2818 940 2863 ne
1015 2803 1347 2882 putaretur
1419 2799 1537 2864 hoc
1613 2800 1795 2865 Iesus
1872 2800 2136 2865 consilio
2223 2821 2336 2865 suo
2421 2804 2750 2882 tamquam

454 2907 730 2970 humano
816 2905 1046 2989 egisse,
1131 2909 1203 2968 ut
1277 2909 1497 2988 gentes
1582 2905 1725 2969 illae
1809 2906 2330 2988 relinquerentur,
2417 2907 2755 2991 subiungit

462 3013 805 3094 scriptura:
886 3014 963 3076 et
1030 3011 1354 3075 dimisit
1428 3011 1803 3076 dominus
1869 3016 2154 3096 gentes
2223 3014 2382 3088 haS,
2451 3017 2538 3077 ut
2601 3032 2748 3078 non

460 3119 824 3183 auferret
860 3117 1056 3182 illas
1099 3118 1502 3192 celeriter;
1545 3123 1623 3182 et
1661 3139 1808 3183 non
1848 3119 2200 3185 tradidit
2231 3139 2362 3184 eas
2403 3119 2477 3182 in
2518 3139 2751 3183 manu

460 3224 665 3288 Iesu.
726 3224 947 3288 deinde
1005 3224 1329 3306 sequitur:
1396 3228 1472 3288 et
1551 3226 1690 3289 hae
1770 3229 2056 3309 gentes
2132 3244 2328 3307 quas
2403 3226 2753 3308 reliquit
2791 3253 2846 3292 2⁵

458 3331 717 3404 IesuS,
767 3334 855 3394 ut
903 3333 1268 3396 tentaret
1312 3331 1388 3394 in
1439 3331 1556 3395 eis
1604 3332 1943 3409 Israhel,
1996 3352 2265 3397 omnes
2315 3332 2445 3414 qui
2494 3332 2750 3396 nesci-

459 3440 695 3500 erunt
751 3437 1014 3501 omnia
1067 3437 1291 3501 bella
1348 3437 1740 3513 Chanaan,
1799 3458 2072 3503 uerum
2129 3442 2462 3521 propter
2525 3458 2748 3522 gene·

459 3542 827 3607 rationes
876 3543 1248 3608 filiorum
1298 3544 1615 3608 Israhel
1665 3544 1951 3609 docere
2001 3544 2198 3609 illos
2248 3546 2574 3610 bellum.
2616 3549 2754 3610 erat

637 3787 669 3838 5
707 3785 822 3840 Iud.
862 3787 911 3849 2,
951 3787 1020 3841 20
1131 3789 1200 3840 25
1236 3786 1353 3841 Iud.
1393 3788 1444 3851 3,
1490 3791 1531 3841 l.
1573 3788 1621 3841 2.
1663 3789 1694 3842 3

533 3936 557 3988 1
600 3937 779 3988 tentat
802 3936 864 3989 N
1004 3936 1211 3990 inuenti
1247 3938 1313 3990 N
1450 3937 1482 3990 3
1522 3936 1831 3990 auferentur
1865 3937 2127 3992 PS¹NV²
2272 3943 2335 3991 ut
2370 3955 2468 3992 nec
2505 3938 2572 3992 N
2600 3955 2668 3992 ne
2706 3939 2760 3993 T

455 4023 489 4075 4
526 4022 798 4092 hocusque
834 4023 900 4077 N
1023 4026 1054 4077 6
1092 4024 1383 4079 mandauid
1420 4024 1485 4078 N
1597 4026 1628 4078 9
1670 4025 1879 4079 dixerat
1914 4025 2204 4080 PSVde
2333 4029 2397 4081 12
2438 4028 2491 4080 in
2531 4028 2608 4080 eis
2645 4045 2751 4082 om.

455 4110 741 4166 PSVde
849 4115 914 4168 13
954 4113 1242 4167 obseruent
1279 4113 1457 4168 1⁷de
1602 4131 1665 4167 ea
1703 4115 1820 4167 ΡΝ
1830 4116 2004 4169 VTbcz
2116 4117 2180 4169 18
2219 4116 2559 4170 offenderunt
2605 4115 2757 4170 V²bd

458 4200 526 4255 20
564 4201 741 4255 serant
789 4200 855 4252 V¹
1037 4203 1102 4255 21
1146 4208 1366 4271 taquam
1406 4207 1485 4266 (ta
1522 4219 1563 4256 s.
1607 4203 1640 4257 l.
1682 4204 1811 4257 add.
1851 4222 1918 4258 m.
1955 4208 2014 4270 2)
2054 4206 2110 4259 Ρ
2286 4206 2354 4259 24
2393 4206 2515 4259 illas
2552 4221 2655 4259 om.
2705 4205 2761 4258 V

456 4305 619 4342 manu
655 4290 854 4359 scripsi
890 4306 1010 4345 cum
1048 4291 1113 4344 d:
1149 4308 1338 4345 manus
1376 4291 1530 4345 codd.
1706 4293 1774 4346 25
1813 4289 1945 4364 ἔθνη
1979 4291 2070 4345 <ἃ>
2097 4291 2298 4364 ἀφῆκεν
2334 4294 2396 4346 in
2433 4295 2548 4350 cod.
2587 4295 2751 4349 Ale-v.

458 4377 735 4447 leyendum
773 4384 850 4431 est
