3076 4976
546 490 669 552 132
1245 484 1298 536 S.
1356 483 1628 537 Aureli
1692 483 2124 552 Augustini

541 702 701 765 quae
766 685 988 764 postea
1055 685 1203 743 sunt
1266 679 1582 743 instituta.
1673 697 1877 760 neque
1943 679 2111 742 enim
2178 683 2241 742 et
2305 679 2410 742 hic
2478 679 2554 742 de
2619 678 2810 742 futuro

539 791 781 854 dictum
840 789 1122 869 accipere
1180 806 1545 867 possumus.
1603 785 1771 849 sicut
1825 786 2065 850 dictum
2118 791 2217 850 est
2264 785 2341 849 de
2391 805 2616 849 manna
2661 785 2809 867 quod

538 897 819 980 positum
869 899 967 957 est
1013 894 1075 956 in
1124 912 1276 956 uase
1325 912 1532 956 aureo.
1583 911 1731 974 ergo
1779 895 1922 955 ant-e
1971 892 2158 956 deum
2208 891 2272 955 id
2320 893 2606 973 accipere
2645 892 2808 954 debe·

536 1023 681 1067 mus
744 1003 1005 1070 factum,
1072 999 1240 1082 quod
1303 999 1367 1063 in
1435 1000 1736 1063 honorem
1810 999 1909 1062 dei
1974 1000 2214 1063 sactum
2283 1006 2413 1065 est:
2483 1001 2595 1063 ubi
2661 1000 2810 1063 enim

542 1128 664 1173 non
716 1109 918 1172 deus?
2872 1126 2893 1162 s

627 1215 879 1279 LXVII.
929 1214 1185 1296 Moyses
1234 1231 1450 1276 socero
1498 1211 1655 1275 dicit
1721 1213 1896 1294 quia
1943 1213 2156 1276 uenit
2204 1214 2290 1277 ad
2340 1234 2450 1278 me
2499 1215 2812 1297 populus

541 1323 920 1404 inquirere
966 1319 1337 1383 iudicium
1388 1339 1421 1382 a
1470 1318 1633 1392 deo;
1686 1337 1846 1382 cum
1905 1320 2202 1395 (enim)
2252 1322 2361 1384 eis
2413 1319 2814 1403 contigerit

541 1428 1009 1511 disceptatio
1060 1431 1132 1490 et
1179 1425 1528 1490 uenerint
1587 1424 1672 1487 ad
1729 1444 1858 1500 me,
1908 1425 2166 1490 iudico
2216 1446 2815 1508 unumquemque

541 1540 615 1599 et
661 1553 917 1600 moneo
960 1553 1084 1598 eos
1125 1536 1527 1614 praecepta
1567 1531 1685 1595 dei
1726 1535 1795 1595 et
1834 1532 2077 1614 legem
2118 1533 2303 1597 eius.
2356 1535 2571 1616 quaeri
2619 1541 2816 1616 potest

541 1641 855 1723 quomodo
914 1641 1038 1703 ista
1086 1639 1344 1721 Moyses
1402 1638 1648 1712 dixerit,
1699 1657 1845 1701 cum
1902 1638 1999 1701 lex
2060 1639 2158 1702 dei
2207 1639 2414 1704 adhuc
2462 1640 2639 1704 nulla
2686 1659 2815 1704 con·
2852 1659 2895 1697 m

540 1748 775 1830 scripta
813 1752 1000 1811 esset.
1049 1745 1172 1810 nisi
1212 1745 1359 1826 quia
1395 1744 1494 1808 lex
1534 1744 1636 1807 dei
1675 1745 2054 1826 sempiterna
2093 1751 2212 1822 est,
2253 1765 2444 1828 quam
2494 1748 2820 1812 consulunt

543 1874 759 1919 omnes
805 1854 946 1936 piae
995 1856 1261 1926 mentes,
1310 1857 1386 1914 ut
1434 1852 1602 1932 quod
1647 1851 1708 1914 in
1760 1871 1832 1915 ea
1878 1852 2254 1931 inuenerint,
2295 1856 2402 1918 uel
2449 1855 2684 1918 faciant
2728 1854 2822 1917 uel

540 1961 798 2024 iubeant
835 1961 938 2024 uel
977 1963 1214 2034 uetent‚
1265 1958 1613 2022 secundum
1654 1958 1823 2039 quod
1860 1959 1970 2022 illa
2009 1959 2517 2024 incommutabili
2564 1961 2821 2024 ueritate

540 2066 946 2150 praeceperit.
1011 2063 1319 2146 numquid
1380 2063 1545 2127 enim
1594 2064 1872 2145 Moyse8‚
1936 2065 2229 2145 quamuis
2291 2084 2436 2128 cum
2497 2067 2611 2131 illo
2675 2068 2820 2132 deus

540 2176 924 2255 loqueretur,
972 2191 1083 2252 per
1130 2171 1384 2254 singula
1432 2169 1812 2234 credendum
1864 2173 1983 2244 est,
2025 2171 2194 2251 quod
2233 2172 2562 2236 consulere
2602 2174 2822 2238 soleret
2857 2191 2897 2229 1⁵

540 2282 751 2357 deum,
810 2279 864 2342 si
920 2278 1073 2360 quid
1129 2282 1299 2341 esset
1353 2277 1414 2339 in
1474 2277 2044 2359 disceptationibus
2106 2281 2317 2342 tantae
2376 2280 2822 2345 multitudinis,

541 2407 701 2471 quae
758 2387 939 2450 illum
995 2385 1058 2448 in
1117 2385 1235 2448 hoc
1293 2383 1614 2447 iudicandi
1673 2384 1929 2466 negotio
1990 2403 2024 2448 a
2080 2404 2262 2449 mane
2310 2406 2515 2467 usque
2583 2387 2663 2451 ad
2727 2408 2824 2451 ue-

540 2514 789 2578 speram
855 2493 1216 2557 detinebat‘?
1285 2496 1348 2556 et
1413 2496 1627 2555 tamen
1694 2491 1815 2555 nisi
1883 2510 2033 2555 suae
2100 2493 2300 2558 menti
2365 2495 2824 2576 praesidentem

541 2601 864 2665 dominum
915 2599 1275 2663 consuleret
1319 2600 1653 2681 legemque
1703 2599 1838 2662 eius
1888 2601 2203 2662 aeternam
2255 2601 2572 2683 sapienter
2615 2602 2824 2666 adten-

541 2707 738 2783 deret,
806 2704 958 2787 quid
1023 2703 1450 2767 iustissimum
1516 2703 1794 2767 iudicare
1860 2704 2024 2767 inter
2090 2705 2519 2786 disceptantes
2593 2712 2896 2790 possenna

539 2834 661 2879 non
710 2813 1040 2877 inueniret.

628 2919 913 2984 LXVHI.
964 2919 1034 2982 In
1084 2936 1156 2981 eo
1206 2917 1373 2999 quod
1404 2917 1621 2981 Iothor
1667 2918 1998 2982 consilium
2041 2918 2149 2982 dat
2186 2939 2414 3003 genero
2455 2940 2571 2984 suo
2603 2921 2825 3003 Moysi.

539 3047 616 3091 ne
684 3030 1029 3107 occupatus
1097 3024 1349 3087 iudiciis
1412 3024 1633 3106 populi
1683 3028 1747 3087 et
1792 3025 1928 3105 ipse
1980 3028 2042 3090 et
2086 3027 2364 3107 populus
2424 3032 2830 3091 consumatur

538 3132 1023 3214 consumptione
1068 3131 1469 3197 intolerabili.
1520 3130 1720 3213 prima
1788 3133 2070 3213 quaestio
2139 3138 2254 3208 est,
2324 3153 2434 3197 c-ur
2494 3135 2612 3199 hoc
2677 3135 2828 3199 deus

538 3240 845 3304 famulum
911 3258 1121 3313 suum,
1184 3256 1329 3301 curn
1390 3257 1514 3318 quo
1578 3239 1712 3319 ipse
1773 3242 1951 3302 tanta
1999 3244 2062 3303 et
2109 3240 2260 3304 talia
2306 3241 2707 3322 loquebatur,
2759 3242 2899 3307 aba

524 3346 895 3429 alienigena
940 3364 1168 3427 passus
1211 3347 1310 3407 est
1348 3344 1690 3409 admoneri.
1738 3346 1800 3408 in
1842 3365 1964 3427 quo
2006 3347 2314 3428 scriptura
2353 3367 2466 3412 nos
2517 3349 2828 3423 admonet,

540 3472 652 3535 per
699 3452 1047 3534 quemlibet
1092 3450 1410 3515 hominem
1460 3451 1645 3515 detur
1691 3452 2024 3516 consilium
2073 3454 2385 3533 ueritatis,
2436 3473 2557 3519 non
2608 3455 2828 3520 debere

540 3558 879 3624 contemni.
954 3556 1301 3621 uidendum
1378 3558 1589 3633 etiam,
1666 3577 1744 3622 ne
1807 3558 1969 3623 forte
2034 3560 2121 3623 ibi
2186 3562 2465 3627 uoluerit
2532 3563 2688 3627 deus
2760 3564 2826 3628 ab

540 3664 897 3748 alienigena
962 3663 1279 3729 admoneri
1346 3664 1632 3746 Moysen,
1701 3665 1809 3728 ubi
1877 3670 1941 3730 et
2003 3666 2213 3749 ipsum
2281 3672 2502 3749 posset
2565 3673 2828 3735 temt-are

723 3910 756 3962 2
797 3910 860 3962 cf.
904 3912 1111 3977 quaest.
1152 3907 1273 3961 LXI
1383 3909 1416 3961 6
1453 3907 1550 3963 Ex.
1595 3910 1676 3970 18,
1721 3910 1803 3963 15.
1847 3911 1912 3964 16
2023 3912 2090 3964 22
2130 3910 2196 3966 cf.
2236 3910 2331 3969 Ex.
2376 3914 2458 3976 18,
2503 3914 2568 3967 18

614 4052 648 4103 4
684 4050 884 4103 honore
925 4049 970 4101 S
1112 4050 1145 4101 6
1193 4066 1373 4102 socero
1413 4066 1509 4102 suo
1549 4049 1739 4104 PSM
1923 4051 2056 4105 dixit
2104 4052 2230 4106 I'bd
2374 4056 2403 4108 7
2453 4056 2598 4108 enim
2637 4056 2832 4111 addidi

543 4141 575 4194 8
614 4140 821 4193 indie-o
865 4140 912 4193 C
945 4138 1144 4200 iudicio
1192 4139 1241 4191 T
1329 4142 1388 4193 11
1433 4142 1718 4194 consolunt
1754 4141 1820 4194 N
1901 4143 1966 4195 13
2005 4157 2110 4211 que
2157 4141 2207 4195 Τ
2240 4158 2342 4196 om.
2382 4142 2459 4196 1²¹
2548 4147 2616 4198 14
2654 4162 2828 4216 prece·

544 4229 723 4298 perint
752 4229 783 4282 b
862 4231 926 4281 15
956 4227 1185 4297 sengula
1220 4230 1284 4281 C·
1359 4231 1428 4282 22
1458 4235 1529 4287 (et
1549 4247 1610 4297 p.
1636 4233 1765 4293 133,
1799 4233 1848 4284 2.
1880 4232 1934 4297 6)
1965 4232 2106 4283 ictor
2140 4230 2187 4284 C'
2213 4232 2387 4285 iethro
2409 4232 2595 4287 PSTb
2629 4235 2765 4289 ietro
2792 4233 2834 4285 Γ

543 4320 610 4371 23
650 4322 1112 4371 consummaretur
1148 4318 1262 4370 PV
1296 4323 1700 4372 consumeretur
1736 4319 1913 4373 Sde
2063 4321 2133 4373 24
2172 4325 2641 4378 consummatione
2681 4323 2834 4379 PVT

545 4405 612 4459 28
647 4404 937 4458 uid-:ndum
977 4409 1059 4458 est
1100 4406 1130 4459 b
1240 4408 1308 4460 29
1347 4407 1563 4477 aligena
1606 4408 1650 4461 C
