3076 4976
398 467 525 530 292
1103 462 1156 518 S.
1212 461 1487 517 Aureli
1544 459 1982 530 Augustini

398 660 568 742 quod
612 659 907 742 prohibet
955 659 1029 724 de
1078 677 1265 723 uxore
1312 658 1531 740 patris,
1580 656 1701 721 hoc
1742 661 1842 721 est
1879 656 1955 721 de
1993 674 2284 734 nouerca,
2323 656 2474 721 uiuo
2514 662 2691 739 patre

398 766 833 850 accipiendum
880 769 981 831 est
1028 771 1092 831 et
1139 786 1258 830 non
1307 765 1524 848 potius
1572 768 1844 830 mortuo,
1922 784 2063 828 nam
2122 763 2273 828 uiuo
2320 767 2500 846 patre
2548 765 2692 848 quis

397 892 520 938 non
577 873 795 937 uideat
848 873 1052 937 multo
1110 873 1379 937 maxime
1435 871 1847 953 prohibitum,
1905 871 1961 934 si
2020 869 2365 935 cuiuslibet
2419 870 2691 934 hominis

396 998 551 1043 uxor
615 978 818 1044 aliena
880 978 1200 1062 prohibita
1265 982 1363 1043 est
1425 977 1729 1042 maculari
1796 977 2152 1042 adulterio?
2237 976 2313 1041 de
2377 977 2479 1041 his
2545 996 2691 1062 ergo

395 1085 681 1169 personis
747 1086 1003 1151 uidetur
1065 1086 1262 1168 loqui,
1331 1105 1490 1167 quae
1546 1087 1808 1167 possent
1862 1104 1983 1149 non
2041 1084 2345 1149 hahentes
2402 1084 2574 1149 uiros
2629 1084 2693 1148 in
2758 1103 2783 1144 5

396 1193 866 1257 matrimonium
927 1193 1284 1270 conuenire,
1340 1192 1463 1256 nisi
1519 1192 1659 1275 lege
1714 1190 2218 1273 prohiberentur,
2276 1192 2445 1256 sicut
2497 1190 2696 1256 fertur

397 1318 537 1363 esse
585 1299 975 1364 consuetudo
1015 1299 1370 1365 Persarum.
1428 1297 1541 1362 sed
1584 1317 1827 1376 rursus,
1878 1298 1932 1361 si
1978 1299 2169 1362 fratre
2215 1302 2464 1362 mortuo
2512 1298 2693 1362 intel·

394 1406 733 1471 lexerimus
807 1406 1198 1489 prohibitum
1275 1425 1414 1471 esse
1490 1405 1716 1470 ducere
1788 1405 1998 1470 fratris
2072 1424 2356 1483 uxorem,
2424 1404 2696 1470 occurrit

394 1512 576 1589 illud,
618 1513 787 1593 quod
835 1512 1145 1588 excitandi
1196 1512 1452 1577 seminis
1500 1530 1714 1589 causa,
1756 1513 1809 1576 si
1846 1512 1954 1577 ille
1994 1512 2129 1576 sine
2166 1512 2315 1575 filiis
2357 1512 2692 1576 defunctus

397 1622 586 1698 esset,
656 1619 836 1684 iubet
900 1619 1216 1702 scriptura
1281 1638 1420 1684 esse
1487 1619 1867 1683 faciendum.
1952 1637 2022 1682 ac
2087 1638 2199 1701 per
2259 1620 2378 1683 1100
2446 1620 2693 1684 conlata
2732 1639 2784 1677 ιο

393 1726 519 1789 ista
574 1724 998 1807 prohibitione
1057 1745 1201 1790 cum
1257 1726 1368 1789 illa
1424 1726 1729 1805 iussione,
1789 1745 1865 1790 ne
1922 1726 2195 1790 inuicem
2257 1724 2690 1799 aduersentur,

393 1832 821 1916 intellegenda
870 1836 968 1896 est
1015 1832 1319 1914 exceptio,
1369 1832 1433 1896 id
1482 1837 1584 1896 est
1629 1852 1750 1897 non
1808 1832 1998 1897 licere
2057 1832 2354 1913 cuiquam
2411 1831 2691 1896 defuncti

395 1938 605 2004 fratris
665 1937 892 2002 ducere
947 1957 1223 2011 uxorem,
1284 1939 1339 2003 si
1395 1938 1734 2003 defunctus
1798 1942 2090 2021 posteros
2149 1937 2515 2021 dereliquit;
2583 1940 2693 2002 aut

394 2045 586 2110 etiam
634 2045 794 2109 illud
844 2064 984 2109 esse
1031 2045 1444 2128 prohibitum,
1495 2066 1571 2109 ne
1619 2046 1837 2109 liceret
1885 2045 2111 2109 ducere
2166 2044 2380 2109 fratris
2436 2064 2691 2110 uxorem

394 2153 584 2216 etiam
634 2172 792 2235 quae
843 2172 879 2215 a
924 2154 1112 2216 fratre
1158 2153 1310 2216 uiuo
1352 2172 1462 2234 per
1498 2151 1833 2234 repudium
1873 2153 2265 2217 recessisset.
2314 2155 2463 2217 tunc
2505 2152 2689 2227 enim,
2732 2171 2781 2210 15

392 2259 562 2323 sicut
609 2258 900 2323 dominus
941 2259 1115 2339 dicit,
1158 2260 1233 2323 ad
1275 2260 1573 2323 duritiam
1611 2260 1990 2325 Iudaeorum
2026 2260 2283 2343 Moyses
2321 2259 2693 2342 permiserat

393 2366 537 2429 dare
586 2366 872 2429 libellum
924 2367 1168 2449 repudii
1219 2371 1283 2430 et
1338 2388 1447 2449 per
1503 2368 1664 2432 hanc
1724 2368 2157 2433 dimissionem
2213 2367 2427 2449 potuit
2482 2365 2690 2449 putari

393 2472 561 2554 quod
615 2472 791 2538 licite
841 2473 1176 2556 quisquam
1227 2474 1350 2538 sibi
1398 2495 1655 2540 uxorem
1705 2476 2031 2558 copularet
2076 2474 2307 2550 fratris.
2357 2474 2467 2539 ubi
2517 2472 2690 2539 adul-

393 2579 620 2642 terium
671 2599 790 2643 11011
842 2581 1113 2658 timeret,
1165 2583 1456 2664 quoniam
1508 2582 1768 2664 repudio
1819 2582 2243 2647 discessisset.

484 2685 678 2749 LXII.
758 2686 1384 2768 Turpitudinem
1444 2690 1821 2753 mulieris
1882 2694 1957 2753 et
2012 2689 2247 2753 filiae
2307 2688 2483 2752 eius
2541 2706 2779 2750 1101100

391 2810 525 2854 reu
550 2790 848 2856 elabis:
925 2793 991 2857 id
1057 2799 1174 2871 est,
1242 2814 1318 2859 ne
1383 2799 1570 2877 putet
1635 2796 1970 2877 quisquam
2034 2795 2226 2859 licere
2282 2795 2403 2859 sibi
2462 2792 2687 2856 ducere

393 2898 585 2962 filiam
655 2899 862 2962 uxoris
930 2919 1103 2964 suae.
1190 2901 1385 2966 simul
1451 2902 1618 2966 enim
1682 2903 1969 2966 mulieris
2028 2906 2090 2966 et
2145 2901 2312 2965 filiae
2371 2900 2506 2964 01113
2564 2918 2684 2963 11011

390 3004 544 3068 11001
590 3006 870 3069 reuelare
919 3007 1376 3089 turpitudinem
1430 3005 1641 3096 [eius],
1698 3009 1761 3072 id
1818 3014 1914 3072 est
1972 3009 2276 3073 ambabus
2325 3006 2576 3071 misceri
2625 3010 2688 3070 et

392 3111 576 3174 matri
627 3114 690 3174 et
732 3112 917 3176 filiae.

479 3218 706 3283 LXIII.
776 3219 1072 3284 Filiam
1130 3220 1302 3285 filii
1361 3222 1536 3286 eius
1585 3225 1664 3286 et
1710 3222 1977 3287 filiam
2021 3221 2260 3286 filiae
2309 3221 2481 3285 eius
2530 3239 2675 3284 non
2714 3247 2774 3288 25

391 3325 775 3407 accipies.
862 3326 1052 3390 etiam
1119 3332 1371 3408 neptem
1441 3329 1649 3392 uxoris
1716 3329 1789 3393 de
1856 3329 1984 3393 filio
2051 3329 2157 3392 uel
2224 3329 2297 3392 de
2354 3328 2483 3390 filia
2539 3325 2686 3390 duci

394 3431 738 3512 prohibuit.
816 3451 1135 3496 uxorem
1190 3453 1429 3516 super
1477 3454 1832 3499 sororem
1885 3436 2061 3499 eius
2120 3455 2263 3500 non
2323 3433 2682 3514 accipies

388 3537 464 3599 in
513 3538 793 3604 zelum.
852 3538 954 3602 hic
1003 3559 1124 3603 non
1173 3540 1500 3622 prohibuit
1547 3542 1985 3624 superducere,
2036 3542 2202 3623 quod
2247 3541 2483 3606 licebat
2529 3539 2683 3603 anti·

389 3643 531 3723 quis
586 3648 842 3725 propter
898 3645 1348 3710 abundantiam
1403 3649 1897 3731 propagationis.
1966 3649 2076 3713 sed
2144 3668 2417 3715 sororem
2486 3648 2681 3713 sorori

423 3975 454 4030 8
564 3889 597 3941 9
638 3887 705 3942 cf.
734 3888 896 3943 Dent.
929 3891 1015 3952 25,
1048 3892 1079 3945 5
1195 3893 1257 3946 16
1299 3892 1364 3946 cf.
1389 3892 1585 3947 Matth.
1623 3895 1704 3958 19,
1733 3895 1764 3948 8
1878 3894 1946 3947 20
1986 3894 2115 3948 Leu.
2150 3893 2231 3957 18,
2268 3894 2329 3946 17
2442 3894 2509 3946 25
2547 3893 2676 3946 Leu.

389 3978 413 4030 1
461 4020 472 4042 ,
516 3979 597 4032 17.
641 3978 705 4031 18

456 4119 489 4171 2
538 4118 908 4188 accipiendum
954 4125 1098 4174 esset
1135 4120 1257 4176 ,51⁷¹
1472 4126 1506 4176 4
1554 4124 1763 4178 alieana
1799 4124 1845 4179 S
2063 4125 2305 4193 personis
2352 4141 2478 4194 ergo
2516 4125 2684 4179 PVT

384 4207 417 4260 6
457 4209 741 4262 conuinere
770 4207 817 4262 S
916 4209 981 4263 13
1021 4209 1267 4265 desuetus
1307 4211 1354 4264 T
1454 4213 1519 4266 18
1559 4230 1771 4266 uxorem
1802 4212 1988 4267 om.N
2081 4215 2149 4266 22
2190 4214 2303 4266 eius
2330 4229 2374 4268 s.
2404 4213 2437 4266 l.
2467 4231 2535 4268 m.
2566 4217 2605 4268 2
2633 4213 2684 4265 V

384 4296 453 4348 23
489 4296 729 4350 rebelare
762 4296 808 4351 C'
930 4300 1063 4360 eius,
1103 4301 1249 4368 quod
1280 4301 1639 4356 CPSNV²T¹
1665 4302 1951 4371 praebent,
1988 4301 2193 4356 inclusi
2301 4304 2369 4356 24
2406 4306 2592 4359 matris
2620 4306 2686 4360 N

384 4390 451 4442 25
490 4388 682 4441 Filiam
723 4389 833 4460 filie
870 4390 917 4445 S
1020 4393 1088 4446 26
1126 4399 1344 4462 neptam
1383 4393 1506 4448 81⁷¹
