3076 4976
495 501 625 564 544
1199 495 1252 547 S.
1311 494 1584 548 Aureli
1640 494 2079 564 Augustini

491 696 554 758 in
602 692 806 758 bonis.
858 695 930 755 et
977 710 1201 774 super
1255 690 1662 774 palpebras
1724 709 1926 754 meas
1974 690 2232 753 umbra
2278 689 2576 754 mortis:
2636 692 2783 754 uolo

490 801 706 866 uidere
757 803 820 864 et
864 797 1133 880 impedit
1181 817 1280 861 me
1329 797 1722 862 consuetudo
1773 796 2064 861 carnaliS.
2115 800 2316 860 terra
2363 816 2449 861 ne
2491 796 2789 879 operiat

492 925 716 989 super
782 904 1227 988 sanguinem
1294 905 1542 968 carnis
1608 922 1839 968 meae:
1907 903 1972 966 id
2037 909 2155 979 est,
2213 923 2311 978 ne,
2361 904 2417 967 si
2481 903 2788 967 inmunda

489 1012 682 1078 fuerit
746 1011 946 1076 oratio
1013 1030 1156 1074 mea
1219 1009 1490 1092 optando
1557 1013 1825 1086 terrena,
1893 1009 2155 1075 accedat
2218 1012 2518 1074 cumulus
2584 1013 2789 1073 terrae

493 1139 683 1201 super
709 1118 1040 1182 uinculum
1061 1116 1496 1181 mortalitatis:
1531 1116 1699 1198 quod
1731 1116 2120 1200 significauit
2148 1116 2401 1181 nomine
2432 1116 2789 1200 sanguinis,
2861 1141 2890 1177 s

490 1227 557 1291 id
596 1229 715 1303 est,
762 1243 838 1288 ne
878 1223 1226 1306 cupiditate
1258 1225 1505 1287 terrena
1541 1223 1889 1287 maioribus
1930 1222 2403 1288 calamitatibus
2442 1223 2792 1288 uoluntarii

491 1332 736 1417 peccati
795 1331 1056 1410 operiar,
1117 1329 1285 1412 quod
1344 1333 1443 1393 est
1497 1328 1660 1393 illud
1717 1330 2000 1394 naturale
2056 1333 2391 1411 peccatum
2437 1329 2515 1393 de
2576 1330 2792 1394 condi-

493 1440 673 1504 cione
730 1437 1003 1502 mortali.
1071 1455 1200 1500 nec
1261 1436 1363 1500 sit
1415 1436 1636 1500 locus
1704 1436 2017 1501 clamori
2071 1455 2265 1500 meo:
2324 1435 2793 1499 intercludatur

491 1545 791 1609 meritum
841 1542 1141 1607 orationis
1182 1562 1378 1607 meae.
1420 1546 1493 1606 et
1529 1562 1725 1606 nunc
1774 1562 1945 1607 ecce
1990 1542 2061 1606 in
2112 1542 2352 1606 caelis
2401 1545 2520 1605 est
2555 1542 2789 1606 testis

493 1671 730 1715 meus:
799 1649 876 1713 de
942 1647 1196 1714 domino
1265 1648 1519 1712 uidetur
1585 1649 1816 1727 dicere,
1884 1648 2033 1730 quia
2097 1648 2373 1713 nondum
2440 1649 2501 1712 in
2553 1653 2787 1712 terram
2833 1676 2889 1713 ιο

494 1757 920 1822 descenderat.
971 1758 1045 1818 et
1092 1754 1446 1819 conscius
1493 1774 1703 1819 meus
1750 1756 1821 1819 in
1872 1755 2228 1819 excelsis:
2285 1759 2540 1838 propter
2596 1756 2790 1838 parti·

493 1864 876 1948 cipationem
959 1861 1389 1926 mortalitatis.
1470 1862 1947 1926 diiudicetur
2018 1863 2135 1925 uir
2211 1881 2372 1926 cum
2451 1861 2787 1927 domino:

493 1971 710 2035 ueniat
756 1969 1074 2044 dominus,
1123 1972 1198 2031 ut
1244 1987 1390 2032 cum
1439 1988 1511 2031 eo
1561 1968 1663 2031 uir
1707 1968 2043 2045 iudicetur,
2092 1973 2417 2050 tamquam
2475 1968 2787 2032 Iohannes

494 2097 638 2142 cum
687 2076 961 2141 Christo,
1009 2075 1072 2138 in
1123 2093 1391 2156 quorum
1441 2074 1889 2138 diiudicatione
1945 2075 2342 2159 intellegitur
2389 2075 2544 2157 quid
2592 2075 2790 2138 distet

491 2185 653 2248 inter
716 2182 1036 2245 hominem
1104 2181 1453 2264 perfectum
1513 2186 1578 2245 et
1635 2181 1821 2245 deum
1878 2182 2197 2245 hominem
2255 2183 2517 2245 factum.
2577 2180 2787 2244 sicut
2830 2209 2888 2246 ιε,

492 2291 710 2355 filius
788 2288 1111 2352 hominis
1192 2287 1279 2350 ad
1344 2287 1755 2370 proximum
1834 2308 2080 2352 suum:
2159 2287 2452 2353 dominus
2529 2287 2785 2352 homine

494 2400 792 2479 suscepto
842 2395 920 2458 ad
969 2414 1111 2457 eum
1161 2394 1269 2475 qui
1317 2393 1629 2458 inciderat
1673 2394 1736 2456 in
1777 2395 2072 2458 latrones
2120 2395 2289 2458 anni
2339 2395 2531 2457 enim
2582 2394 2784 2457 dinu—

487 2504 753 2569 merati
820 2504 1193 2565 uenerunt
1256 2500 1471 2565 mihi:
1531 2501 1697 2583 quod
1766 2501 1924 2565 mihi
1981 2520 2091 2584 per
2157 2502 2483 2567 Christum
2553 2503 2782 2565 subue-

488 2611 699 2674 niatur
744 2607 1141 2690 plenitudine
1188 2611 1565 2686 temporum.
1619 2611 1692 2671 et
1737 2608 1957 2683 uiam,
1997 2607 2067 2670 in
2110 2627 2321 2688 quam
2364 2627 2499 2671 non
2540 2627 2783 2671 reuer-

489 2721 620 2791 tar,
670 2713 1080 2796 ingrediar:
1131 2714 1301 2776 uiam
1351 2714 1749 2777 renuntiandi
1798 2712 2072 2777 saeculo.
2821 2740 2883 2780 so

576 2821 778 2884 XVII.
858 2820 1116 2883 Defeci
1195 2820 1536 2902 agitatus
1615 2821 1916 2903 spiritu.
1997 2820 2175 2885 ordo:
2263 2820 2465 2884 defeci
2551 2821 2782 2902 spiritu

488 2926 810 2991 laboribus
879 2944 1249 2991 concussus,
1319 2946 1443 2991 oro
1505 2931 1589 2991 ut
1655 2928 2009 3008 sepeliar,
2071 2931 2144 2991 et
2199 2948 2336 2992 non
2396 2928 2785 3012 contingit

489 3034 699 3098 mihi:
734 3038 808 3097 ut
827 3033 1241 3096 absorbeatur
1269 3034 1531 3097 moitale
1555 3035 1763 3098 auita.
1805 3033 2386 3118 ingemiscimus
2427 3035 2592 3098 enim
2627 3054 2782 3119 gra-

489 3141 671 3216 uati,
721 3141 792 3203 in
843 3157 983 3220 quo
1024 3140 1372 3204 nolumus
1414 3141 1752 3222 spoliari,
1796 3141 1923 3204 sed
1965 3140 2505 3222 super-uestiti,
2544 3141 2612 3204 id
2651 3145 2782 3206 est:

486 3252 807 3312 mutemur
852 3245 1067 3326 potius
1119 3265 1305 3328 quam
1363 3246 1724 3310 moriamur.
1791 3247 1959 3328 quod
2005 3248 2248 3327 utique,
2309 3248 2603 3328 quamuis
2661 3248 2784 3312 hoc
2824 3276 2886 3315 2⁵

489 3354 675 3417 homo
710 3352 942 3434 cupiat,
977 3372 1095 3416 non
1136 3353 1474 3436 contingit;
1519 3354 1708 3417 debet
1747 3354 1910 3417 enim
1950 3361 2217 3417 mortem
2261 3353 2784 3419 condemnatione

485 3459 750 3542 peccati.
800 3478 1061 3539 preces
1112 3460 1432 3523 adhibeo
1484 3479 1645 3523 cum
1691 3460 1966 3527 labore.
2028 3464 2100 3524 et
2158 3460 2335 3542 quid
2393 3461 2582 3525 feci?
2632 3481 2782 3525 non·

669 3650 691 3701 l
735 3649 830 3701 Iob
876 3650 957 3712 16,
1001 3651 1063 3704 16
1248 3653 1279 3702 2
1318 3651 1413 3703 Iob
1459 3652 1542 3715 16,
1583 3652 1652 3704 18
1813 3651 1845 3704 8
1885 3651 1980 3703 Iob
2024 3652 2104 3715 16,
2149 3653 2213 3707 18
2376 3654 2409 3705 9
2448 3653 2545 3706 Iob
2589 3654 2670 3711 16.
2712 3654 2782 3705 19

489 3739 550 3792 11
593 3738 688 3791 101)
734 3741 817 3797 16,
860 3739 925 3790 19
1063 3740 1127 3792 12
1166 3738 1262 3791 Iob
1307 3740 1388 3799 16,
1429 3741 1491 3792 21
1640 3740 1703 3792 15
1741 3739 1836 3791 Iob
1885 3740 1962 3794 16.
2003 3741 2066 3794 21
2206 3743 2268 3796 16
2310 3741 2375 3797 cf.
2416 3743 2545 3796 Luc.
2587 3743 2670 3799 10.
2712 3742 2784 3795 30

488 3830 551 3881 17
592 3827 688 3879 Iob
736 3830 814 3889 16,
854 3829 924 3879 22
1029 3829 1092 3880 19
1132 3828 1195 3881 cf.
1238 3826 1353 3881 Gal.
1394 3830 1444 3888 4,
1485 3830 1518 3881 4
1648 3827 1744 3880 101)
1790 3830 1870 3889 16,
1912 3830 1979 3880 22
2082 3830 2144 3881 21
2188 3830 2285 3883 Iob
2329 3831 2411 3892 17,
2455 3831 2478 3882 1
2576 3831 2645 3883 22
2683 3831 2784 3884 Iob

486 3917 571 3979 17,
616 3916 638 3967 l
754 3918 823 3969 24
862 3916 927 3969 cf.
967 3915 1017 3968 11
1061 3916 1177 3969 Cor.
1217 3919 1266 3978 5,
1306 3918 1342 3970 4
1451 3919 1517 3969 27
1556 3915 1653 3969 Iob
1699 3918 1780 3977 17,
1819 3918 1851 3969 2

560 4039 583 4089 1
629 4039 886 4107 palpebra
923 4056 1042 4091 mea
1085 4040 1133 4092 G
1172 4039 1483 4109 palpebram
1525 4057 1700 4093 meam
1748 4040 1928 4094 TPCb
2101 4042 2133 4094 2
2173 4043 2382 4111 operiar
2418 4041 2449 4094 b
2489 4043 2701 4111 operias
2744 4042 2793 4095 S

486 4129 517 4177 5
555 4128 907 4180 mortalitatis
946 4145 1096 4180 meae
1137 4128 1211 4180 bd
1318 4130 1350 4181 9
1391 4146 1512 4180 ecce
1551 4145 1690 4181 nunc
1735 4129 1813 4181 Cb
1928 4131 1992 4183 10
2031 4129 2270 4182 nundum
2317 4130 2364 4183 C'
2487 4134 2636 4183 terra
2678 4130 2792 4184 GP

488 4215 552 4267 13
592 4216 675 4268 uir
712 4233 813 4268 om,
860 4216 905 4269 C
1031 4217 1094 4269 17
1135 4217 1211 4269 sic
1249 4220 1500 4285 suscepto
1552 4221 1593 4269 (J
1713 4218 1775 4269 18
1816 4217 2096 4287 uenerunt]
2138 4222 2264 4271 sunt
2303 4217 2348 4271 S
2464 4219 2529 4271 19
2566 4220 2646 4287 in]
2687 4237 2790 4287 per

484 4302 558 4355 bd
593 4320 694 4357 om.
733 4304 877 4357 Hier
1057 4322 1162 4372 qua
1206 4304 1434 4358 CSHier
1614 4306 1682 4357 22
1719 4322 1826 4357 non
1865 4323 1964 4359 om.
2006 4306 2052 4360 S
2243 4309 2310 4360 ‘23
2349 4307 2488 4360 enim
2529 4323 2630 4361 om.
2677 4306 2792 4360 GP

485 4392 552 4446 25
592 4394 678 4445 hic
720 4394 750 4446 b
860 4395 927 4446 27
968 4393 1234 4445 adhibebo
1276 4392 1360 4446 dS
1500 4394 1769 4461 nonnihil]
1811 4412 1919 4447 non
1957 4394 2089 4447 mihi
2137 4395 2317 4450 TPCb
