3076 4976
455 489 583 552 350
1161 486 1214 539 S.
1268 484 1541 539 Aureli
1596 485 2039 554 Augustini

456 680 812 744 ficationis‘?
887 698 1031 743 nam
1090 682 1154 743 et
1209 678 1285 742 de
1341 678 1480 761 ipso
1542 677 1793 742 domino
1850 677 1913 741 in
1971 676 2301 761 euangelio
2358 677 2625 760 legitur:
2683 684 2756 742 et

454 787 526 850 in
577 787 870 870 signum
924 786 1045 849 cui
1096 785 1688 849 contradicetur.

543 890 865 954 XXXVII.
917 888 1102 968 Quod
1149 890 1312 953 inter
1355 888 1655 953 mandata
1695 888 1953 971 Moyses
1992 887 2071 951 ad
2108 907 2322 971 regem
2360 888 2561 952 Edoni
2600 887 2756 951 dicit

453 994 617 1061 inter
664 1001 898 1061 cetera:
959 1015 1199 1078 neque
1245 995 1592 1060 bibemus
1642 1014 1905 1076 aquam
1954 994 2038 1058 de
2085 994 2254 1059 lacu
2303 999 2460 1071 tuo,
2509 995 2753 1058 intelle-

456 1104 730 1188 gendum
775 1107 874 1167 est
919 1102 1219 1185 „g1·atis“‚
1260 1102 1327 1166 id
1373 1104 1473 1166 est
1526 1101 1714 1182 „quia
1758 1120 1882 1165 non
1933 1100 2130 1184 gratis
2177 1100 2534 1166 bibemus“.
2586 1100 2754 1182 quod
2821 1132 2846 1168 ε»

453 1214 677 1294 postea
724 1210 1092 1274 manifestat
1140 1208 1389 1273 dicens:
1452 1208 1514 1272 si
1564 1211 1813 1273 autem
1863 1207 1948 1271 de
1997 1226 2185 1288 aqua.
2231 1211 2361 1271 tua
2406 1207 2752 1271 bibemus

456 1337 590 1400 ego
642 1320 716 1380 et
761 1335 1032 1399 pecora
1079 1334 1268 1391 mea,
1320 1315 1508 1379 dabo
1557 1314 1886 1397 pretium
1932 1313 2098 1377 tibi.

545 1426 904 1489 XXXVIII.
988 1424 1149 1488 Non
1226 1423 1782 1487 declinabimus
1857 1423 1929 1486 in
1998 1421 2301 1486 dextera
2374 1440 2615 1503 neque
2678 1421 2752 1484 in

459 1532 808 1597 sinistra:
867 1530 1198 1613 pluraliter
1256 1530 1498 1593 dictum
1559 1532 1657 1594 est
1712 1529 1775 1593 in
1825 1548 1898 1592 ea
1945 1548 2104 1610 quae
2153 1529 2408 1594 dextera
2456 1534 2605 1594 sunt
2649 1531 2755 1593 uel

455 1658 615 1721 quae
665 1638 922 1702 sinistra
969 1641 1136 1702 sunt.
2794 1662 2844 1698 10

548 1743 939 1808 XXXVIIII.
988 1743 1148 1807 Non
1198 1741 1629 1806 introibitis
1670 1741 1741 1804 in
1780 1745 2053 1805 terram
2092 1761 2306 1822 quam
2348 1741 2516 1805 dedi
2555 1742 2752 1806 filiis

456 1850 761 1914 Israhel
827 1850 898 1913 in
966 1850 1563 1932 possessionem,
1633 1848 1982 1930 quoniam
2058 1848 2576 1913 exacerbastis
2641 1868 2751 1912 me

457 1976 685 2039 super
740 1975 1004 2038 aquam
1063 1955 1652 2021 maledictionis,
1729 1973 1917 2036 quam
1975 1954 2132 2017 dixit
2180 1955 2472 2036 superius
2520 1974 2751 2037 aquam

457 2063 997 2141 contradictionis,
1055 2063 1259 2144 ipsam
1316 2061 1473 2126 dicit
1528 2061 1633 2125 hic
1688 2060 2182 2131 maledictionis:
2252 2080 2373 2125 non
2440 2062 2607 2126 enirn
2664 2063 2755 2126 ait

459 2165 817 2248 ἀντιλογίας,
870 2169 979 2233 sed
1026 2169 1354 2252 λοιδορίας.
2792 2199 2842 2234 15

546 2274 676 2339 XL.
765 2276 855 2339 Et
929 2275 1149 2339 uouit
1212 2274 1508 2338 Israhel
1575 2276 1835 2338 uotum
1903 2274 2194 2339 domino
2264 2278 2337 2338 et
2402 2274 2620 2339 dixit:
2688 2277 2752 2340 si

455 2381 638 2444 mihi
698 2380 1111 2445 tradideris
1169 2382 1532 2462 populum
1592 2379 1823 2443 istum
1884 2380 2309 2445 subiectum
2358 2418 2444 2428 —
2501 2382 2567 2445 id
2624 2386 2751 2446 est:

464 2487 517 2552 si
566 2486 725 2551 mihi
774 2506 919 2551 eum
968 2486 1274 2552 tradendo
1324 2486 1672 2551 subieceris
1720 2523 1807 2534 -—
1855 2487 2347 2552 anathemabo
2406 2488 2623 2553 illum
2680 2494 2754 2554 et

461 2592 828 2657 ciuitates
870 2591 1056 2656 eius,
1096 2591 1200 2655 hic
1238 2591 1583 2656 uidendum
1623 2596 1741 2666 est,
1773 2592 2087 2673 quomodo
2129 2593 2376 2658 dictatur
2421 2595 2754 2669 „anathe-

459 2699 738 2776 mabo“‚
788 2698 960 2780 quod
1008 2701 1284 2763 uouetur
1332 2703 1395 2761 et
1441 2701 1652 2762 tamen
1700 2718 1810 2781 pro
1867 2699 2206 2764 maledicto
2262 2701 2538 2784 ponitur,
2589 2701 2756 2766 sicut
2792 2729 2845 2767 20

460 2810 524 2868 et
593 2805 667 2868 de
732 2806 858 2869 isto
927 2804 1161 2887 populo
1231 2804 1481 2871 dicitur.
1561 2805 1726 2868 unde
1783 2805 1946 2869 illud
2002 2810 2128 2870 est:
2190 2807 2252 2871 si
2311 2807 2477 2888 quis
2535 2807 2753 2873 uobis

460 2911 1125 2996 euangelizauerit
1198 2915 1730 2995 praeterquam
1807 2912 2000 2995 quod
2072 2915 2517 2996 accepistiS‚
2595 2934 2753 2979 ana-

457 3018 712 3081 thema
767 3019 892 3082 sit.
978 3017 1126 3082 hinc
1189 3018 1387 3100 uulgo
1455 3017 1719 3082 ductum
1786 3023 1904 3095 est,
1971 3023 2044 3083 ut
2099 3019 2422 3085 denotatio
2481 3020 2753 3096 dicatum

461 3143 604 3187 nam
655 3124 952 3189 denotare
1003 3143 1069 3188 se
1117 3142 1498 3207 quemquam
1555 3144 1738 3189 nemo
1797 3124 1925 3189 fere
1975 3126 2133 3190 dicit
2176 3126 2300 3190 nisi
2346 3127 2752 3194 maledicens,

548 3230 710 3295 XLI.
778 3232 870 3294 Et
918 3231 1438 3295 anathemauit
1485 3250 1651 3295 eum
1709 3236 1781 3294 et
1839 3231 2204 3297 ciuitates
2263 3232 2455 3306 eius;
2516 3238 2588 3298 et
2634 3254 2752 3299 uo-
2788 3259 2845 3299 2⁵

460 3342 711 3402 catum
780 3341 897 3402 est
959 3356 1221 3402 nomen
1285 3338 1436 3402 loci
1502 3338 1716 3401 illius
1773 3339 2205 3406 Anathema.
2288 3340 2432 3404 hinc
2490 3340 2753 3406 ductum

639 3563 663 3616 l
705 3565 832 3618 Luc.
870 3564 921 3627 2,
960 3564 1031 3618 34
1155 3566 1191 3617 4
1227 3562 1385 3618 Num.
1425 3565 1512 3628 20,
1556 3566 1638 3619 17.
1682 3565 1745 3618 19
1875 3567 1907 3619 8
1945 3565 2105 3619 Num.
2146 3567 2231 3630 20,
2275 3568 2338 3621 17
2484 3568 2541 3621 11
2586 3567 2749 3622 Num.

458 3652 543 3715 20,
583 3652 652 3705 ‘24
766 3655 829 3707 16
867 3652 1028 3707 Num.
1069 3654 1162 3716 21,
1197 3654 1229 3706 2
1339 3654 1403 3707 21
1449 3652 1566 3707 Gal.
1611 3655 1657 3720 1,
1695 3655 1728 3705 9
1838 3656 1906 3708 25
1943 3652 2104 3709 Num.
2145 3656 2231 3720 21,
2271 3656 2303 3710 3

533 3778 557 3830 1
600 3777 804 3847 legitur
841 3794 906 3831 ea:
940 3777 1183 3846 loquitur
1230 3776 1282 3830 V
1438 3779 1472 3831 2
1512 3779 1904 3832 contradicitur
1938 3778 2009 3831 N
2152 3781 2183 3832 3
2221 3778 2476 3832 mandata
2516 3784 2596 3848 (ta.
2631 3795 2674 3832 s.
2716 3779 2751 3832 l.

457 3881 526 3920 m.
565 3867 626 3934 2)
670 3866 718 3920 0
856 3865 1002 3920 dicet
1047 3865 1095 3918 G
1230 3867 1264 3919 4
1305 3866 1470 3937 inter]
1507 3868 1564 3920 in
1611 3867 1662 3920 Τ
1792 3870 1825 3920 5
1865 3866 2327 3936 quod-bibemus
2364 3884 2406 3921 s.
2449 3869 2485 3921 l.
2524 3884 2590 3920 m.
2628 3871 2667 3919 2
2710 3867 2759 3920 0

458 3954 491 4008 8
530 3954 918 4007 declinauinms
963 3953 1068 4008 CN
1207 3953 1481 4009 dexteram
1527 3955 1621 4009 CS
1653 3956 1838 4010 dextra
1876 3954 2013 4008 P¹V
2152 3958 2185 4009 9
2225 3957 2498 4009 sinistram
2533 3954 2698 4009 CP¹S
2710 3954 2762 4006 V

459 4043 644 4096 dextra
679 4041 955 4097 PSNVT
1026 4042 1088 4096 11
1131 4042 1224 4095 filii
1253 4043 1321 4096 N
1392 4046 1458 4097 12
1498 4044 1551 4095 ἔν
1590 4044 1904 4115 κατασχέσει
1942 4045 2057 4098 cod.
2087 4045 2244 4099 Alex.
2326 4046 2390 4097 13
2418 4050 2548 4113 post
2584 4044 2753 4097 male-

460 4131 713 4185 dictionis
750 4133 835 4184 ita
869 4136 1129 4185 seruntur
1163 4132 1361 4186 uerba.-
1406 4150 1511 4187 non
1560 4134 1704 4186 enim
1752 4133 1829 4186 ait
1868 4134 2159 4201 antilogias
2197 4134 2292 4187 sed
2330 4134 2551 4188 lidorias
2590 4149 2752 4203 quam

460 4220 597 4273 dixit
632 4220 877 4289 superius
917 4236 1112 4289 aquam
1152 4220 1593 4275 contradictionis
1635 4238 1743 4289 sqq.
1784 4221 1831 4275 S
1938 4224 2002 4276 14
2040 4223 2128 4276 hic
2168 4222 2302 4278 dicit
2348 4224 2397 4276 T
2505 4224 2571 4277 15
2610 4221 2751 4275 anti·

457 4308 632 4377 logias
671 4308 946 4361 CPNVT
1082 4306 1321 4377 lydorias
1367 4309 1578 4364 CPVT
1610 4309 1832 4364 lidorias
1870 4311 1934 4364 N
2041 4313 2103 4366 16
2142 4313 2363 4376 uocauit
2409 4312 2462 4366 V
2547 4312 2616 4366 :20
2656 4327 2754 4363 uo·

460 4401 611 4451 cetur
654 4396 700 4451 0
803 4398 869 4451 23
909 4396 1114 4452 dictum
1159 4396 1370 4451 CPVT
1473 4399 1543 4451 24
1584 4416 1909 4469 quamquain
1948 4399 2007 4453 N
2116 4403 2182 4455 25
2225 4402 2507 4456 ciuitatem
2547 4399 2620 4454 bd
