3076 4976
1353 459 1789 514 Praefatio.
2596 461 2719 526 VII

414 658 483 721 in
526 655 893 739 quaestione
935 654 1009 719 de
1050 654 1260 719 Exodo
1299 655 1485 720 XIIII
1526 655 1775 720 codices
1815 654 1894 719 ad
1926 675 2124 720 unum
2164 674 2379 721 omnes
2419 655 2718 721 offerunt:

414 787 496 829 cx
554 782 673 848 quo
732 763 897 826 enim
953 762 1197 824 intraui
1250 762 1337 825 ad
1391 760 1797 825 Pharaonem
1851 761 2018 842 loqui
2070 763 2141 825 in
2195 766 2298 826 tuo
2351 762 2598 825 nomine
2649 762 2720 825 in

413 870 584 933 Itu-nc
624 867 924 949 populum
969 872 1025 930 et
1070 888 1195 931 non
1243 867 1522 932 liberasti
1556 867 1862 948 populum
1907 871 2102 935 tuum.
2184 868 2341 933 haec
2395 867 2721 932 enuntiata

417 995 614 1042 sensu
664 994 815 1040 sano
866 993 1073 1039 carere
1121 976 1527 1040 manifestum
1579 978 1707 1049 est;
1770 975 2118 1039 secundum
2177 976 2492 1058 exemplar
2545 994 2720 1058 grae-

420 1104 599 1149 cum:
660 1083 765 1143 καὶ
820 1078 924 1167 ἀφ’
984 1078 1053 1145 οὗ
1111 1083 1481 1165 πεπόρευμαι
1535 1082 1687 1163 πρὸς
1736 1076 1976 1164 Φαραὼ
2031 1080 2300 1164 λαλῆσαι
2353 1080 2447 1145 ἐπὶ
2499 1092 2581 1166 τῲ
2630 1089 2718 1164 σῷ

416 1187 671 1273 ὀνόματι
726 1186 998 1251 ἐκάκωσε
1054 1184 1152 1249 τὸν
1209 1185 1357 1248 λαὸν
1412 1195 1619 1248 τοῦτον
1673 1190 1777 1248 καὶ
1832 1182 1944 1250 οὐκ
1990 1181 2220 1271 ὲρῥύσω
2266 1190 2365 1251 τὸν
2412 1188 2560 1251 λαόν
2608 1208 2718 1249 σου

416 1295 690 1360 uerbum
749 1294 913 1359 unde
982 1295 1186 1370 „hunc
1246 1293 1591 1376 populum¹⁶
1658 1293 1891 1376 pendet
1951 1293 2169 1358 deesse
2241 1314 2422 1359 nemo
2487 1294 2720 1358 infitia-

416 1404 628 1479 bitur3
689 1401 978 1483 equidem
1028 1420 1172 1484 pag.
1223 1401 1330 1475 99,
1382 1400 1465 1464 14
1520 1400 1863 1484 legendum
1917 1401 2252 1483 proposui:
2308 1402 2516 1464 nocuit
2557 1399 2722 1463 hunc

411 1508 741 1591 populum.
788 1509 916 1571 iam
963 1526 1115 1572 uero
1167 1506 1319 1588 quid
1367 1506 1573 1571 dicam
1623 1507 1698 1571 de
1745 1507 1884 1571 loco
1934 1507 2325 1589 quaestionis
2373 1507 2449 1572 de
2487 1508 2720 1572 Deute-

414 1616 705 1681 ronomio
744 1614 921 1679 XXV
964 1616 1191 1694 septem
1235 1614 1622 1694 septimanas
1667 1614 1942 1695 inteyras
1986 1613 2412 1678 dinumerabis
2447 1614 2561 1677 tibi
2595 1614 2725 1695 ipsi

414 1722 712 1786 inchoare
766 1725 821 1785 te
860 1719 1093 1803 falcem
1149 1720 1377 1783 inicere
1433 1719 1500 1782 in
1555 1739 1812 1783 messem
1865 1721 2127 1801 incipies
2179 1720 2558 1784 numerare?
2631 1721 2722 1785 ita

417 1830 591 1893 enim
639 1832 703 1892 et
758 1826 1083 1893 codicibus
1142 1830 1207 1890 et
1263 1825 1652 1891 editionibus
1708 1826 1980 1891 traditus
2039 1833 2156 1891 est.
2243 1829 2308 1890 at
2364 1827 2420 1892 si
2476 1828 2719 1912 graecis

420 1934 633 1999 uerbis
691 1929 1064 2018 ,ἀρξαμένου
1113 1956 1224 1999 σου
1274 1933 1564 2015 δρέπανον
1614 1930 1705 1996 ἐπ’
1755 1930 1983 2019 ἀμητόν
2032 1931 2221 2019 ἄρξῃ“
2276 1933 2405 2001 κτλ.
2455 1934 2534 1998 ad
2573 1954 2720 2016 sup·

414 2041 628 2123 petias
672 2060 829 2105 usus
879 2040 1023 2118 eris,
1072 2041 1255 2105 locus
1302 2039 1548 2124 integer
1596 2040 1791 2104 exibit
1838 2060 1911 2105 ea
1955 2040 2156 2106 forma
2202 2060 2325 2123 qua
2370 2061 2514 2124 pag.
2567 2044 2718 2121 290,

419 2148 508 2211 23
571 2167 715 2211 eum
778 2147 1130 2226 emendaui,
1187 2147 1558 2230 praesertim
1623 2166 1765 2212 curn
1829 2151 1893 2212 et
1953 2147 2096 2212 aliis
2160 2148 2320 2212 locis
2379 2149 2576 2213 uerba
2630 2149 2721 2214 ita

418 2257 732 2330 serantur,
788 2257 865 2317 ut
921 2254 1246 2318 ablatiuus
1306 2254 1641 2318 absolutus
1700 2254 1808 2337 qui
1867 2253 2100 2318 dieitur
2154 2254 2374 2320 eodem
2432 2255 2720 2320 subiecto

416 2361 677 2425 ualente
722 2361 973 2443 positus
1024 2360 1140 2436 sit;
1201 2380 1327 2442 qua
1374 2360 1449 2424 de
1505 2380 1572 2425 re
1640 2361 1719 2425 cf.
1771 2361 1960 2425 etiam
2025 2361 2281 2427 Ronsch
2336 2362 2535 2437 „Itala
2590 2362 2720 2426 und

417 2467 735 2552 Vulgata“
790 2486 935 2552 pag.
986 2468 1137 2532 419.
1189 2486 1265 2532 an
1313 2467 1374 2532 in
1426 2468 1795 2550 quaestione
1845 2468 1919 2533 de
1969 2468 2254 2534 Leuitico
2301 2468 2722 2534 LXXXVIIII

412 2574 616 2639 uerba
662 2575 877 2656 qualia
923 2576 987 2637 et
1035 2573 1285 2638 codices
1336 2577 1400 2638 et
1448 2573 1758 2638 editiones
1806 2594 1954 2657 prae
2003 2595 2070 2640 se
2118 2577 2332 2640 ferunt
2394 2597 2588 2660 „quae
2642 2576 2720 2639 ab

412 2702 483 2745 se
518 2684 784 2762 suryunt
822 2701 1044 2761 (tyrum
1084 2684 1257 2742 tuum
1293 2700 1419 2743 non
1464 2684 1684 2744 θηρῶς’*
1739 2681 1994 2746 tolerari
2038 2685 2350 2764 possunt?
2399 2685 2465 2746 at
2510 2682 2722 2766 graeci

413 2787 674 2852 codices
723 2787 896 2851 uiam
944 2787 1228 2852 indicant
1275 2808 1399 2869 qua
1444 2789 1626 2852 locus
1675 2787 2048 2871 desperatus
2097 2789 2302 2853 sanari
2346 2792 2581 2871 potest.
2628 2792 2721 2857 ita

414 2894 588 2958 enim
652 2892 925 2958 traditur
982 2894 1134 2958 Len.
1201 2897 1305 2970 25,
1376 2897 1413 2958 5
1478 2896 1582 2957 mi
1644 2888 1719 2956 τὰ
1784 2889 2094 2978 αὐτόματα
2160 2891 2556 2978 ἀναβαίνοντα
2614 2907 2719 2961 τοῦ

413 2997 606 3084 ἀγροῦ
645 3001 779 3084 (alii
820 2996 937 3063 ἀπὸ
977 3009 1081 3062 τοῦ
1113 2996 1325 3084 ἀγροῦ)
1366 3023 1476 3064 σου
1517 2995 1631 3063 οὐκ
1668 2997 2013 3085 ὲκθερίσεις.
2054 3021 2241 3084 quam
2277 3003 2718 3068 auctoritatem

413 3108 680 3171 secutus
727 3126 871 3190 pag.
923 3109 1073 3184 308,
1126 3110 1209 3171 26
1273 3108 1387 3190 „ab
1446 3129 1598 3190 ayro
1654 3110 1756 3170 tuo
1810 3127 1937 3170 non
1991 3108 2216 3172 metes“
2275 3109 2550 3175 restitui.
2628 3111 2720 3175 ita

415 3213 661 3295 priores
720 3214 991 3278 editores
1030 3215 1240 3279 etiarn
1298 3234 1570 3279 errorem
1628 3214 1736 3297 qui
1793 3214 1855 3277 in
1904 3215 2399 3281 commutatione
2446 3217 2720 3282 uocabu-

416 3320 625 3383 lorum
679 3319 1151 3398 „altz'tudinem“
1205 3323 1268 3386 et
1317 3320 1790 3399 „latitudinew
1834 3319 2003 3404 (pag.
2047 3322 2195 3399 221,
2240 3323 2298 3386 1.
2341 3321 2407 3407 9)
2454 3323 2722 3388 consisit

414 3425 476 3488 si
526 3444 749 3510 graeca
800 3427 1178 3511 exemplaria
1235 3427 1439 3492 secuti
1498 3430 1713 3491 essent
1769 3427 2010 3491 euitare
2064 3430 2374 3510 poterant.
2452 3448 2716 3512 possum

413 3532 579 3597 alios
640 3533 816 3598 locos
877 3535 1187 3617 plurimos
1249 3535 1466 3598 afferre
1527 3535 1638 3617 qui
1698 3553 1874 3598 meae
1931 3535 2282 3599 sententiae
2339 3535 2717 3602 documento

416 3638 583 3716 sint3
644 3641 757 3704 sed
810 3640 898 3717 hi,
958 3639 1165 3718 cred0‚
1225 3640 1566 3705 sufficient.
1653 3640 1899 3704 accedit
1955 3639 2125 3704 aliud
2174 3641 2342 3722 quod
2386 3641 2449 3705 in
2499 3643 2717 3708 eadem

413 3745 830 3829 praefationis
869 3750 1045 3830 parte
1086 3747 1598 3814 commemoraui.
1648 3747 1817 3812 haud
1865 3747 1954 3811 ita
2000 3766 2137 3812 raro
2188 3748 2437 3821 accidit,
2487 3752 2561 3812 ut
2608 3751 2718 3814 ali-

414 3853 566 3934 quis
610 3855 793 3918 locus
830 3853 1177 3938 Augustini
1224 3853 1571 3936 scripturae
1622 3873 1835 3918 sacrae
1884 3855 2081 3918 semel
2129 3853 2309 3919 bisue
2357 3873 2502 3919 cum
2552 3857 2719 3922 codi-

414 3959 604 4024 cibus
654 3962 897 4044 graecis
946 3961 1322 4039 consentiat,
1370 3961 1559 4025 tertio
1609 3962 1746 4025 loco
1798 3960 2133 4042 discrepet.
2211 3981 2369 4044 quae
2427 3982 2571 4027 cum
2629 3962 2720 4027 ita

415 4065 574 4144 sint,
623 4067 884 4132 editoris
934 4068 1215 4132 officium
1264 4086 1404 4132 esse
1452 4067 1719 4132 arbitror
1762 4069 1937 4132 locos
1983 4088 2278 4151 peruerse
2323 4069 2591 4134 traditos
2641 4069 2718 4133 ad

417 4177 832 4239 conseruatos
870 4175 1028 4239 bene
1070 4175 1566 4240 accommodare.
1614 4175 1677 4239 in
1718 4193 1840 4258 quo
1880 4195 2106 4259 genere
2146 4179 2389 4258 quaest.
2429 4176 2504 4240 de
2535 4177 2718 4241 Leui-

413 4280 549 4346 tico
588 4280 819 4346 LXXV
857 4281 1023 4366 (pag.
1055 4282 1206 4360 299,
1243 4279 1352 4367 14)
1391 4283 1750 4364 reponenda
1788 4286 1971 4347 sunt:
2018 4282 2383 4362 quicumque
2418 4283 2720 4362 acceperit

412 4406 690 4452 sororem
734 4409 918 4452 suam
965 4408 1039 4452 ex
1072 4392 1265 4469 patre
1309 4409 1422 4453 suo
1466 4392 1578 4452 ant
1624 4410 1698 4452 ex
1743 4395 1945 4453 matre
1987 4410 2107 4453 sua
2153 4393 2211 4453 et
2245 4388 2483 4452 uiderit
2518 4389 2719 4468 turpi-
