3076 4976
245 1666 295 1703 10

243 2208 293 2247 15

692 494 1173 559 Quaestionum
1215 495 1327 549 lib.
1368 495 1446 549 111
1490 495 1780 562 (Quaest.
1822 497 1898 551 de
1939 498 2287 566 Leuitico).
2499 503 2628 565 ‘287

331 692 480 754 lare.
559 709 703 755 cum
762 691 926 754 enim
980 690 1162 754 iubet
1216 690 1323 754 ille
1367 688 1487 772 'qui
1544 692 1752 774 legem
1810 693 2146 757 constituit
2199 693 2439 776 aliquid
2496 694 2627 758 fieri

334 798 500 879 quod
547 797 607 861 in
656 798 799 881 lege
845 797 1192 879 prohibuit,
1239 798 1439 862 iussio
1487 798 1628 880 ipsa
1673 818 1784 880 pro
1822 799 1965 883 lege
2004 801 2289 878 habetur,
2332 800 2625 883 quoniam

335 904 613 969 auctoris
681 908 780 967 est
843 903 1028 987 legis,
1112 923 1232 967 non
1302 905 1468 968 enim
1534 904 1756 969 deesse
1822 909 2086 987 possent
2148 908 2453 972 miracula
2508 908 2630 972 alia

335 1015 577 1092 praeter
626 1009 1024 1083 sacrificium,
1076 1009 1308 1092 quibus
1349 1016 1797 1092 superarentur
1834 1017 1897 1076 et
1935 1013 2457 1078 conuincerentur
2491 1033 2631 1096 pro-

333 1118 558 1198 phetae
616 1118 933 1192 lucorum;
993 1117 1105 1181 sed
1163 1117 1424 1199 spiritus
1483 1118 1606 1195 dei,
1664 1118 1770 1201 qui
1827 1119 2034 1182 fuerat
2090 1119 2151 1182 in
2209 1119 2396 1184 Helia
2452 1121 2628 1202 quid-

334 1224 484 1304 quid
532 1224 592 1287 in
641 1224 758 1288 hac
807 1244 871 1287 re
918 1224 1090 1302 fecit,
1142 1229 1361 1289 contra
1406 1227 1616 1310 legem
1654 1244 1794 1290 esse
1835 1245 1950 1290 non
1993 1231 2223 1308 potest,
2265 1228 2413 1309 quia
2449 1227 2631 1292 dator

333 1336 432 1393 est
475 1331 657 1414 legis.

419 1436 613 1500 LVII.
683 1437 850 1518 Quid
898 1441 996 1502 est
1041 1437 1206 1520 quod
1256 1437 1596 1520 prohibens
1646 1437 1954 1502 edendum
2013 1438 2386 1523 sanguinem
2444 1439 2625 1503 dicit:

333 1543 574 1608 anima
651 1546 886 1609 omnis
965 1545 1210 1608 carnis
1287 1544 1600 1628 sanguis
1680 1545 1843 1608 eius
1924 1549 2080 1609 est‘?
2165 1564 2353 1628 quem
2416 1550 2625 1610 totum

332 1650 545 1714 locum
597 1652 686 1715 sic
738 1652 1039 1734 explicat:
1099 1655 1172 1715 et
1229 1652 1442 1716 homo
1499 1652 1716 1716 homo
1774 1651 2113 1716 filiorum
2161 1652 2451 1716 Israhel
2500 1659 2631 1717 aut

334 1757 417 1820 de
472 1760 891 1841 proselytis
950 1759 1076 1840 qui
1134 1758 1468 1842 adpositi
1537 1762 1716 1823 sunt
1770 1758 1839 1821 in
1898 1759 2117 1823 uobis
2176 1760 2625 1841 quicumque

333 1864 575 1929 ederit
640 1885 921 1930 omnem
990 1867 1459 1949 sanguinem,
1528 1869 1602 1930 et
1666 1869 1994 1930 statuam
2059 1865 2326 1929 faciem
2394 1884 2625 1930 meam

334 1990 557 2051 super
612 1973 925 2035 animam
985 1992 1170 2054 quae
1235 1972 1638 2037 manducat
1696 1972 2139 2056 sanguinem
2198 1975 2270 2036 et
2322 1971 2622 2053 perdam

333 2075 546 2141 illam
603 2078 686 2142 de
743 2079 1018 2161 populo
1079 2099 1233 2143 suo,
1321 2079 1563 2143 anima
1619 2079 1810 2143 enim
1867 2079 2105 2141 omnis
2165 2078 2411 2142 carnis
2470 2097 2625 2141 sau-

334 2184 504 2267 guis
562 2185 725 2249 eius
785 2189 919 2250 est.
1005 2189 1078 2250 et
1143 2205 1281 2270 ego
1350 2186 1518 2250 dedi
1584 2186 1803 2250 illum
1871 2184 2087 2250 uobis
2139 2204 2437 2249 exorare
2494 2205 2622 2267 pro

332 2291 724 2356 animabus
790 2294 1104 2363 uestris:
1175 2294 1485 2378 sanguis
1554 2294 1745 2357 enim
1814 2292 1976 2356 eius
2034 2312 2162 2375 pro
2222 2292 2461 2355 anima
2517 2311 2622 2356 ex-

333 2398 598 2463 orabit.
673 2403 1076 2482 propterea
1125 2400 1278 2464 dixi
1327 2401 1524 2465 filiis
1573 2400 1897 2464 Israhel:
1956 2397 2195 2464 omnis
2254 2399 2495 2462 anima
2544 2416 2623 2461 ex

332 2505 551 2568 uobis
599 2524 738 2569 non
790 2506 962 2570 edet
1007 2508 1483 2591 sanguinem,
1546 2510 1620 2571 et
1664 2507 2102 2589 proselytus
2150 2506 2279 2587 qui
2329 2505 2625 2587 adposi-

331 2614 453 2675 tus
511 2617 627 2676 est
681 2611 751 2675 in
808 2613 1026 2677 uobis
1082 2632 1221 2678 non
1282 2613 1455 2678 edet
1513 2613 1973 2698 sanguinem.
2059 2611 2513 2694 numquidnam
2575 2611 2627 2675 si

332 2717 605 2781 animam
679 2720 926 2800 pecoris
1002 2720 1372 2803 sanguinem
1451 2720 1752 2784 dicimus.
1824 2721 2016 2784 etiam
2082 2718 2292 2783 anima
2357 2718 2632 2782 hominis

333 2825 591 2908 sanguis
656 2826 939 2906 putanda
995 2830 1134 2891 est?
1211 2827 1398 2891 absit.
1477 2827 1793 2908 quomodo
1852 2846 2000 2910 ergo
2059 2845 2178 2890 non
2239 2825 2355 2888 ait:
2423 2825 2630 2888 anima

332 2930 536 2995 omnis
586 2931 789 2996 carnis
848 2933 1098 3014 pecoris
1157 2934 1420 3018 sanguis
1478 2934 1614 2998 eius
1675 2938 1801 3010 est,
1862 2933 2002 2997 sed:
2070 2932 2341 3007 anima,
2399 2931 2626 3012 inquit,

333 3037 568 3101 omnis
637 3039 884 3103 carnis
952 3041 1267 3123 sanguis
1336 3041 1499 3104 eius
1569 3044 1725 3104 est?
1809 3040 1871 3103 in
1939 3039 2108 3104 omni
2167 3039 2388 3120 utique
2445 3057 2629 3102 carne

332 3141 519 3206 etiam
569 3143 842 3210 hominis
890 3164 1033 3210 caro
1082 3146 1440 3229 deputatur.
1518 3166 1592 3210 an
1653 3147 1801 3229 quia
1858 3147 2052 3210 uitale
2111 3144 2351 3226 aliquid
2409 3147 2508 3208 est
2563 3144 2624 3207 in

271 3272 294 3309 5
332 3250 660 3332 sanguine,
711 3252 854 3333 quia
914 3272 1024 3335 per
1078 3253 1287 3334 ipsum
1346 3252 1615 3316 maxime
1672 3253 1734 3316 in
1792 3253 1909 3317 hac
1968 3272 2151 3316 earne
2210 3251 2470 3326 uiuitur,
2519 3251 2629 3332 qui

331 3352 393 3416 in
444 3357 737 3423 omnibus
786 3360 968 3423 uenis
1016 3380 1127 3442 per
1165 3361 1442 3442 corporis
1484 3363 1714 3424 cuncta
1752 3358 2143 3435 diffunditur,
2183 3358 2386 3439 ipsam
2426 3358 2625 3422 uitam

333 3463 610 3543 corporis
669 3466 929 3528 uocauit
976 3466 1268 3542 animam,
1318 3485 1437 3529 non
1488 3467 1688 3530 uitam
1741 3484 1900 3546 quae
1948 3465 2181 3548 migrat
2228 3483 2296 3527 ex
2346 3483 2630 3546 corpore,

333 3569 442 3632 sed
501 3589 659 3651 quae
715 3577 918 3636 morte
975 3572 1232 3636 finitur?
1307 3593 1430 3654 qua
1483 3572 1803 3637 locutione
1861 3571 2132 3635 dicimus
2189 3571 2377 3634 istam
2428 3570 2626 3633 uitam

292 3673 743 3759 'temporalem
803 3697 961 3756 esse,
1020 3697 1140 3742 nou
1201 3683 1538 3757 aeternam,
1607 3679 1961 3756 mortalem,
2028 3696 2147 3741 non
2204 3676 2626 3752 inmortalem,

512 3869 542 3919 9
581 3868 708 3920 Leu.
755 3869 834 3924 17.
877 3869 1082 3922 10-12

403 3991 435 4043 3
467 3999 708 4046 auctores
739 3993 806 4045 P¹
840 3999 1106 4047 auctorem
1135 3992 1181 4047 S
1206 3999 1393 4047 auctor
1422 3994 1600 4047 Vde
1732 3999 1813 4046 est
1842 4009 1942 4046 om.
1973 3991 2019 4046 S
2112 3993 2145 4044 4
2175 3997 2552 4060 separarentur
2582 3992 2632 4043 V

332 4081 363 4132 9
412 4085 495 4133 est
543 4082 656 4134 eius
693 4082 758 4135 N
900 4083 964 4136 10
1003 4088 1058 4135 et
1095 4099 1195 4136 om.
1236 4082 1473 4136 P¹SNV
1510 4088 1568 4146 et
1614 4083 1663 4135 T
1837 4082 1997 4134 homo
2048 4081 2279 4134 alterum
2331 4097 2432 4136 om.
2473 4079 2630 4133 PSV

330 4187 449 4237 emp.
497 4170 545 4222 T
650 4172 714 4223 11
767 4171 891 4239 quia
937 4171 982 4221 T
1090 4173 1154 4224 15
1194 4170 1328 4235 illuc]
1378 4172 1425 4224 T
1457 4171 1594 4224 illud
1633 4169 1969 4224 CPSNVbd
2103 4174 2230 4237 post
2278 4168 2432 4221 uobis
2470 4169 2628 4221 haud

332 4258 494 4312 dubie
514 4258 859 4312 addendum:
889 4259 954 4312 ad
983 4260 1176 4320 altare:
1211 4262 1278 4327 cf.
1293 4278 1351 4328 p.
1374 4265 1510 4316 288.
1540 4267 1602 4312 12
1688 4260 1889 4312 exorari
1912 4257 2130 4311 PSVN
2138 4258 2185 4310 T
2260 4259 2321 4311 17
2354 4257 2485 4310 dixit
2506 4257 2631 4311 P¹S

335 4349 401 4400 19
440 4347 552 4401 edit
597 4348 643 4400 G
782 4347 844 4401 21
890 4349 1164 4416 sanguinis
1214 4350 1261 4402 T
1436 4366 1541 4401 non
1583 4365 1683 4402 om.
1726 4347 1768 4400 S
1803 4354 1873 4399 na
1909 4345 1987 4399 1²²
2157 4363 2261 4411 non
2302 4347 2479 4399 anima
2515 4346 2626 4397 PV

331 4438 400 4489 :26
440 4437 612 4490 omnis
651 4436 785 4491 P¹S¹
827 4454 1009 4490 omnes
1059 4437 1108 4489 V
1221 4455 1384 4491 uenas
1432 4437 1485 4490 V
1599 4443 1816 4491 cunctas
1857 4436 1902 4489 V
2018 4437 2189 4504 ipsam
2228 4436 2395 4488 uitam
2435 4452 2536 4491 om.
2568 4436 2631 4487 X
