3076 4976
684 467 1164 533 Quaestionum
1209 466 1321 520 lib.
1370 467 1396 520 1
1444 466 1736 537 (Quaest.
1787 466 1860 519 de
1911 465 2196 533 Genesi).
2500 471 2586 532 25

369 663 642 727 XLIIII.
718 662 947 725 Dixit
1010 666 1276 725 autem
1342 662 1492 726 Lot
1558 662 1649 725 ad
1711 661 1944 725 illos:
2016 680 2182 735 oro.
2251 660 2587 737 domine,

279 771 476 852 quia
545 770 873 834 inuenit
926 790 1123 852 puer
1178 772 1369 834 tuus
1427 768 2082 834 misericordiam
2142 769 2322 831 ante
2378 770 2453 831 te
2514 771 2592 831 et

277 878 867 961 magnificasti
914 877 1338 941 iustitiam
1385 880 1622 955 tuam,
1664 895 1892 958 quam
1940 874 2147 938 facis
2196 873 2271 937 in
2320 893 2454 950 me,
2504 881 2592 937 ut

278 987 524 1049 uiuat
585 986 848 1048 anima
902 1003 1103 1059 mea;
1171 1003 1316 1068 ego
1375 988 1641 1048 autem
1706 1004 1854 1048 non
1913 1001 2241 1064 possum
2301 982 2587 1045 saluus
2691 998 2702 1013 ·

213 1092 482 1156 ⁵fieri
543 1093 620 1155 in
681 1094 980 1167 monte,
1049 1111 1136 1154 ne
1202 1091 1420 1153 forte
1489 1089 2154 1171 conprehendant
2207 1108 2321 1152 me
2379 1088 2590 1152 mala

281 1201 364 1262 et
434 1198 762 1262 moriar.
847 1197 1001 1261 haec
1069 1197 1542 1278 perturbatione
1609 1196 1854 1259 timoris
1921 1214 2042 1259 non
2110 1195 2403 1259 credebat
2466 1194 2588 1276 ipsi

283 1305 577 1381 domino,
648 1324 835 1386 quem
899 1305 962 1367 in
1029 1304 1270 1386 angelis
1338 1303 1790 1386 cognoscebat,
1849 1321 1972 1383 qua
2031 1302 2221 1365 etiam
2287 1301 2447 1365 illud
2513 1301 2587 1363 de

283 1410 546 1474 filiabus
615 1412 749 1475 suis
816 1410 1275 1492 prostituendis
1343 1410 1598 1485 dixerat,
1665 1413 1740 1473 ut
1793 1409 2241 1491 intellegamus
2299 1428 2420 1471 non
2477 1428 2588 1491 pro

284 1519 671 1581 auctoritate
716 1516 1076 1581 habendum
1125 1516 1294 1597 quod
1341 1516 1498 1580 dixit
1546 1516 1621 1579 de
1665 1514 2059 1597 turpitudine
2105 1514 2409 1589 filiarum;
2468 1534 2590 1577 non

186 1643 242 1681 10
284 1625 456 1688 enim
524 1630 588 1689 et
653 1624 771 1687 hoc
845 1642 957 1706 pro
1034 1624 1408 1687 auctoritate
1486 1622 1844 1687 habendum
1919 1625 2017 1685 est
2082 1620 2197 1684 deo
2263 1641 2385 1685 non
2451 1639 2589 1684 esse

284 1730 696 1796 credendum.

381 1836 575 1901 XLV.
645 1836 741 1900 Et
793 1837 1278 1901 recordatus
1330 1840 1454 1901 est
1501 1836 1696 1899 deus
1743 1834 2139 1899 Abraham
2189 1839 2265 1898 et
2313 1832 2594 1897 emisit

282 1943 442 2006 Lot
498 1943 588 2007 de
645 1944 903 2007 medio
963 1943 1450 2007 euersionis.
1537 1941 1936 2005 commendat
1990 1941 2302 2021 scriptura
2346 1940 2589 2003 meritis

282 2050 499 2133 magis
538 2049 825 2113 Abrahae
864 2049 1200 2114 liberatum
1242 2068 1379 2113 esse
1419 2049 1558 2124 Lot,
1598 2055 1673 2113 ut
1708 2049 2151 2131 intellegamus
2190 2047 2434 2110 iustum
2471 2046 2592 2110 Lot

183 2175 241 2214 15
288 2156 542 2220 dictum
637 2156 986 2220 secundum
1071 2155 1382 2238 quendam
1459 2155 1748 2232 modum,
1816 2156 2081 2218 maxime
2152 2153 2320 2235 quod
2395 2172 2592 2215 unum

283 2282 517 2326 uerum
567 2262 754 2327 deum
803 2263 1050 2327 colebat
1089 2264 1153 2326 et
1187 2266 1443 2344 propter
1480 2262 2010 2343 comparationem
2049 2261 2358 2324 scelerum
2398 2258 2591 2323 Sodo-

282 2388 564 2443 morum,
621 2368 787 2432 inter
841 2387 997 2451 quos
1055 2369 1281 2432 uiuens
1341 2367 1417 2432 ad
1474 2369 1673 2433 uitam
1730 2367 2003 2433 similem
2061 2387 2180 2431 non
2237 2367 2448 2449 potuit
2501 2365 2593 2429 in-

286 2476 536 2541 clinari.

380 2582 609 2647 XLVI.
683 2582 1082 2647 Ascendit
1150 2586 1415 2647 autem
1470 2583 1621 2646 Lot
1676 2581 1765 2645 de
1816 2581 2066 2667 Segor
2123 2585 2199 2646 et
2256 2581 2594 2646 sedebat

179 2713 240 2751 20
284 2692 367 2755 in
406 2693 696 2755 monte.
746 2691 976 2754 mirum
1007 2690 1129 2753 nisi
1155 2690 1293 2771 ipse
1322 2708 1504 2753 mons
1536 2692 1653 2765 est,
1693 2690 1754 2753 in
1796 2709 1983 2771 quem
2022 2691 2246 2772 sponte
2285 2688 2589 2764 ascendit,

284 2816 417 2879 quo
470 2795 845 2861 admonente
894 2797 1144 2861 domino
1195 2796 1528 2860 ascendere
1576 2796 1813 2871 noluit;
1865 2798 1976 2860 aut
2021 2796 2186 2859 enim
2232 2795 2447 2859 nullus
2495 2797 2594 2858 est

286 2903 461 2967 alius
512 2905 624 2966 aut
669 2922 791 2967 non
841 2903 1118 2984 adparet.

382 3008 641 3075 XLVII.
719 3009 1027 3074 Timuit
1083 3010 1289 3074 enim
1346 3009 1720 3073 habitare
1777 3010 1851 3073 in
1904 3008 2173 3093 Segor.
2239 3007 2591 3072 infirmitati

290 3117 437 3181 eius
486 3114 780 3179 dominus
830 3119 895 3180 et
938 3116 1153 3180 timori
1209 3118 1609 3180 concesserat
1663 3115 1992 3180 ciuitatem
2047 3135 2236 3199 quam
2279 3115 2402 3177 Lot
2455 3114 2592 3195 ipse

182 3246 243 3286 25
288 3221 622 3305 delegerat
676 3225 740 3285 et
794 3222 856 3285 in
915 3241 988 3286 ea
1051 3223 1427 3304 promiserat
1492 3223 1550 3286 ei
1615 3223 2037 3299 securitatem,
2105 3221 2273 3303 quod
2338 3223 2594 3302 propter

284 3330 479 3392 illum
524 3332 807 3411 parceret
853 3329 1121 3395 ciuitati.
1169 3332 1378 3393 tamen
1428 3329 1619 3392 etiam
1665 3329 1756 3393 ibi
1803 3347 1941 3393 esse
1988 3329 2236 3402 timuit;
2301 3328 2391 3391 ita
2434 3325 2591 3389 fides

287 3437 437 3500 eius
485 3454 606 3498 non
654 3436 869 3520 magni
915 3436 1160 3499 roboris
1208 3436 1352 3499 fuit.

478 3678 503 3731 1
547 3677 681 3733 Gen.
724 3679 808 3742 19,
850 3680 929 3734 18.
972 3679 1038 3732 19
1151 3679 1217 3733 12
1257 3677 1390 3733 Gen.
1432 3680 1515 3744 19,
1554 3679 1625 3733 29
1753 3681 1818 3733 19
1859 3678 1988 3733 Gen.
2033 3679 2116 3733 19.
2159 3677 2227 3731 30
2346 3676 2415 3729 23
2454 3676 2590 3731 Gen.

291 3769 381 3833 19,
422 3768 492 3822 30

365 3941 400 3993 4
438 3939 583 3992 uiuit
620 3938 676 3991 P
853 3938 885 3991 6
921 3938 1022 3992 hac
1060 3937 1176 3992 ΡΝ
1183 3938 1264 3992 Vb
1448 3940 1478 3991 7
1519 3939 1848 4008 agnoscebat
1886 3940 1952 3993 N
2142 3957 2280 4010 qma
2314 3939 2362 3995 S
2394 3942 2522 4010 quia
2559 3941 2590 3993 b

297 4029 363 4081 12
405 4028 591 4080 emisit
627 4026 851 4094 scripsi:
891 4028 1088 4081 exemit
1126 4027 1280 4095 libri3
1314 4028 1413 4081 sed
1447 4027 1605 4081 codd.
1636 4027 1750 4081 PV
1769 4028 1831 4080 in
1869 4028 2131 4097 capitulis
2170 4029 2299 4083 libri
2329 4029 2592 4083 Geneseos

298 4116 573 4181 „emisit“.
611 4114 769 4169 codd.
808 4113 911 4169 ST
939 4116 1139 4169 ibidem
1180 4115 1452 4181 „dimisit“
1482 4116 1757 4184 praebent
1903 4119 1969 4171 14
2016 4116 2175 4171 abrae
2210 4116 2279 4169 N
2420 4118 2482 4170 17
2525 4117 2592 4169 ad

292 4206 488 4274 uitam]
528 4204 737 4257 auitam
776 4204 842 4257 N
980 4204 1160 4258 simile
1196 4205 1261 4258 N
1369 4205 1435 4257 19
1474 4204 1664 4258 sechor
1697 4205 1743 4259 G
1846 4207 1918 4259 20
1955 4205 2083 4275 nisi]
2113 4206 2205 4259 ubi
2237 4205 2266 4258 b
2376 4206 2443 4259 21
2484 4221 2591 4274 quo

297 4294 647 4362 admonente]
692 4296 1040 4361 qffimonente
1084 4292 1133 4346 0
1271 4293 1617 4364 admonente]
1657 4294 1836 4347 animo
1883 4297 2136 4347 monente
2175 4292 2302 4346 PT¹
2413 4293 2482 4346 24
2519 4293 2590 4345 ti-

296 4399 440 4436 more
474 4383 533 4437 P
642 4385 713 4436 25
752 4381 1018 4452 dilegerat
1061 4381 1109 4436 Ο
1212 4383 1281 4436 26
1318 4383 1395 4436 ibi
1434 4385 1597 4436 etiam
1639 4384 1670 4436 b
1816 4383 1949 4437 fides
1985 4384 2067 4436 ita
2104 4383 2134 4436 b
