3076 4976
705 509 1180 574 Quaestionum
1221 509 1333 566 lib.
1374 509 1473 564 VII
1512 511 1803 577 (Quaest.
1845 511 1917 565 de
1957 511 2344 582 Iudicibus).
2527 520 2657 582 449

369 724 514 769 nare
581 705 1006 787 conpellerent
1066 709 1129 769 et
1185 725 1293 770 eos
1360 725 1655 789 superare
1719 727 1840 771 non
1906 712 2209 791 possent?
2277 709 2445 774 hunc
2509 730 2658 795 ergo

371 813 463 876 eis
512 812 859 876 humanum
906 812 1199 877 timorem
1256 813 1551 878 dominus
1599 813 1807 879 noluit
1860 815 2173 897 inputare,
2224 818 2345 881 etsi
2401 817 2661 898 adparet

369 918 433 982 in
482 936 554 981 eo
603 917 910 999 quaedam
970 917 1367 983 subdefectio
1424 918 1600 983 fidei:
1653 938 1811 1001 quae
1861 920 1915 983 si
1962 920 2145 985 fortis
2201 922 2265 985 in
2313 924 2405 987 eis
2464 928 2656 1000 esset,

369 1045 443 1089 ea
508 1028 920 1106 sequerentur
994 1042 1156 1105 quae
1220 1025 1431 1106 ipsum
1508 1026 1724 1089 Iesum
1789 1026 2131 1092 bellantem
2201 1034 2422 1093 secuta
2487 1035 2654 1097 sunt.

301 1153 327 1190 ο
367 1133 515 1214 quia
569 1150 719 1196 uero
776 1151 895 1196 non
945 1129 1007 1193 in
1055 1130 1147 1193 eis
1205 1133 1381 1194 tanta
1425 1130 1585 1195 fides
1633 1132 1779 1208 fuit,
1836 1132 2025 1196 etiam
2077 1153 2222 1199 cum
2271 1137 2652 1201 aduersariis

367 1239 502 1303 suis
542 1236 1061 1320 praeualuissent‚
1099 1255 1382 1320 pugnare
1423 1255 1568 1301 cum
1610 1237 1699 1301 eis
1740 1257 1943 1320 usque
1981 1239 2059 1303 ad
2106 1241 2653 1324 interemptionem

369 1362 586 1408 eorum
632 1343 859 1407 timore
898 1362 1027 1427 *non
1076 1342 1213 1407 ausi
1264 1346 1432 1407 sunt.
1485 1363 1673 1426 quem
1732 1344 2043 1423 timorem,
2093 1350 2168 1411 ut
2214 1347 2358 1427 dixi,
2408 1369 2528 1413 non
2579 1349 2655 1414 de

367 1451 611 1515 malitia
656 1468 857 1531 neque
906 1449 980 1513 de
1028 1449 1328 1532 superbia
1382 1450 1488 1513 uel
1536 1454 1904 1533 contemptu
1960 1454 2280 1536 praecepti
2335 1455 2653 1531 dominici,

369 1556 481 1621 sed
511 1556 586 1620 de
616 1554 806 1620 animi
835 1555 1199 1618 infirmitate
1236 1553 1596 1619 uenientem
1636 1556 1844 1620 noluit
1880 1557 1972 1622 eis
2013 1558 2307 1623 dominus
2344 1561 2653 1643 inputare,

275 1686 328 1724 ιο
368 1682 515 1727 cum
562 1663 654 1726 eis
700 1680 813 1743 per
859 1661 1071 1725 Iesum
1128 1661 1482 1726 nouissima
1534 1661 1918 1743 loqueretur.
1979 1665 2143 1729 unde
2192 1669 2256 1729 et
2303 1669 2653 1747 apostolus,

363 1769 801 1844 Alexander,
850 1768 1075 1851 inquit,
1126 1768 1460 1832 aerarius
1510 1771 1751 1833 multa
1797 1772 1990 1835 mala
2036 1773 2221 1836 mihi
2280 1775 2651 1851 ostendit;

365 1876 631 1940 reddet
694 1876 822 1938 illi
891 1874 1235 1939 dominus
1303 1875 1712 1939 secundum
1783 1896 2004 1958 opera
2059 1878 2327 1961 ipsius,
2389 1880 2464 1945 de
2521 1882 2652 1947 illis

368 1986 603 2060 autem,
653 1982 760 2064 qui
812 2001 955 2045 eum
1003 1980 1468 2064 periclitantem
1518 2001 1640 2047 non
1689 1983 1934 2046 malitia
1981 1984 2093 2049 sed
2139 1985 2365 2050 timore
2404 1987 2655 2053 deseru-

366 2093 563 2165 erant,
630 2090 718 2152 ita
781 2088 1037 2152 locutus
1098 2091 1223 2152 est:
1291 2088 1362 2152 in
1413 2088 1648 2170 prima
1711 2108 1871 2152 mea
1935 2089 2375 2156 defensione
2441 2113 2651 2160 nemo

273 2220 326 2258 15
366 2195 547 2258 mihi
609 2195 859 2259 adfuit
916 2194 1045 2258 sed
1104 2213 1353 2259 omnes
1410 2213 1519 2257 me
1598 2194 2198 2277 dereliquerunt;
2277 2217 2415 2262 non
2483 2200 2651 2265 illis

365 2302 774 2383 inputetur.
2348 2311 2351 2315 ’

748 2510 967 2564 LIBER
1006 2509 1375 2564 SEPTIMVS.
1415 2509 1710 2574 QVAEST.
1748 2510 1844 2564 DE
1881 2511 2266 2567 IVDICIBVS.

453 2623 763 2692 QVAEST.
813 2623 861 2680 Ι.
911 2617 980 2680 In
1013 2617 1134 2680 fine
1164 2616 1309 2680 libri
1337 2617 1486 2680 Iesu
1524 2615 1705 2680 Naue
1744 2617 2021 2681 breuiter
2059 2622 2340 2683 narrator
2375 2621 2651 2702 porrexit

360 2725 712 2800 historiam,
782 2743 904 2806 quo
970 2742 1175 2804 usque
1241 2723 1354 2786 filii
1402 2722 1648 2787 Israhel
1714 2723 1792 2787 ad
1842 2724 2137 2790 colendos
2197 2726 2348 2791 deos
2415 2727 2650 2792 alienos

265 2862 321 2900 ρο
361 2830 863 2904 declinauerunt;
903 2830 966 2892 in
1006 2829 1125 2894 hoc
1164 2832 1378 2893 autem
1414 2829 1575 2894 libro
1616 2829 1693 2893 ad
1733 2829 2014 2895 ordinem
2043 2832 2304 2910 reditur,
2336 2833 2650 2915 quomodo

361 2936 814 3018 consequentia
844 2939 1023 3019 gesta
1051 2935 1288 2999 fuerint
1308 2939 1456 3018 post
1490 2939 1759 3000 mortem
1798 2937 1947 3001 Iesu
1983 2936 2183 3003 Naue.
2222 2958 2343 3004 non
2385 2958 2532 3023 ergo
2574 2941 2650 3005 ab

358 3044 472 3107 illo
510 3047 789 3124 tempore
844 3042 1069 3125 incipit
1121 3043 1302 3122 liber,
1366 3062 1489 3124 quo
1538 3045 1814 3125 populus
1863 3044 1941 3108 ad
1997 3045 2260 3110 colenda
2314 3046 2652 3110 simulacra

359 3149 638 3224 defluxit,
704 3149 815 3212 sed
874 3168 910 3212 a
964 3148 1279 3231 prioribus
1345 3149 1740 3231 interpositis
1805 3150 2222 3232 temporibuS,
2280 3152 2512 3233 quibus
2578 3172 2653 3219 ea

359 3258 542 3339 gesta
590 3258 758 3333 sunt,
805 3257 955 3337 post
1001 3274 1159 3337 quae
1208 3255 1285 3319 ad
1331 3255 1443 3319 illa
1488 3256 1796 3336 peruenit.

260 3395 319 3434 25
448 3363 530 3426 11.
599 3363 688 3426 Et
750 3362 1033 3426 factum
1101 3365 1216 3426 est
1280 3365 1682 3444 postquam
1749 3362 2156 3428 defunctus
2225 3366 2342 3428 est
2407 3365 2646 3442 IesuS‚

357 3469 933 3553 interrogabant
996 3469 1155 3532 silii
1213 3469 1503 3533 Israhel
1559 3469 1630 3533 in
1689 3468 1984 3534 domino
2045 3470 2419 3535 dicentes:
2479 3472 2646 3553 quis

540 3722 600 3774 11
642 3719 696 3773 11
736 3719 874 3774 Tim.
912 3722 966 3786 4,
1006 3721 1088 3773 14.
1131 3720 1197 3772 15
1312 3721 1374 3772 18
1417 3721 1483 3772 cf.
1524 3721 1632 3774 Ios.
1671 3721 1755 3782 24,
1797 3722 1865 3775 33
1976 3722 2046 3775 25
2084 3719 2201 3779 Iud.
2243 3721 2290 3785 1,
2336 3722 2382 3775 1.
2422 3721 2455 3773 2

427 3897 462 3949 2
501 3897 616 3951 eius
653 3897 774 3952 PS¹
900 3899 934 3951 5
971 3898 1027 3950 in
1066 3914 1168 3952 ovn.
1218 3898 1271 3952 V
1392 3901 1424 3952 6
1465 3898 1888 3951 internecionem
1929 3897 2003 3951 bd
2113 3900 2142 3952 7
2181 3897 2430 3949 timorem
2458 3911 2551 3963 pr.
2589 3894 2658 3949 N

352 3985 388 4039 9
429 3986 608 4039 uoluit
643 3986 691 4041 S
816 3988 882 4041 12
920 3986 1115 4040 reddat
1149 3986 1217 4040 N
1351 3987 1487 4055 illis]
1522 3986 1609 4040 his
1648 3987 1722 4040 bd
1851 3987 1916 4040 16
1953 3986 2265 4057 Expliciunt
2303 3983 2648 4053 quaestiones

352 4062 448 4128 i'h‘s
477 4090 633 4128 naue.
672 4074 949 4145 Incipiunt
978 4075 1291 4144 questiones
1320 4074 1559 4128 iudicum
1577 4075 1687 4141 sol.
1719 4078 1832 4127 108
1855 4074 1922 4137 Ρ,
1950 4074 2049 4140 fol.
2078 4076 2195 4127 163
2231 4072 2292 4137 V,
2311 4072 2419 4139 sol.
2455 4073 2567 4124 152
2601 4070 2653 4124 T

352 4161 632 4230 Incipiunt
681 4163 1026 4232 quaestiones
1074 4161 1140 4216 de
1192 4162 1329 4216 libro
1384 4162 1625 4216 iudicum
1663 4179 1724 4230 p.
1771 4164 1882 4214 5:13
1928 4160 1975 4215 S
2025 4161 2166 4231 Expl
2213 4159 2521 4228 questiones
2580 4158 2648 4214 de

351 4250 493 4303 libro
531 4238 586 4304 i'u‘
623 4267 781 4308 naue.
818 4250 1096 4320 Incipiunt
1131 4249 1434 4305 locutiones
1473 4250 1540 4303 de
1577 4248 1715 4303 libro
1754 4249 1991 4304 iudicum
2029 4251 2132 4318 fol.
2172 4253 2284 4302 130
2320 4247 2385 4301 N

428 4340 494 4393 17
532 4338 674 4408 Expl
709 4340 1056 4410 loquutiones
1096 4340 1351 4395 iudicum.
1388 4340 1483 4394 Ino
1523 4341 1868 4409 quaestiones
1900 4340 2140 4394 eiusdem
2169 4339 2294 4392 libri
2311 4337 2422 4406 sol.
2451 4341 2562 4392 132
2588 4337 2656 4392 N

356 4428 424 4482 18
461 4427 622 4481 finem
657 4427 725 4481 N
824 4430 894 4483 20
933 4429 1179 4483 redditur
1216 4429 1277 4482 N

463 4552 656 4593 xxvm
687 4552 806 4601 Aug.
837 4557 950 4594 sect.
982 4553 1050 4593 ιιι
1078 4564 1184 4604 pm
1213 4555 1237 4592 3
2433 4532 2505 4587 29
