3076 4976
910 483 1434 538 Adnotationum
1473 486 1535 539 in
1573 486 1689 539 Iob
1730 486 1906 540 liber
1942 486 1983 542 Ι.
2457 491 2577 553 601

292 676 640 742 sufficit·
675 677 829 742 tibi
872 679 1139 763 gratia
1176 698 1381 754 mea3
1433 699 1604 743 nam
1647 679 1919 745 uirtus
1959 679 2034 743 in
2082 680 2585 747 infirmitate

288 783 754 865 perficitur.
807 767 1685 868 accingeretamquam
1746 786 1872 849 uir
1915 788 2272 850 lumbum
2322 790 2583 852 tuum:

291 890 606 974 significat
652 891 730 955 ad
775 891 894 955 1100
932 892 1066 974 pati
1105 893 1259 955 dura
1299 897 1364 956 et
1401 912 1612 956 amara
1650 893 1749 957 dei
1789 912 2009 958 seruos
2048 894 2110 957 in
2146 894 2267 958 hoc
2308 895 2585 971 saeculo,

287 999 361 1060 ut
427 1015 641 1060 omnes
708 997 1074 1063 affectiones
1143 1018 1292 1063 suas
1341 1019 1376 1062 a
1424 1002 1811 1064 terrenarum
1861 1000 2358 1065 delectationum
2413 1001 2586 1065 fluxu

220 1126 246 1164 5
289 1103 592 1186 colligant
638 1109 826 1187 atque
877 1106 1335 1189 constringant.
1395 1106 1925 1191 interrogabo
1987 1111 2104 1182 te;
2172 1110 2256 1171 tu
2324 1112 2585 1171 autem

287 1211 687 1292 responde
753 1212 983 1275 mihi:
1052 1212 1187 1275 ubi
1254 1231 1425 1276 eras
1503 1232 1676 1277 cum
1750 1213 2167 1278 fundarem
2237 1217 2583 1277 terram?

286 1316 431 1381 hinc
488 1318 614 1381 iam
671 1319 1109 1383 commendare
1165 1319 1392 1400 incipit
1448 1320 1858 1384 eminentiam
1906 1320 2144 1383 domini
2193 1320 2390 1384 nostri
2435 1320 2584 1383 Iesu

288 1423 547 1502 Christi,
597 1426 745 1506 quia
790 1427 852 1489 in
903 1426 1042 1508 ipso
1092 1430 1191 1489 est
1237 1425 1410 1490 salus
1461 1428 1744 1491 omnium
1784 1446 2228 1509 percussorum
2277 1430 2588 1490 uenenata

285 1531 577 1595 suasione
634 1533 967 1615 serpentis,
1016 1552 1090 1597 ne
1139 1532 1199 1596 in
1252 1553 1318 1597 se
1368 1533 1491 1596 sibi
1540 1533 1811 1615 quisque
1860 1553 1999 1598 esse
2058 1535 2333 1597 salutem
2382 1536 2584 1615 putet.

192 1655 243 1692 ιο
284 1636 391 1701 1110
451 1638 614 1701 0111111
676 1639 853 1712 deus,
913 1659 1031 1704 non
1093 1639 1264 1704 sicut
1319 1640 1562 1703 dictum
1623 1645 1749 1704 est:
1815 1639 1927 1703 dii
1995 1641 2201 1704 estis
2271 1644 2349 1703 et
2412 1639 2585 1703 filii

284 1744 709 1818 altissimi,
769 1745 880 1810 sed
938 1747 1040 1810 cui
1096 1746 1313 1829 rapina
1368 1766 1493 1811 non
1552 1747 1639 1810 sit
1695 1765 1834 1811 esse
1893 1747 2222 1828 aequalem
2278 1746 2461 1828 patri,
2522 1752 2587 1810 et

282 1848 453 1913 filius
502 1851 796 1924 hominis,
846 1872 967 1917 non
1016 1852 1186 1916 sicut
1230 1852 1345 1916 filii
1390 1852 1742 1926 hominum,
1790 1853 1865 1917 in
1917 1853 2214 1936 quibus
2264 1873 2410 1917 non
2461 1855 2586 1916 est

285 1958 532 2032 salus,
567 1959 676 2021 sed
710 1978 881 2040 prae
911 1961 1472 2041 participibus
1507 1960 1710 2034 suis:
1745 1979 1865 2024 non
1890 1960 2289 2024 enimiustus
2312 1963 2583 2037 tantum,

282 2064 452 2127 sicut
507 2065 640 2141 Iob,
702 2066 872 2130 sicut
924 2067 1187 2140 Paulus»,
1249 2068 1418 2131 sicut
1475 2067 1764 2145 ecclesia,
1815 2068 1928 2131 sed
1984 2068 2174 2131 etiam
2231 2066 2582 2131 iustificans

191 2190 249 2229 ιε»
283 2174 684 2252 tamquam
724 2173 1206 2254 unigenitus
1248 2193 1283 2236 a
1321 2178 1572 2255 patre,
1613 2174 1903 2255 plenus
1947 2174 2213 2258 gratia
2261 2178 2336 2237 et
2382 2174 2584 2237 ueri-

280 2280 474 2341 tate.
512 2278 588 2341 ad
618 2279 1060 2344 insinuandam
1095 2299 1242 2363 ergo
1267 2280 1680 2344 differentiam
1705 2280 1953 2344 diuinae
1984 2280 2401 2344 humanitatis
2423 2281 2580 2353 eius,

285 2388 348 2450 in
404 2404 530 2466 quo
579 2385 872 2467 princeps
922 2386 1114 2450 huius
1163 2387 1382 2450 mundi
1430 2387 1590 2450 nihil
1637 2387 1903 2462 inuenit,
1956 2387 2103 2470 quia
2161 2387 2220 2451 in
2264 2387 2581 2468 passione,

284 2511 444 2573 quae
494 2512 614 2557 non
664 2493 892 2574 rapuit,
942 2498 1095 2557 tunc
1134 2494 1520 2571 exsoluebat,
1563 2499 1626 2557 et
1662 2494 2180 2559 iustificationem
2221 2498 2582 2559 sanctorum

283 2619 396 2681 per
441 2603 848 2681 peccatorum
884 2600 1346 2677 remissionem,
1390 2601 1621 2683 quibus
1671 2602 1909 2666 sanctis
1956 2602 2017 2665 in
2065 2621 2266 2666 unum
2310 2601 2583 2666 redactis

181 2721 239 2758 2⁰
286 2706 357 2769 fit
405 2725 633 2786 corpus
684 2706 822 2770 eius
872 2706 1161 2783 ecclesia,
1212 2707 1393 2772 cuius
1442 2711 1507 2770 et
1550 2708 1864 2789 particula
1919 2712 2018 2773 est
2063 2709 2174 2772 Iob
2232 2708 2582 2773 secundum

279 2811 609 2876 historiam
662 2813 811 2895 quia
856 2813 1243 2877 iustificatus
1293 2818 1357 2878 et
1401 2814 1606 2898 figura
1642 2815 1998 2893 uniuersae,
2036 2834 2147 2897 per
2183 2815 2579 2898 prophetiam

280 2917 505 2999 incipit
550 2919 757 2984 dicere
808 2939 966 3002 quae
1014 2920 1300 2985 dicturus
1351 2925 1467 2985 est.
1519 2922 1656 2986 ubi
1703 2942 1878 2986 eras
1929 2942 2101 2986 cum
2158 2922 2578 2985 fundarem

279 3028 628 3088 terram?
696 3028 910 3088 utrum
979 3026 1126 3108 quia
1191 3026 1469 3090 nondum
1538 3031 1691 3103 erat,
1741 3046 1817 3092 an
1885 3028 2033 3109 quia
2090 3047 2208 3092 non
2264 3047 2375 3109 per
2432 3046 2576 3091 eum

275 3130 544 3194 fundata
608 3134 725 3206 est,
778 3131 947 3195 sicut
1009 3151 1120 3213 per
1183 3132 1442 3195 unicum
1510 3133 1757 3197 filium?
1826 3138 1889 3198 et
1942 3137 2173 3197 temam
2229 3134 2442 3210 istam,
2500 3153 2577 3196 an

179 3255 238 3294 25
278 3236 484 3319 ipsam
553 3237 932 3301 ecclesiam?
999 3238 1134 3320 ipsa
1200 3238 1368 3302 enim
1426 3240 1675 3321 accepit
1726 3240 2003 3322 lapidem
2059 3240 2443 3324 angularem,
2502 3240 2578 3305 de

281 3363 406 3425 quo
453 3363 599 3408 mox
646 3343 932 3408 dicturus
971 3348 1089 3408 est.
1138 3344 1413 3409 indica
1459 3345 1677 3421 mihi,
1730 3346 1798 3411 si
1846 3347 2063 3411 nosti
2113 3346 2576 3411 scientiam:

277 3450 437 3514 haec
493 3450 661 3513 enim
718 3469 878 3532 quae
927 3470 963 3513 a
1009 3450 1263 3515 domino
1311 3469 1422 3532 pro
1470 3451 1654 3516 nobis
1702 3452 2132 3535 temporaliter
2178 3457 2359 3537 gesta
2405 3456 2575 3531 sunt,

465 3695 488 3745 1
529 3692 584 3745 11
625 3690 742 3746 Cor.
788 3694 869 3755 12,
908 3696 940 3747 9
1088 3695 1120 3747 2
1156 3694 1254 3746 Iob
1295 3695 1380 3757 38,
1419 3696 1450 3748 3
1590 3698 1622 3749 5
1661 3696 1759 3750 Iob
1799 3696 1883 3757 38,
1924 3697 1976 3750 3.
2013 3698 2048 3749 4
2185 3697 2251 3750 10
2288 3696 2375 3749 Ps.
2414 3695 2501 3759 81,
2541 3698 2574 3750 6

281 3784 342 3837 11
388 3781 455 3835 cf.
493 3781 634 3835 Phil.
674 3784 723 3845 2,
762 3784 793 3835 6
908 3784 972 3836 12
1013 3783 1077 3836 cf.
1115 3784 1204 3837 Ps.
1251 3785 1365 3841 145.
1405 3785 1438 3839 3
1553 3785 1618 3839 13
1656 3784 1745 3837 Ps.
1784 3788 1871 3841 44.
1911 3785 1944 3838 8
2051 3788 2113 3839 15
2155 3785 2220 3837 cf.
2260 3785 2375 3838 1011.
2419 3788 2466 3850 1,
2510 3787 2574 3839 14

280 3872 344 3924 17
386 3869 453 3924 cf.
490 3869 608 3923 1011.
649 3870 730 3934 14,
770 3871 839 3924 30
980 3872 1046 3925 18
1083 3871 1149 3928 cf.
1189 3871 1276 3926 Ps.
1318 3872 1403 3937 68,
1441 3874 1473 3924 5
1612 3873 1683 3925 22
1718 3873 1815 3927 Iob
1855 3876 1940 3937 38,
1977 3875 2013 3926 4
2157 3876 2225 3928 25
2266 3874 2331 3927 cf.
2372 3873 2573 3943 Ephesi.

274 3961 327 4023 2,
367 3960 437 4013 20
546 3960 615 4012 26
652 3958 749 4011 Iob
791 3960 877 4023 38,
912 3960 948 4012 4

345 4118 381 4170 4
421 4116 746 4169 afflictiones
790 4117 837 4170 0
976 4118 1114 4172 flexu
1155 4120 1193 4173 d
1273 4121 1305 4173 6
1343 4120 1649 4191 fundarem]
1687 4121 1991 4175 fraudarem
2037 4121 2083 4175 C
2153 4122 2182 4174 7
2221 4122 2328 4175 iam
2368 4139 2484 4175 cum
2531 4122 2578 4176 0

272 4208 306 4261 8
345 4207 490 4277 ipso]
527 4193 630 4276 1Ῑό
677 4205 724 4259 0
826 4208 859 4261 9
900 4223 1015 4261 esse
1054 4224 1155 4264 om.
1196 4208 1236 4261 d
1345 4211 1405 4262 11
1448 4208 1567 4277 sed]
1605 4210 1748 4263 sicut
1784 4209 1822 4264 d
1934 4211 1997 4264 13
2036 4210 2194 4263 iustis
2234 4211 2265 4264 b
2378 4212 2444 4264 18
2483 4228 2573 4264 ex·

272 4295 499 4351 cluebat
542 4295 593 4348 T
696 4296 760 4349 21
805 4297 953 4364 quia]
995 4297 1146 4364 quasi
1184 4297 1239 4349 P
1380 4298 1663 4352 uniuersae
1701 4299 1959 4353 ecclesiae
1998 4301 2051 4353 P
2158 4301 2225 4353 22
2263 4299 2568 4370 fundarem]

270 4384 581 4439 fraudarem
620 4384 664 4437 C
771 4386 838 4438 25
878 4385 1039 4454 0111111]
1080 4389 1259 4438 autem
1304 4385 1433 4439 TCb
1544 4387 1612 4440 26
1649 4387 1843 4440 indeca
1878 4386 1925 4441 S
