3076 4976
598 525 1075 588 Quaestionum
1115 526 1225 578 lib.
1264 525 1332 579 11.
1377 525 1665 591 (Quaest.
1708 526 1781 578 de
1821 525 2074 592 Exodo).
2356 529 2477 590 119

205 725 498 802 potestate
538 723 921 786 sublimatus
955 727 1070 798 est,
1104 723 1293 787 etiam
1333 723 1424 787 010
1457 722 1665 788 CCCL
1695 729 1895 799 erunt,
1929 741 2086 803 quos
2119 721 2478 803 Tychonius

204 829 333 891 uult
377 829 576 911 accipi
628 828 1143 912 quadringentos,
1194 835 1268 894 ut
1314 851 1347 894 a
1394 833 1529 894 toto
1589 849 1732 913 pars
1791 829 2219 912 intellegatur,
2270 828 2332 891 id
2382 832 2480 890 est

204 954 235 998 a
276 939 397 999 toto
445 938 801 1001 centenario
849 956 993 1019 pars
1042 937 1594 1022 quinquagenaria,
1636 943 1700 1000 et
1744 937 1969 1018 probat
2016 936 2131 999 hac
2177 934 2478 1016 loquendi

201 1044 403 1125 regula
458 1044 662 1107 solere
721 1044 812 1107 uti
870 1044 1268 1126 scripturam.
1346 1046 1400 1108 si
1459 1050 1694 1122 autem,
1746 1044 1911 1125 quod
1970 1044 2290 1123 aliquanto
2339 1060 2476 1121 pro-

150 1149 455 1214 sbabilius
546 1151 674 1214 dici
760 1155 991 1233 potest,
1079 1156 1228 1215 tunc
1310 1152 1655 1215 habeamus
1739 1151 2008 1215 intrasse
2090 1149 2331 1212 Israhel
2411 1148 2474 1210 in

130 1701 170 1735 10

201 1257 563 1338 Aegyptum.
624 1258 870 1339 quando
927 1257 1062 1321 illic
1108 1258 1338 1338 Ioseph
1397 1277 1537 1322 esse
1595 1258 1893 1322 uenditus
1952 1257 2180 1338 coepit,
2239 1255 2476 1317 detrac-

200 1363 309 1426 turi
371 1383 593 1427 sumus
663 1363 865 1427 adhuc
931 1384 1124 1428 annos
1189 1364 1362 1440 ΧΙΙΙ,
1439 1368 1514 1427 ut
1579 1364 2036 1429 CCCXXXVII
2102 1381 2296 1426 annos
2365 1380 2472 1442 pro

201 1469 663 1552 quadringentis
738 1470 1142 1553 accipiamus.
1230 1469 1341 1534 sed
1417 1490 1561 1534 cum
1639 1471 1952 1552 scriptura
2027 1469 2476 1532 commemoret

201 1575 377 1639 Caath
431 1577 639 1641 filium
688 1577 843 1640 Leui
900 1596 1089 1640 auum
1140 1577 1349 1660 Moysi
1408 1597 1550 1641 011111
1613 1596 1729 1640 auo
1790 1597 1904 1641 suo
1960 1577 2148 1640 Iacob
2209 1575 2474 1636 intrasse

199 1682 252 1744 in
294 1683 677 1765 Aegyptum,
728 1684 896 1747 dicat
958 1703 1101 1747 eum
1169 1688 1378 1747 autem
1439 1684 1674 1748 uixisse
1733 1704 1925 1748 annos
1976 1682 2222 1748 CXXX.
2273 1680 2473 1743 filium

197 1807 329 1851 uero
393 1790 530 1853 eius
601 1795 839 1871 patrem
906 1791 1115 1873 Moysi
1180 1792 1477 1854 Ambram
1550 1791 1928 1866 CXXXVH,
1995 1791 2257 1873 Moysen
2324 1807 2472 1851 uero

199 1892 347 1958 dicat
378 1896 606 1959 LXXX
636 1916 936 1960 annorum
976 1897 1175 1961 fuisse
1215 1917 1358 1961 cum
1401 1898 1477 1961 de
1506 1899 1795 1981 Aegypto
1835 1899 2140 1979 populum
2178 1896 2476 1959 liberauit

198 2038 271 2046 —
316 2004 501 2066 etiam
571 2003 629 2067 si
693 2009 845 2067 tune
914 2005 1242 2086 genuisset
1289 2005 1484 2069 Caath
1552 2009 1792 2087 patrem
1842 2005 2073 2086 Moysi,
2125 2023 2246 2085 quo
2316 2023 2471 2066 anno

198 2113 464 2174 mortuus
532 2115 653 2174 est.
721 2109 826 2173 ille
893 2129 1141 2192 quoque
1199 2112 1498 2174 Ambram
1565 2111 1790 2174 ultimo
1859 2112 2029 2174 uitae
2097 2129 2246 2173 suae
2314 2128 2471 2172 auno

145 2232 165 2268 5
196 2216 503 2294 genuisset
551 2216 816 2298 Moysen
867 2253 948 2261 —
999 2217 1322 2299 conputati
1387 2217 1528 2280 anni
1588 2217 1816 2280 CXXX
1882 2223 1945 2280 et
1993 2216 2344 2281 CXXXVII
2411 2220 2475 2280 et

196 2323 500 2405 octoginta
566 2325 885 2386 trecentos
952 2323 1367 2406 quadraginta
1435 2327 1677 2404 septem
1747 2343 1940 2386 annos
2015 2323 2273 2387 faciunt.
2351 2343 2471 2386 non

197 2427 671 2511 quadringentos
720 2429 1000 2513 triginta.
1079 2431 1303 2513 quodsi
1354 2431 1496 2512 quis
1547 2430 1715 2496 dieat
1761 2435 2033 2495 extremo
2094 2450 2250 2495 anuo
2302 2429 2471 2494 uitae

197 2533 404 2617 Ioseph
453 2541 673 2599 natum
726 2556 865 2600 esse
916 2536 1111 2601 Caath
1160 2538 1359 2600 filium
1410 2538 1586 2605 Leui.
1639 2540 2041 2622 septuaginta
2086 2540 2280 2601 ferme
2330 2539 2470 2601 anni

197 2646 447 2720 possunt
502 2644 801 2707 accedere
858 2644 950 2707 illi
1010 2665 1313 2719 summae,
1374 2646 1521 2727 quia
1579 2648 1982 2728 septuaginta
2030 2666 2226 2709 11111101
2279 2666 2469 2709 annos

124 2769 141 2804 1
198 2748 336 2812 uixit
379 2750 439 2812 in
491 2751 784 2834 Aegypto
832 2751 1057 2833 Ioseph
1109 2755 1255 2834 post
1289 2754 1648 2835 ingressum
1686 2754 1882 2833 patris
1924 2754 2043 2816 sui.
2095 2757 2473 2834 quapropter

196 2854 366 2918 etiam
415 2858 507 2920 sic
557 2858 959 2940 septuaginta
1008 2860 1148 2921 anni
1209 2859 1376 2922 uitae
1427 2860 1654 2940 Ioseph
1707 2860 1781 2923 ab
1829 2860 2119 2943 ingressu
2169 2860 2357 2923 Iacob
2405 2860 2469 2922 in

195 2962 538 3044 Aegyptum
589 2983 791 3044 usque
842 2966 1236 3029 natiuitatem
1290 2965 1508 3043 Caath,
1570 2967 1622 3029 si
1680 2971 1830 3029 tune
1888 2971 2073 3029 natus
2123 2965 2468 3043 adseratur,

196 3071 250 3131 et
285 3074 531 3133 centum
574 3071 834 3153 triginta
873 3072 1011 3135 anni
1052 3072 1257 3154 ipsius
1290 3072 1488 3136 Caath
1528 3077 1593 3136 et
1632 3076 1883 3137 eentum
1928 3074 2186 3155 triginta
2227 3076 2468 3154 septem

195 3173 296 3236 filii
359 3178 496 3241 eius
556 3178 851 3242 Ambram
920 3179 1115 3262 patris
1181 3180 1388 3261 Moysi
1456 3184 1519 3242 et
1586 3180 1909 3263 octoginta
1973 3180 2175 3260 ipsius
2237 3179 2467 3261 Moysi,

361 3458 381 3508 1
425 3455 665 3525 Tychon.
706 3458 757 3509 in
798 3457 987 3525 Regul.
1029 3457 1074 3508 V
1248 3460 1279 3510 >3
1320 3458 1382 3510 cf.
1426 3460 1560 3512 Gen.
1599 3460 1685 3513 46.
1730 3459 1788 3509 11
1964 3456 2029 3509 10
2069 3458 2135 3509 cf.
2175 3457 2265 3509 Ex.
2308 3458 2358 3519 6,
2403 3457 2467 3509 ls

198 3541 253 3593 cs.
291 3543 379 3597 Ex.
420 3548 470 3601 6.
512 3547 581 3598 20
716 3547 777 3600 11
822 3547 886 3599 cl'.
928 3546 1019 3598 Ex.
1062 3547 1111 3609 7,
1154 3547 1181 3598 7

262 3737 282 3787 1
322 3738 365 3788 si
405 3738 450 3789 C
592 3737 863 3790 tichonius
902 3738 967 3790 N
997 3738 1282 3807 thyconius
1332 3739 1380 3790 T
1413 3739 1685 3792 thiconius
1725 3740 1755 3792 b
1935 3740 1969 3791 2
2007 3740 2380 3808 quatrigentos
2426 3740 2474 3792 C

197 3823 224 3874 3
259 3827 547 3878 centinario
594 3826 639 3877 G
744 3828 777 3879 ἵ)
814 3825 1094 3879 fabeamus
1142 3827 1190 3879 T
1295 3829 1328 3881 6
1366 3829 1516 3896 iosep
1563 3828 1610 3881 C'
1729 3830 1758 3880 7
1798 3845 1893 3898 per
1932 3828 2355 3897 quadringentos
2392 3829 2466 3881 P¹

197 3913 225 3963 9
262 3918 325 3965 {et
374 3914 458 3976 13)
512 3918 600 3966 cat
642 3913 689 3966 G
731 3915 854 3967 cath
902 3915 1012 3967 PT
1055 3915 1180 3968 chat
1216 3916 1282 3969 N
1492 3917 1637 3982 100111
1684 3917 1730 3969 (J
1911 3918 1975 3971 10
2014 3923 2194 3970 autem
2234 3935 2353 3969 eum
2395 3918 2469 3970 bd

200 4001 251 4051 ll
290 4018 485 4054 amram
524 4001 658 4056 STb
754 4006 818 4056 14
857 4020 1057 4056 amram
1097 4003 1173 4057 δ’ὁ
1214 4005 1395 4058 abram
1424 4006 1543 4058 NT
1633 4008 1695 4061 15
1736 4008 1987 4075 genuisse
2018 4007 2093 4061 Sb
2200 4023 2383 4075 moyse
2421 4006 2472 4058 T

198 4093 401 4157 copntet
437 4107 605 4144 annos
645 4092 676 4144 b
774 4093 836 4146 16
878 4097 932 4145 et
971 4092 1331 4162 quadraginta
1378 4094 1501 4147 Vbd
1614 4096 1976 4165 qudringenta
2006 4096 2049 4149 S
2141 4097 2204 4148 17
2248 4094 2466 4161 quadri-

199 4182 373 4244 gentos
416 4179 464 4231 C
638 4181 880 4249 trigenta
924 4181 969 4233 0
1147 4182 1765 4252 quodsi—septuaginta
1802 4202 1901 4238 om.
1953 4186 2004 4237 V
2181 4186 2246 4237 18
2286 4186 2380 4251 gat
2425 4184 2472 4235 0

198 4266 307 4318 cath
343 4268 452 4320 PT
487 4269 611 4322 chat
646 4269 713 4322 N
848 4270 959 4325 fere
1007 4272 1057 4324 T
1167 4274 1229 4325 19
1269 4290 1435 4325 annos
1477 4284 1530 4324 et
1569 4290 1732 4325 unum
1764 4275 1806 4325 S
1951 4283 2092 4327 annu
2129 4274 2180 4326 T
2276 4274 2342 4325 ‘20
2374 4289 2462 4324 ae-

197 4360 402 4422 gyptum
450 4358 501 4410 T
601 4361 664 4412 21
709 4360 754 4412 si
794 4360 824 4412 b
934 4362 1002 4413 22
1041 4378 1211 4430 usque
1252 4361 1316 4413 ad
1356 4360 1588 4415 PSVbd
1748 4364 1818 4433 (et
1855 4364 1944 4431 ⁶23)
1987 4368 2070 4415 cat
2117 4364 2163 4415 C
2197 4362 2319 4414 cath
2358 4362 2469 4413 PT

199 4440 309 4494 chat
346 4444 405 4497 N
546 4448 613 4501 28
642 4465 735 4515 pr.
776 4454 829 4501 et
867 4466 967 4503 om.
1017 4450 1066 4503 Τ
1207 4452 1274 4503 24
1314 4469 1513 4503 amram
1555 4451 1688 4506 STb
