3076 4976
518 470 643 532 106
1220 468 1272 523 S.
1330 467 1608 520 Aureli
1666 467 2098 536 Augustini

510 666 626 738 est,
676 666 739 726 et
785 663 846 726 in
894 663 1096 743 prima
1143 665 1347 746 plaga,
1397 664 1505 727 ubi
1546 683 1705 744 aqua
1743 663 1805 726 iu
1847 664 2216 746 sauguinem
2258 667 2645 727 commutata
2684 667 2808 726 est.

511 772 575 832 et
620 770 680 831 in
731 770 1004 833 secunda
1052 770 1127 833 de
1173 770 1363 846 ranis⁷
1404 771 1459 834 si
1506 770 1624 833 hoe
1673 771 1991 833 uoluisset
2038 769 2357 852 digitus
2408 770 2553 846 dei,
2595 770 2656 832 id
2708 775 2810 833 est

510 875 771 956 spiritus
820 877 940 941 dei.
1020 878 1159 959 quis
1210 878 1375 940 enim
1423 877 1940 941 dementissimus
2004 877 2228 940 dixerit
2275 875 2542 959 digitum
2593 875 2695 939 dei
2741 877 2808 940 in

510 981 629 1044 hoe
669 982 848 1066 signo
888 983 1175 1063 potuisse
1215 987 1476 1047 conatus
1517 1002 1842 1066 magorum
1875 984 2154 1065 inpedire
2186 986 2250 1046 et
2276 985 2338 1046 in
2370 983 2810 1065 superioribus

511 1089 926 1169 nequiuisse?
976 1091 1227 1153 omnino
1276 1110 1425 1172 ergo
1475 1094 1646 1154 certa
1694 1110 1885 1154 eausa
1925 1094 2023 1154 est
2060 1110 2251 1171 quare
2290 1091 2400 1154 illa
2437 1091 2639 1154 faeere
2679 1090 2807 1154 huc
2873 1112 2897 1148 s

509 1214 714 1276 usque
775 1198 1064 1278 permissi
1128 1202 1294 1261 sunt.
1373 1197 1847 1262 commendatur
1893 1198 2056 1261 enim
2105 1198 2372 1261 fortasse
2419 1197 2667 1260 trinitas
2718 1202 2806 1273 et,

512 1302 679 1384 quod
717 1322 940 1367 uerum
979 1308 1095 1379 est,
1131 1305 1361 1368 summi
1400 1305 1760 1387 philosophi
1802 1306 2104 1388 gentium,
2138 1308 2442 1385 quantum
2481 1305 2542 1367 in
2584 1323 2804 1367 eorum

507 1410 740 1474 litteris
786 1411 1141 1494 indagatur,
1184 1413 1315 1475 sine
1355 1412 1583 1492 spiritu
1634 1417 1847 1476 sancto
1896 1411 2330 1494 philosophati
2378 1412 2545 1480 sunt,
2587 1429 2808 1489 quam-

505 1517 606 1582 uis
664 1517 739 1582 de
798 1522 974 1599 patre
1022 1522 1085 1582 et
1148 1519 1278 1583 filio
1327 1539 1446 1582 non
1495 1519 1826 1594 tacuerint,
1877 1519 2042 1600 quod
2110 1519 2298 1582 etiam
2360 1517 2671 1598 Didymus
2743 1519 2808 1580 in

504 1625 665 1688 libro
715 1645 830 1689 suo
880 1626 1187 1703 meminit,
1238 1646 1420 1706 quem
1476 1626 1732 1707 scripsit
1778 1626 1852 1688 de
1904 1625 2130 1706 spiritu
2180 1628 2416 1689 saneto.
2852 1645 2899 1683 ιο

598 1732 827 1796 XXVI.
891 1732 1091 1796 Eece
1155 1752 1295 1816 ego
1359 1734 1597 1797 mitto
1647 1733 1721 1795 in
1771 1736 1846 1796 te
1895 1732 2091 1795 etin
2144 1750 2429 1794 seruos
2493 1735 2676 1794 tuos
2729 1735 2812 1793 et

508 1839 582 1900 in
649 1839 1035 1920 populum
1101 1843 1325 1902 tuum
1394 1844 1467 1903 et
1534 1841 1609 1903 in
1676 1839 1948 1903 domos
1997 1843 2180 1902 tuas
2231 1837 2675 1920 cynomiam
2730 1843 2812 1901 et

505 1944 1070 2025 implebuntur
1101 1946 1377 2009 domus
1409 1946 1997 2028 Aegyptiorum
2031 1944 2414 2026 cynomia,
2446 1947 2530 2006 ut
2562 1944 2808 2016 scias,

507 2051 889 2131 quoniam
951 2070 1091 2134 ego
1153 2072 1321 2115 sum
1382 2052 1758 2116 dominus
1818 2051 2012 2115 deus
2071 2051 2328 2114 omnis
2387 2054 2674 2113 terrae.
2729 2053 2809 2113 et

507 2158 707 2221 dabo
754 2157 1291 2221 interuallum
1344 2159 1558 2222 inter
1593 2158 1976 2240 populum
2017 2176 2262 2220 meum
2314 2159 2389 2220 et
2427 2157 2643 2220 inter
2677 2176 2808 2237 po·
2851 2180 2899 2218 ιε

504 2265 778 2347 pulum
828 2268 1072 2330 tuum.
1124 2266 1291 2347 quod
1340 2267 1440 2329 hie
1492 2267 1804 2345 scriptura
1852 2266 2116 2346 aperuit,
2151 2284 2226 2327 ne
2259 2264 2492 2343 ubique
2546 2263 2808 2336 diceret,

505 2372 873 2454 intellegere
921 2372 1224 2436 debemus
1276 2377 1339 2437 et
1385 2373 1445 2435 in
1495 2372 1948 2454 posterioribus
2006 2376 2070 2434 et
2123 2371 2185 2434 in
2235 2371 2550 2452 prioribus
2602 2370 2809 2453 signis

506 2479 745 2542 factum
786 2499 945 2557 esse,
979 2483 1050 2544 ut
1078 2482 1243 2544 terra
1282 2480 1340 2543 in
1386 2501 1507 2561 qua
1549 2479 1877 2544 habitabat
1913 2478 2186 2561 populus
2228 2476 2328 2541 dei
2369 2477 2562 2541 nullis
2592 2477 2810 2561 plagis

506 2584 741 2647 talibus
808 2590 1156 2650 uexaretur.
1224 2590 1602 2668 oportunum
1671 2590 1882 2650 autem
1947 2586 2089 2661 fuit,
2156 2587 2229 2649 ut
2277 2584 2363 2647 ibi
2412 2585 2530 2647 hoc
2590 2589 2811 2665 aperte

506 2695 860 2771 poneretur,
910 2693 1072 2757 unde
1132 2694 1257 2756 iam
1318 2693 1634 2775 incipiunt
1680 2693 1858 2776 signa
1906 2693 2137 2773 quibus
2185 2692 2358 2774 magi
2406 2692 2642 2754 similia
2687 2711 2808 2755 nec
2847 2718 2896 2754 ευ

508 2798 716 2859 eonati
788 2802 938 2862 sunt
997 2800 1232 2873 faeere;
1308 2800 1530 2881 procul
1593 2799 1781 2863 dubio
1847 2799 2012 2862 enim
2076 2798 2222 2879 quia
2271 2798 2504 2879 ubique
2552 2799 2812 2862 fuerant

507 2904 762 2967 scinifes
835 2905 897 2967 in
973 2924 1162 2989 regno
1236 2906 1603 2981 Pharaonis,
1678 2926 1798 2969 non
1875 2909 2085 2969 autem
2161 2907 2408 2968 fuerant
2488 2904 2551 2966 in
2637 2908 2810 2967 terra

508 3009 795 3085 Gessem,
870 3013 957 3075 ihi
1031 3014 1239 3076 eonati
1315 3017 1466 3076 sunt
1535 3014 1708 3094 magi
1784 3012 2080 3075 similiter
2142 3012 2346 3074 facere
2413 3015 2476 3073 et
2540 3010 2810 3073 minime

506 3121 866 3198 potuerunt.
942 3139 1271 3202 quousque
1329 3139 1476 3203 ergo
1528 3119 1883 3193 deficerent,
1957 3118 2116 3181 nihil
2192 3118 2267 3180 de
2342 3116 2514 3180 illius
2596 3120 2810 3181 terrae

508 3227 941 3309 segregatione
1005 3227 1244 3291 dictum
1308 3230 1425 3303 est,
1489 3226 1602 3289 sed
1664 3246 1732 3289 ex
1795 3245 1917 3305 quo
1982 3226 2322 3305 coeperunt
2368 3242 2436 3286 ea
2484 3222 2639 3299 fieri,
2686 3224 2810 3286 ubi
2848 3250 2897 3287 ες,

506 3332 630 3395 iam
679 3332 773 3395 illi
820 3333 1053 3396 similia
1097 3334 1301 3396 facere
1348 3352 1461 3396 neo
1510 3333 1720 3396 conari
1768 3331 2088 3396 auderent.

595 3439 856 3503 XXVII.
907 3437 1087 3517 Quod
1137 3439 1371 3502 habent
1416 3439 1632 3502 latini:
1683 3442 1969 3502 euntes
2016 3438 2428 3501 immolate
2479 3436 2807 3501 domino

508 3544 647 3608 deo
726 3548 1004 3608 uestro
1072 3546 1147 3607 in
1215 3550 1450 3620 terra,
1528 3563 1792 3627 graecus
1869 3544 2094 3607 habet:
2172 3544 2600 3607 uenientes
2667 3544 2808 3608 im·

684 3737 715 3789 9
754 3735 880 3790 Did.
923 3740 1052 3787 tom.
1091 3737 1159 3788 39
1200 3754 1249 3804 p.
1296 3736 1430 3789 1034
1468 3736 1653 3804 Migne
1806 3737 1864 3787 11
1893 3736 1984 3788 Ex.
2008 3736 2057 3795 8,
2082 3734 2292 3788 21—23
2420 3736 2487 3788 27
2521 3735 2611 3788 Ex.
2643 3736 2692 3793 8.
2734 3737 2809 3789 ‘25

580 3844 603 3895 1
650 3842 911 3909 sanguine
958 3841 1008 3892 N
1108 3844 1139 3895 3
1168 3858 1259 3909 pr.
1301 3841 1408 3909 dei]
1452 3847 1669 3896 sanctus
1709 3842 1739 3893 b
1830 3844 1858 3894 7
1902 3842 2110 3909 uerum]
2153 3840 2374 3893 uerbum
2413 3840 2558 3893 P¹S¹
2655 3841 2686 3892 9
2738 3842 2810 3894 de

505 3933 615 3985 filio
652 3931 702 3983 T
844 3930 1088 3999 dydimus
1125 3931 1170 3983 C
1205 3930 1438 3983 didimus
1468 3930 1648 3983 NTV
1746 3932 1811 3984 12
1850 3930 2134 3983 cinomiam
2169 3929 2278 3982 CN
2311 3930 2608 3999 cynomiam
2639 3929 2815 3983 SVT

506 4019 841 4089 cynomyiam
881 4019 956 4071 bd
1085 4019 1148 4072 13
1188 4018 1374 4072 domos
1413 4020 1467 4072 P
1597 4023 1659 4075 16
1697 4024 1852 4074 tuum
1891 4038 1990 4075 om.
2040 4019 2103 4073 0¹
2281 4018 2600 4086 ubicumque
2639 4019 2807 4073 P¹Sb

508 4111 572 4162 17
613 4108 871 4162 debemus
911 4107 1003 4160 sed
1042 4107 1217 4162 PVS¹
1372 4114 1424 4161 et
1463 4110 1517 4161 in
1557 4109 1826 4177 prioribus
1865 4127 1965 4165 om.
2006 4108 2072 4161 N
2248 4108 2313 4160 18
2353 4107 2807 4162 nullis-talibus

506 4214 605 4250 om.
645 4196 711 4249 N
777 4198 841 4249 21
888 4197 1015 4264 quia
1062 4198 1112 4247 V
1179 4198 1248 4250 22
1287 4199 1519 4266 scynifes
1549 4198 1647 4251 PS
1683 4198 1940 4267 cyniphes
1972 4198 2002 4250 b
2041 4196 2327 4265 scyniphes
2357 4197 2394 4248 d
2500 4195 2722 4250 fuerunt
2763 4199 2812 4252 C

504 4290 702 4337 terram
740 4286 794 4337 P
884 4270 951 4338 2'3
990 4302 1207 4354 gensem
1255 4285 1301 4339 G
1334 4304 1528 4355 gessen
1565 4287 1686 4340 de
1774 4288 1840 4339 ‘27
1882 4285 2036 4338 latini
2077 4285 2286 4338 codices
2324 4285 2527 4337 habent
2568 4286 2598 4338 b
2641 4286 2806 4341 latini

504 4378 707 4431 habent
739 4379 776 4431 cl
885 4379 1162 4432 immolare
1191 4379 1323 4432 1²1·¹
1397 4382 1465 4431 ‘23
1496 4384 1640 4433 terra
1666 4380 1763 4432 hae
1796 4381 1826 4432 b
1939 4377 2184 4438 ἐλθόντες
2224 4378 2292 4430 Τι’
2322 4377 2646 4435 ἀπελθόντες
2677 4377 2809 4446 Lay
