3076 4976
302 1663 352 1699 ⁸0

303 2197 351 2234 ⁸5

293 3263 351 3300 25

747 484 1224 552 Quaestionum
1266 487 1376 540 lib.
1415 487 1500 540 111
1542 484 1831 551 (Quaest.
1872 486 1946 541 de
1984 487 2337 553 Leuitico).
2559 492 2687 553 295

389 683 679 747 homines
730 683 837 763 qui
887 682 1041 747 haec
1090 683 1450 757 imitanum
1503 686 1566 746 et
1614 683 1899 747 exhorret
1945 686 2128 760 terra,
2171 684 2319 766 quia
2366 683 2694 748 exhorrent

389 789 678 853 homines
729 789 835 870 qui
885 808 997 853 nec
1047 790 1288 854 faciunt
1334 808 1446 853 nec
1496 789 1845 855 imitantur.

481 896 767 960 LXVIII.
843 895 1005 960 Non
1073 898 1381 961 furtum
1453 897 1794 961 facietis
1862 916 2114 979 neque
2171 897 2685 963 mentiemini

389 1021 649 1084 neque
736 1003 1224 1066 calumniam
1317 1003 1573 1067 faciet
1655 1005 2223 1086 unusquisque
2306 1005 2687 1085 proximo,

394 1109 553 1172 illud
610 1109 685 1173 de
741 1109 909 1173 furto
968 1110 1250 1190 positum
1309 1115 1411 1174 est
1462 1110 1523 1173 iu
1596 1110 1920 1193 decalogo,
2007 1111 2172 1193 quod
2232 1114 2445 1175 autem
2503 1111 2689 1175 dicit:

391 1235 647 1297 neque
713 1216 1221 1280 mentiemini
1291 1236 1546 1298 neque
1614 1217 2094 1281 calumniam
2152 1216 2406 1280 faciet
2463 1236 2690 1281 unus-

391 1322 739 1404 quisque
787 1322 1168 1403 proxime,
1220 1322 1472 1400 mirum,
1524 1323 1581 1386 si
1629 1342 1748 1388 non
1800 1342 1871 1387 eo
1920 1326 2251 1405 praecepto
2310 1323 2687 1399 continetur,

389 1429 561 1509 quod
601 1428 688 1492 ibi
727 1428 1009 1511 positum
1052 1433 1182 1493 est:
1225 1448 1482 1511 neque
1522 1429 1819 1493 salsum
1859 1429 2426 1494 testimonium
2465 1429 2688 1493 dices

388 1535 820 1599 aduersum
894 1535 1343 1618 proximum
1418 1539 1677 1612 tuum,
1746 1537 2040 1617 quoniam
2108 1556 2308 1617 neque
2374 1534 2691 1600 calumnia

391 1642 523 1705 sine
582 1642 910 1706 mendacio
968 1642 1102 1706 fieri
1159 1645 1390 1725 potest,
1442 1642 1610 1723 quod
1666 1642 1813 1705 falsi
1870 1643 2221 1707 testimonii
2278 1642 2689 1726 generalitate

389 1749 806 1813 concluditur.
886 1748 996 1812 sed
1043 1752 1255 1813 utrum
1306 1750 1459 1812 haec
1507 1749 1719 1830 aliqua
1766 1750 2252 1831 conpensatione
2302 1748 2691 1813 admittenda

389 1859 559 1929 sunt,
608 1874 838 1939 magna
894 1855 1181 1936 quaestio
1241 1860 1371 1919 est:
1431 1856 1602 1919 sicut
1650 1855 1722 1918 de
1772 1855 2102 1920 mendacio
2151 1874 2347 1939 paene
2396 1855 2687 1919 omnibus

390 1960 664 2035 uidetur,
716 1960 886 2041 quod
933 1960 1041 2024 ubi
1091 1980 1274 2024 nemo
1326 1961 1619 2037 laeditur,
1671 1980 1782 2043 pro
1834 1962 2040 2026 salute
2088 1961 2522 2026 mentiendum
2571 1964 2686 2025 est.

390 2071 607 2130 utrum
656 2086 802 2150 ergo
852 2067 943 2131 ita
991 2070 1056 2131 et
1103 2067 1177 2130 de
1226 2068 1443 2131 furto?
1521 2088 1597 2131 an
1655 2068 1897 2131 furtum
1945 2068 2079 2132 fieri
2126 2087 2247 2133 non
2295 2072 2527 2149 potest,
2576 2066 2688 2130 ubi

389 2174 606 2237 nullus
652 2172 974 2238 laeditur?
1034 2174 1180 2255 quin
1229 2173 1425 2237 immo
1477 2175 1608 2238 fieri
1658 2177 1891 2257 potest,
1942 2175 2131 2239 etiam
2182 2174 2428 2257 quando
2479 2175 2533 2238 ei
2583 2175 2685 2238 cui

388 2278 462 2343 fit
509 2280 885 2357 consulitur,
938 2283 1261 2360 tamquam
1313 2282 1369 2344 si
1417 2281 1755 2362 quisquam
1813 2281 2055 2345 homini
2112 2281 2350 2344 uolenti
2410 2300 2475 2345 se
2525 2281 2687 2345 occi-

389 2386 534 2449 dere
593 2386 876 2467 gladium
935 2386 1197 2451 furetur.
1274 2406 1418 2451 nam
1477 2388 1798 2451 calumnia
1852 2388 2063 2451 nescio
2120 2392 2333 2451 utrum
2390 2388 2685 2469 cuiquam

390 2493 468 2557 ad
518 2494 654 2557 eius
703 2493 1048 2558 utilitatem
1096 2495 1228 2558 fieri
1276 2496 1501 2576 possit.
1563 2495 1683 2560 nisi
1732 2496 1893 2560 forte
1942 2496 2108 2576 quod
2156 2495 2234 2559 ad
2279 2496 2484 2559 maius
2534 2515 2685 2579 gau-

392 2599 566 2664 dium
626 2601 834 2675 fiebat,
894 2620 1016 2682 quo
1074 2604 1294 2683 postea
1354 2603 1729 2675 fruerentur,
1800 2603 1968 2684 quod
2026 2603 2251 2683 Ioseph
2313 2602 2389 2666 de
2446 2604 2682 2685 scypho

391 2706 897 2770 calumniabatur
933 2706 1232 2771 fratribus
1274 2709 1428 2783 suis,
1471 2709 1702 2789 quibus
1743 2709 1931 2772 etiam
1971 2709 2412 2789 explorationis
2450 2710 2681 2773 falsum

391 2813 624 2877 crimen
664 2812 1034 2878 intenderat.
1086 2833 1466 2896 quamquam
1508 2815 1564 2879 si
1602 2815 2075 2879 definitionibus
2111 2815 2237 2878 ista
2275 2815 2685 2879 determinare

392 2920 736 2998 tentemus,
777 2921 1046 2983 fortasse
1093 2921 1336 2983 furtum
1387 2940 1506 2985 non
1558 2924 1675 2996 est,
1716 2921 1839 2985 nisi
1888 2921 2135 3003 quando
2185 2920 2387 2985 alieno
2437 2924 2684 2985 occulte

390 3026 601 3090 ablato
660 3027 981 3110 proximus
1039 3027 1341 3102 laeditur;
1412 3032 1475 3091 et
1543 3028 1857 3092 calumnia
1914 3048 2033 3093 non
2091 3031 2208 3104 est,
2264 3028 2385 3092 nisi
2433 3027 2681 3110 quando

391 3131 536 3195 falsi
585 3133 864 3196 criminis
915 3133 1265 3198 obiectione
1313 3134 1634 3216 proximus
1680 3134 1985 3211 laeditur3
2033 3134 2432 3198 mendacium
2472 3137 2684 3198 autem

391 3258 511 3303 nou
562 3258 905 3320 possumus
954 3241 1158 3304 dicere
1199 3246 1348 3305 tunc
1388 3241 1827 3305 tantummodo
1870 3260 2028 3318 esse,
2071 3240 2320 3324 quando
2359 3241 2682 3324 proximus

387 3345 692 3420 laeditur;
755 3366 894 3410 curn
956 3337 1121 3410 enim
1180 3348 1410 3411 falsum
1467 3348 1544 3411 ab
1604 3347 1841 3411 sciente
1900 3347 2151 3424 dicitur,
2210 3347 2431 3428 procul
2488 3346 2678 3410 dubio

389 3451 793 3516 mendacium
842 3456 958 3530 est,
1011 3453 1147 3517 siue
1195 3453 1305 3517 illo
1357 3453 1692 3536 quisquam
1743 3454 1878 3517 siue
1927 3473 2109 3518 nemo
2164 3453 2470 3518 laedatur.
2546 3472 2681 3534 pro·

388 3557 533 3620 inde
600 3577 828 3641 magna
892 3559 1178 3640 quaestio
1239 3559 1314 3622 de
1379 3560 1729 3637 mendacio,
1797 3563 2011 3624 utrum
2074 3559 2281 3642 possit
2344 3559 2679 3641 aliquando

566 3751 597 3802 3
638 3751 767 3804 Leu.
812 3751 891 3814 19,
937 3751 996 3804 11
1146 3753 1176 3804 5
1219 3751 1282 3803 cf.
1324 3750 1418 3803 Ex.
1458 3751 1545 3813 20,
1592 3752 1651 3804 14
1801 3753 1832 3804 8
1874 3752 1965 3804 Ex.
2006 3751 2091 3813 20,
2138 3751 2202 3803 16
2332 3750 2397 3803 19
2438 3749 2502 3802 cf.
2545 3749 2678 3804 Gen.

264 3834 277 3844 ⁶
384 3839 474 3900 44,
514 3840 562 3891 4.
605 3840 663 3900 5;
703 3839 788 3896 42.
829 3840 879 3893 9.
923 3841 988 3892 14

464 3962 488 4014 1
551 3963 666 4032 qui]
711 3963 839 4031 quia
875 3962 999 4016 P¹S
1175 3963 1458 4017 exhorrent
1506 3965 1591 4032 (ex
1628 3981 1670 4017 ε.
1713 3965 1746 4017 l.
1786 3981 1852 4017 m.
1892 3969 1941 4030 1)
1981 3965 2035 4017 P
2072 3967 2253 4016 orrent
2292 3962 2337 4016 S
2371 3962 2564 4015 horent
2612 3961 2679 4013 1'1

383 4053 422 4104 4
460 4051 627 4104 saciat
666 4051 712 4104 S
853 4053 1090 4121 proximo
1129 4070 1223 4105 suo
1273 4052 1378 4104 VT
1499 4054 1530 4104 5
1570 4053 1625 4104 in
1663 4069 1764 4106 om.
1808 4053 1852 4106 S
1972 4054 2003 4104 6
2042 4052 2209 4105 faciat
2249 4051 2294 4106 S
2401 4054 2429 4104 7
2469 4051 2678 4120 proxoi·

386 4158 473 4193 mo
513 4140 558 4193 S
685 4140 749 4193 10
787 4144 944 4211 potes
989 4142 1035 4194 C
1157 4143 1214 4194 11
1260 4140 1564 4194 amittenda
1600 4142 1654 4194 P
1762 4144 1828 4195 12
1867 4142 1975 4194 sint
2014 4141 2360 4194 PSM'de
2469 4141 2535 4193 14
2572 4157 2679 4192 nou

383 4246 488 4282 om.
527 4228 711 4282 P¹SV
818 4230 884 4282 15
922 4230 1121 4283 nullusi
1163 4230 1207 4283 S
1317 4231 1379 4282 16
1421 4230 1649 4298 quisque
1687 4230 1905 4283 PSNV
2007 4230 2281 4282 hominum
2322 4229 2479 4282 PSV
2580 4245 2675 4281 uo·

384 4317 551 4371 lentis
591 4334 653 4369 eo
693 4317 934 4372 occidere
973 4318 1017 4373 S
1128 4321 1188 4372 17
1229 4319 1412 4389 gladio
1441 4318 1486 4373 S
1598 4320 1660 4372 19
1699 4319 1883 4386 scipho
1915 4317 2142 4370 PNI'T
2248 4318 2315 4372 22
2358 4316 2570 4386 quando
2610 4333 2675 4370 ex

384 4405 532 4474 quod
568 4423 636 4458 m.
677 4408 714 4456 :2
751 4406 804 4457 P
911 4407 977 4458 24
1018 4405 1214 4458 menda
1254 4407 1334 4469 (in
1371 4407 1480 4472 fine
1517 4409 1727 4466 uersus)
1769 4405 1814 4459 S
