3076 4976
731 467 1212 534 Quaestionum
1251 466 1363 521 lib.
1405 467 1487 519 ΙΙΙ
1529 466 1813 532 [(ὶυῆεείῑ.
1856 465 1930 519 de
1972 465 2327 533 Leuitico).
2540 470 2669 532 265

374 665 694 729 deberent.
772 664 860 728 ita
916 663 1082 727 enim
1143 663 1331 728 dicit:
1397 663 1699 726 fratres
1759 667 2024 726 autem
2083 661 2344 725 uestri
2413 662 2670 726 omnis

379 771 661 835 domus
710 770 1029 834 Israhel
1085 770 1528 852 plorabunt
1585 769 2084 844 incendium,
2145 787 2293 851 quo
2353 768 2670 832 incensi

380 882 570 942 sunt
617 898 653 942 a
701 877 1041 942 domino.
1106 880 1184 941 et
1230 877 1318 941 ab
1370 877 1585 940 ostio
1635 875 2154 940 tabernaculi
2204 875 2670 939 testimonii

379 1005 530 1050 non
582 985 948 1060 exibitis,
998 1003 1088 1048 ne
1134 983 1630 1056 moriamini;
1683 983 1944 1047 oleum
1995 982 2197 1046 enim
2248 982 2670 1046 unctionis

313 1104 338 1143 ⁵
380 1092 587 1175 quod
637 1096 844 1156 esta
892 1091 1208 1156 domino
1259 1108 1689 1173 supernos
1741 1093 1885 1153 est.

467 1198 763 1263 XXXIII.
811 1199 907 1261 Et
953 1199 1288 1261 locutus
1338 1201 1462 1261 est
1510 1196 1880 1260 dominus
1928 1195 2018 1258 ad
2056 1197 2312 1259 Aaron
2354 1196 2670 1262 dicens:

375 1306 648 1369 uinum
701 1312 779 1369 et
828 1305 1170 1369 siceram
1209 1323 1355 1368 non
1397 1302 1729 1378 bibetis,
1769 1306 1855 1366 tu
1897 1305 1973 1366 et
2010 1302 2181 1365 filii
2220 1302 2340 1365 tui
2380 1307 2668 1379 tecum,

378 1432 549 1476 cum
622 1411 1062 1476 intrabitis
1140 1411 1214 1474 in
1289 1409 1913 1474 tabernaculum
1998 1408 2464 1474 testimonii
2535 1414 2673 1474 aut

379 1538 549 1582 cum
601 1518 1018 1583 accedetis
1067 1517 1158 1580 ad
1207 1517 1494 1593 altare,
1548 1521 1623 1581 et
1670 1536 1813 1580 non
1864 1516 2342 1580 moriemini.
2421 1517 2670 1598 qnando

287 1640 335 1679 ¹0
375 1645 522 1710 ergo
591 1627 681 1690 eis
747 1626 962 1689 bibere
1032 1625 1284 1701 licebat,
1353 1623 1861 1705 quandoquidem
1926 1623 1987 1687 in
2045 1624 2520 1687 tabernaculum
2579 1623 2671 1688 eis

374 1733 603 1796 cotidie
681 1751 937 1796 necesse
1006 1737 1138 1795 erat
1203 1732 1460 1794 introire
1529 1736 1594 1795 et
1658 1730 1950 1794 accedere
2017 1730 2095 1794 ad
2159 1730 2353 1794 altare
2419 1734 2673 1813 propter

374 1841 731 1903 continuam
789 1840 1212 1904 seruitutem?
1296 1837 1522 1920 quodsi
1572 1837 1907 1919 quisquam
1960 1837 2116 1900 dicit
2162 1855 2283 1901 non
2342 1838 2512 1901 omni
2570 1837 2670 1900 die

375 1946 679 2010 sacrificia
741 1946 954 2029 inponi
1021 1947 1241 2019 solere,
1310 1943 1459 2026 qnid
1527 1944 1684 2006 dicit
1748 1944 1825 2008 de
1889 1944 2182 2026 ingressu
2248 1943 2310 2005 in
2380 1944 2666 2007 taberna-

377 2054 613 2130 culum,
653 2052 763 2134 qui
802 2053 1155 2118 cotidianus
1207 2056 1338 2115 erat
1385 2054 1640 2133 propter
1687 2050 2132 2114 candelabrum
2183 2055 2245 2113 et
2292 2070 2484 2132 panes
2534 2070 2671 2131 pro-

285 2177 335 2215 15
373 2160 709 2241 positionis
777 2180 970 2243 super
1034 2179 1318 2223 mensam
1383 2156 1753 2241 ponendos?
1838 2156 1891 2221 si
1968 2160 2181 2221 autem
2257 2157 2674 2240 respondetur

388 2267 500 2342 „in
581 2267 1204 2331 tabernaculum
1279 2264 1813 2335 testimonii“,
1880 2283 2045 2327 nunc
2113 2263 2281 2346 quod
2354 2264 2463 2336 ait,
2511 2264 2671 2327 illud

377 2392 516 2437 esse
588 2372 1120 2456 intellegendum,
1199 2372 1309 2436 ubi
1386 2374 1519 2435 erat
1585 2391 1728 2435 arca
1794 2371 2171 2445 testimonii,
2250 2371 2440 2434 etiam
2518 2371 2672 2435 illuc

377 2500 635 2544 necesse
704 2482 837 2544 erat
901 2480 1134 2544 intrare
1183 2498 1504 2544 summum
1575 2477 1968 2542 sacerdotem
2032 2482 2290 2561 propter
2342 2477 2674 2542 incensum

377 2586 896 2651 continuationis,
982 2606 1103 2650 non
1172 2586 1337 2650 enim
1406 2586 1607 2649 semel
1660 2586 1723 2649 in
1783 2604 1942 2649 anno
1998 2585 2292 2660 intrabat,
2360 2585 2470 2649 sed
2528 2605 2671 2648 cum

285 2712 337 2751 20
378 2693 685 2776 sanguine
733 2692 1193 2775 purificationis
1244 2693 1442 2756 semel
1480 2692 1542 2755 in
1585 2711 1765 2769 ann0‚
1805 2695 2060 2774 propter
2095 2692 2423 2756 incensum
2462 2695 2676 2755 autem

377 2799 631 2864 cotidie.
719 2819 794 2862 an
863 2799 1363 2882 intellegendum
1432 2804 1532 2862 est
1597 2798 1781 2862 deum
1850 2799 2266 2882 praecepisse,
2323 2802 2397 2861 ut
2450 2798 2671 2862 uinum

377 2906 627 2971 omnino
687 2925 809 2970 non
867 2906 1204 2969 biberent?
1285 2925 1397 2970 cur
1443 2925 1593 2989 ergo
1642 2925 1764 2969 non
1814 2904 1901 2968 ita
1947 2905 2271 2986 praecepit
2315 2905 2553 2987 potius,
2602 2906 2677 2967 ut

375 3013 657 3077 breuiter
714 3012 985 3077 diceret:
1055 3013 1327 3076 uinum
1386 3033 1530 3078 non
1591 3012 1932 3088 bibetis,
1992 3012 2104 3076 sed
2160 3011 2433 3074 addidit:
2502 3030 2671 3075 cum

377 3119 812 3184 intrabitis
870 3120 945 3183 in
1003 3120 1626 3183 tabernaculum
1687 3122 1824 3183 aut
1880 3137 2051 3182 cum
2109 3117 2533 3182 accedetis
2583 3117 2674 3180 ad

289 3245 341 3285 25
381 3226 691 3290 altare?
740 3246 816 3289 an
867 3227 1014 3308 quia
1063 3245 1256 3290 causa
1294 3246 1415 3291 non
1455 3225 1711 3289 bibendi
1751 3225 2016 3289 tacenda
2054 3244 2173 3289 non
2216 3228 2367 3298 erat,
2406 3223 2676 3288 maxime

379 3331 527 3412 quia
592 3332 749 3396 deus
813 3332 1139 3414 praescius
1206 3337 1340 3396 erat
1402 3332 1656 3396 futuros
1721 3335 1945 3414 postea
2000 3335 2131 3395 tam
2187 3332 2425 3394 multos
2483 3329 2674 3392 etiam

379 3457 663 3502 summos
713 3439 1077 3503 sacerdotes
1125 3458 1249 3503 uno
1289 3443 1595 3522 tempore,
1635 3438 1700 3501 id
1741 3445 1841 3502 est
1876 3457 1994 3502 non
2035 3457 2146 3520 per
2183 3436 2675 3509 successionem,

381 3545 489 3625 qui
539 3545 944 3609 tabernaculo
996 3549 1061 3609 et
1109 3544 1436 3609 sacrificiis
1487 3548 1552 3608 et
1596 3545 1852 3609 incenso
1902 3550 1966 3608 et
2012 3544 2309 3608 uniuerso
2348 3544 2445 3607 illi
2493 3542 2678 3606 mini-

380 3651 571 3714 sterio
629 3652 882 3716 uicibus
941 3652 1351 3728 deseruirent,
1415 3652 1662 3734 qnando
1722 3652 1943 3733 utique
2004 3651 2098 3714 illi
2165 3671 2284 3715 non
2352 3649 2674 3718 bibebant,

288 3783 340 3820 ευ
381 3776 646 3837 quornm
696 3758 878 3821 locus
928 3759 1062 3821 erat
1107 3757 1523 3836 deseruiendi,
1575 3757 1680 3821 alii
1729 3761 1942 3821 autem
1988 3756 2334 3820 bibebant?
2399 3776 2471 3819 an
2523 3755 2677 3836 qnid

563 4001 585 4053 l
629 4000 759 4053 Leu.
805 4001 886 4063 10,
926 4001 972 4057 6.
1017 4003 1044 4054 7
1158 4005 1188 4055 6
1227 4002 1358 4056 Leu.
1403 4002 1483 4058 10.
1525 4003 1573 4055 8.
1615 4002 1646 4054 9

451 4126 482 4175 4
523 4124 777 4177 exhibitis
815 4125 870 4177 P
1030 4129 1086 4177 et
1125 4125 1300 4177 oleum
1341 4125 1396 4177 P
1511 4127 1542 4177 5
1586 4125 1786 4177 donnini
1826 4123 1887 4176 N
2004 4124 2032 4175 7
2074 4123 2246 4175 sicera
2282 4122 2347 4174 N
2453 4124 2484 4174 9
2525 4139 2676 4174 acce-

380 4211 509 4266 ditis
546 4211 614 4264 N
778 4214 948 4266 altare
990 4214 1032 4266 C
1216 4215 1278 4266 13
1319 4213 1463 4266 dicet
1501 4213 1576 4266 bd
1736 4214 1980 4280 ingresso
2020 4212 2075 4264 P
2240 4211 2589 4264 tabernaculo
2634 4211 2680 4263 C

384 4300 449 4352 14
487 4301 641 4368 panis
686 4302 733 4353 (J
895 4302 958 4354 15
999 4317 1184 4353 mensa
1221 4301 1275 4353 P
1437 4302 1501 4353 16
1541 4301 1595 4364 in
1648 4300 1690 4350 V
1863 4301 1929 4353 24
1970 4317 2087 4352 cuni
2127 4315 2230 4352 om.
2273 4298 2316 4353 S
2351 4315 2486 4352 eras,
2530 4301 2588 4352 in
2626 4299 2680 4351 P

381 4389 636 4442 acceditis
683 4389 732 4441 T
838 4390 906 4442 26
946 4390 1146 4442 inultus
1193 4391 1239 4442 (J
1341 4391 1409 4443 29
1451 4390 1553 4458 illi]
1598 4390 1672 4442 ibi
1711 4389 1892 4441 P'SV
