3076 4976
733 478 1209 544 Quaestionum
1249 479 1361 535 lib.
1399 479 1512 532 1111
1550 479 1838 549 (Quaest.
1879 479 1954 534 de
1993 480 2346 546 Numeris).
2553 485 2685 547 343

395 677 560 740 enim
619 693 759 740 caro
815 675 878 738 in
935 675 1053 739 hac
1109 674 1246 738 uita
1304 674 1435 739 sine
1492 678 1752 757 peccato
1810 674 1930 739 nisi
1987 676 2098 739 illa
2154 675 2290 740 sola
2345 695 2505 758 quae
2562 694 2719 740 non·

393 782 588 846 babet
642 782 703 845 in
764 800 833 846 se
889 782 1199 845 uitium?
1244 783 1321 845 et
1376 800 1527 846 non
1588 784 1711 846 est
1768 782 2387 865 superpositum
2444 801 2687 864 super

393 908 556 952 eam
631 889 926 972 iugum.
1001 906 1122 952 non
1195 888 1356 952 enim
1418 888 1760 972 subiugata
1816 892 1915 952 est
1968 889 2313 970 iniquitati,
2378 889 2480 953 cui
2539 888 2684 952 sub·

391 996 647 1079 iugatos
703 994 1033 1059 inueniens
1089 995 1388 1059 liberauit
1444 998 1508 1059 et
1565 1013 1780 1059 eorum
1836 995 2094 1059 uincula
2148 994 2440 1078 disrupit,
2497 999 2571 1059 ut
2627 995 2684 1059 ei

328 1101 672 1166 sdicatur:
752 1101 1203 1184 disrupisti
1277 1102 1615 1166 uincula
1684 1121 1886 1182 mea,
1957 1101 2114 1165 tibi
2180 1101 2680 1166 sacrificabo

392 1208 741 1273 hostiam
801 1207 1097 1272 laudis,
1175 1227 1368 1289 super
1422 1207 1600 1272 illius
1658 1207 1889 1290 quippe
1947 1227 2197 1273 carnem
2255 1227 2377 1273 non
2428 1210 2526 1271 est
2571 1226 2680 1290 po·

391 1315 586 1378 situm
641 1315 885 1399 iugum,
945 1314 1052 1396 qui
1110 1317 1492 1397 potestatem
1549 1314 1774 1379 habuit
1837 1314 2108 1396 ponendi
2165 1315 2439 1378 animam
2498 1332 2680 1378 suam

390 1425 453 1484 et
498 1422 730 1486 iterum
779 1421 1071 1486 sumendi
1122 1440 1279 1485 eam.

477 1530 566 1592 Et
632 1529 846 1593 dabis
916 1547 1100 1603 eam,
1168 1528 1404 1610 inquit,
1473 1528 1560 1592 ad
1619 1529 1933 1593 Eleazar
2005 1528 2492 1594 sacerdotem.
2570 1547 2681 1591 cur

297 1661 349 1698 ιο
385 1655 508 1699 non
550 1635 628 1699 ad
665 1636 892 1710 Aaron,
932 1635 1051 1699 nisi
1100 1636 1260 1699 forte
1306 1636 1398 1699 ita
1442 1635 1936 1720 praefiguratum
1985 1639 2083 1699 est
2129 1654 2249 1699 non
2300 1634 2379 1698 ad
2424 1638 2677 1716 tempus

387 1742 556 1823 quod
611 1746 765 1805 tunc
822 1746 975 1819 erat,
1036 1741 1149 1805 sed
1206 1741 1285 1805 ad
1340 1744 1632 1824 posteros
1688 1742 1880 1805 huius
1939 1741 2276 1806 sacerdotii
2321 1742 2678 1823 passionem

387 1847 623 1913 domini
671 1847 1163 1930 peruenturam?
1239 1850 1313 1912 et
1359 1848 1646 1912 eicient
1692 1867 1846 1912 eam
1896 1852 2101 1913 extra
2148 1851 2423 1913 castra:
2473 1848 2565 1913 sic
2614 1851 2679 1913 et

387 1956 627 2020 eiectus
686 1957 787 2018 est
842 1954 1133 2019 dominus
1187 1973 1497 2037 passurus
1554 1958 1727 2019 extra
1792 1956 2143 2019 ciuitatem.
2227 1955 2396 2038 quod
2461 1960 2677 2021 autem

385 2062 500 2125 ait:
574 2061 646 2125 in
710 2061 955 2125 locum
1023 2062 1404 2139 mundum,
1470 2062 1561 2126 ita
1626 2062 2048 2145 significatum
2128 2064 2253 2139 est,
2331 2062 2479 2143 quia
2553 2076 2677 2127 non·

294 2168 605 2233 mbabuit
672 2187 928 2232 causam
996 2169 1247 2233 malam.
1335 2171 1408 2232 et
1482 2168 1836 2233 occident
1900 2187 2056 2232 eam
2120 2168 2193 2231 in
2263 2172 2670 2252 conspectu

384 2275 574 2340 eius:
642 2275 812 2339 sicut
867 2276 1074 2339 occisa
1132 2278 1232 2340 est
1287 2294 1428 2341 caro
1479 2273 1718 2339 Christi
1774 2276 1837 2339 in
1897 2278 2242 2358 conspectu
2300 2294 2517 2339 eorum
2566 2274 2672 2356 qui

382 2382 505 2445 iam
555 2381 754 2444 futuri
802 2383 979 2445 erant
1022 2382 1084 2444 in
1132 2400 1299 2447 nouo
1347 2384 1729 2446 testamento
1779 2381 2015 2446 domini
2065 2381 2449 2446 sacerdotes.

471 2487 560 2551 Et
636 2486 965 2569 accipiet
1029 2487 1342 2552 Eleazar
1416 2486 1857 2571 sanguinem
1930 2487 2093 2552 eius
2170 2488 2244 2551 et
2316 2490 2674 2572 asperget

384 2598 642 2658 contra
688 2595 962 2659 faciem
1011 2594 1489 2658 tabernaculi
1536 2595 1966 2659 testimonii
2014 2613 2049 2657 a
2097 2595 2460 2679 sanguine
2508 2595 2670 2659 eius

285 2728 343 2766 20
381 2701 690 2783 septies,
768 2700 922 2764 haec
971 2700 1334 2765 testificatio
1393 2705 1492 2765 est
1540 2699 1865 2766 Christum
1922 2702 2272 2766 secundum
2329 2701 2674 2784 scripturas

379 2806 622 2871 fudisse
672 2807 1043 2891 sanguinem
1090 2807 1153 2870 in
1202 2807 1641 2873 remissionem
1688 2812 2114 2890 peccatorum.
2179 2808 2319 2872 ideo
2376 2812 2673 2884 „contra

378 2914 648 2978 faciem
718 2913 1193 2978 tabernaculi
1260 2914 1758 2992 testimonii“‚
1826 2915 1976 2996 quia
2040 2933 2160 2979 non
2229 2914 2412 2978 aliter
2466 2914 2671 2978 decla·

378 3023 585 3083 ratum
634 3023 753 3097 est,
804 3039 991 3101 quam
1047 3020 1255 3083 fuerat
1309 3019 1523 3083 diuino
1581 3021 1949 3085 testimonio
2007 3020 2547 3102 praenuntiatum;
2607 3022 2672 3085 et

375 3125 516 3190 ideo
573 3126 966 3207 „septies‘·'‚
1025 3126 1173 3207 quia
1215 3126 1353 3208 ipse
1400 3146 1703 3191 numerus
1752 3127 1830 3191 ad
1875 3126 2353 3191 mundationem
2397 3126 2672 3209 pertinet

283 3259 336 3299 95
379 3232 748 3315 spiritalem.

464 3339 558 3402 Et
607 3338 1044 3403 cremabunt
1090 3357 1244 3403 eam
1292 3339 1364 3402 in
1415 3341 1827 3421 conspectu
1877 3339 2059 3404 eius,
2126 3342 2283 3422 puto
2332 3339 2480 3420 quia
2527 3358 2667 3403 con·

376 3445 677 3510 crematio
726 3445 805 3509 ad
850 3444 1105 3529 signum
1151 3445 1429 3528 pertinet
1472 3447 1973 3511 resurrectionis.
2031 3449 2255 3510 natura
2300 3449 2400 3510 est
2436 3445 2667 3527 quippe

375 3551 562 3635 igniS‚
621 3555 693 3615 ut
745 3552 811 3615 in
867 3571 1135 3633 superna
1192 3556 1545 3630 moueatur,
1604 3557 1668 3617 et
1720 3553 1781 3616 in
1842 3572 1986 3617 eum
2044 3552 2433 3618 conuertitur
2497 3551 2665 3635 quod

376 3661 705 3723 crematur.
754 3677 898 3722 nam
948 3662 1010 3723 et
1046 3659 1258 3742 ipsum
1299 3678 1573 3724 cremare
1613 3659 1687 3723 de
1728 3678 1954 3743 graeco
1993 3659 2054 3723 in
2093 3659 2363 3723 latinum
2402 3659 2664 3722 ductum

282 3792 337 3836 ες.
374 3766 641 3829 uerbum
691 3768 790 3830 est
837 3785 869 3830 a
919 3765 1358 3848 suspensione.
1439 3766 1609 3848 quod
1655 3785 1806 3831 uero
1856 3766 2143 3830 additum
2193 3768 2317 3830 est:
2376 3766 2446 3829 in
2505 3784 2664 3828 con-

550 3993 582 4044 5
620 3991 706 4044 Ps.
752 3992 869 4054 115,
911 3991 960 4045 7.
1000 3991 1032 4045 8
1072 3993 1179 4056 (16.
1221 3991 1312 4056 17)
1459 3993 1488 4046 7
1530 3992 1597 4046 cf.
1636 3991 1752 4046 Ioh.
1796 3993 1879 4053 10,
1924 3992 1987 4045 18
2133 3993 2165 4047 9
2212 3990 2371 4045 Num.
2416 3990 2499 4053 19,
2538 3991 2587 4046 3.
2626 3993 2661 4044 4

371 4079 440 4134 20
479 4079 542 4135 cf.
584 4080 782 4150 EpheS.
825 4080 871 4142 1,
913 4080 970 4146 7;
1009 4080 1161 4135 Rom.
1203 4081 1251 4145 3,
1293 4083 1362 4134 25
1473 4082 1543 4135 26
1581 4080 1743 4136 Num.
1787 4082 1872 4148 19,
1912 4083 1943 4135 5

445 4224 472 4275 1
513 4223 654 4275 enim
693 4225 823 4288 sunt
862 4225 1012 4288 (sunt
1049 4238 1170 4290 exp.
1197 4238 1267 4277 m.
1296 4227 1355 4288 2)
1385 4222 1440 4275 P
1543 4224 1579 4275 4
1614 4223 1799 4277 uincla
1822 4223 1888 4277 N
2026 4222 2259 4292 dirrupit
2292 4220 2340 4275 C
2444 4221 2476 4275 9
2516 4222 2660 4274 elea·

369 4327 545 4364 zatum
576 4310 651 4364 bd
761 4312 824 4364 12
856 4312 1055 4366 eiciant
1081 4312 1271 4365 P1·¹T
1383 4313 1449 4365 14
1473 4311 1593 4368 loco
1624 4312 1672 4366 C
1780 4312 1843 4366 17
1875 4311 2191 4365 testamenti
2231 4310 2279 4365 0
2386 4311 2452 4364 19
2479 4309 2660 4364 taber-

367 4400 544 4454 naculi
581 4416 684 4455 om.
732 4400 822 4454 CS
962 4401 1031 4455 20
1079 4402 1317 4470 septiens
1363 4400 1409 4455 C
1549 4402 1617 4455 26
1666 4405 2010 4472 conspectum
2056 4399 2102 4452 0
2260 4401 2329 4454 28
2368 4405 2429 4454 ut
2466 4416 2571 4454 om.
2617 4400 2665 4454 Ο
