3076 4976
245 1679 296 1719 10

243 3281 295 3320 25

748 493 1226 560 Quaestionum
1268 495 1379 550 lib.
1419 495 1473 548 11
1512 495 1799 565 (Quaest.
1843 494 1918 549 de
1958 496 2221 563 Exodo).
2506 501 2631 562 201

335 708 525 771 opera
572 689 847 765 uenisse,
897 688 1130 770 quibus
1179 708 1380 771 neque
1418 690 1795 772 imperatum
1839 693 1938 754 est
1974 709 2089 754 nec
2128 709 2343 754 eorum
2385 691 2637 754 nomina

333 800 829 860 commemorata
877 800 1027 860 sunt
1072 816 1107 860 a
1155 796 1410 862 domino
1459 797 1631 861 dicta
1676 798 1908 879 Moysi.
1983 817 2105 863 non
2166 817 2315 881 ergo
2372 798 2469 861 illi
2517 799 2637 863 soli

331 901 450 967 hoc
515 922 750 966 munus
822 901 1133 967 diuinitus
1199 903 1577 980 habuerunt,
1648 904 1756 986 qui
1821 904 2193 968 nominatim
2259 924 2640 969 commemo-

330 1012 567 1086 rantur,
626 1009 738 1073 sed
793 1010 1064 1074 fortasse
1120 1010 1456 1092 praecipue
1518 1015 1707 1092 atque
1774 1011 2206 1075 excellentius.
2283 1011 2636 1075 laudandus

334 1122 434 1178 est
489 1120 701 1180 autem
774 1116 835 1179 in
899 1116 1000 1179 his
1059 1116 1353 1181 omnibus
1411 1136 1533 1180 non
1594 1117 1917 1181 adtractus
1976 1117 2053 1181 ad
2110 1137 2268 1200 opus
2320 1118 2640 1183 sel-uiliter

334 1222 603 1299 animuS,
654 1223 766 1287 sed
810 1224 1159 1288 liberaliter
1207 1227 1432 1305 sponte
1482 1224 1777 1288 deuotus.

423 1328 699 1394 CLXXI.
773 1330 1143 1394 Notandum
1214 1331 1380 1413 quod
1447 1330 1543 1394 illi
1610 1331 1718 1413 qui
1775 1330 2160 1413 sapientes
2218 1332 2635 1415 appellantur,

334 1436 760 1501 effectores
819 1456 1123 1520 operum
1182 1437 1456 1516 sancti,
1517 1438 1706 1503 etiam
1762 1438 2046 1502 moribus
2101 1438 2262 1502 tales
2320 1442 2513 1516 erant,
2563 1441 2637 1503 ut

333 1561 478 1606 cum
524 1544 654 1626 ipsi
700 1546 1098 1627 susciperent
1145 1545 1373 1623 omnia,
1416 1564 1574 1626 quae
1612 1546 1892 1627 populus
1931 1545 2235 1609 offerebat
2270 1546 2633 1609 existimans

333 1651 705 1728 necessaria,
757 1652 990 1732 quibus
1038 1652 1149 1716 illa
1197 1653 1403 1716 omnia
1451 1652 1910 1734 conplerentur,
1943 1657 2109 1724 <et>
2156 1652 2446 1717 uiderent
2488 1654 2635 1734 plus

334 1757 540 1820 offerri
598 1778 785 1840 quam
846 1762 979 1822 erat
1025 1778 1307 1835 necesse,
1361 1756 1468 1846 [et]
1521 1759 1789 1823 dixerint
1833 1759 2063 1842 Moysi.
2138 1765 2325 1841 atque
2371 1760 2479 1823 ille
2526 1778 2636 1841 per

330 1882 704 1944 praeconem
762 1865 931 1929 ultra
985 1867 1292 1948 populum
1353 1866 1573 1930 offerre
1632 1866 1977 1948 prohibuit.
2051 1870 2344 1949 poterant
2399 1868 2634 1943 autem,

333 1969 386 2033 si
434 1971 697 2048 uellent,
746 1972 953 2036 multa
1010 1973 1272 2049 auferre,
1331 1972 1444 2036 sed
1501 1973 1818 2036 modestia
1870 1973 2197 2054 prohibuit
2251 1975 2356 2037 uel
2407 1971 2632 2055 religio

330 2077 577 2141 terruit.

427 2182 735 2248 CLXXII.
807 2185 1232 2267 Posteaquam
1300 2185 1627 2249 descendit
1680 2186 1936 2268 Moyses
2004 2185 2079 2249 de
2143 2190 2378 2261 monte,
2446 2204 2633 2267 opera

333 2291 858 2356 commendantur
902 2293 1292 2357 tabernaculi
1351 2292 1753 2357 construendi
1812 2296 1876 2356 et
1932 2292 2134 2357 uestis
2192 2291 2631 2356 sacerdotalis:

332 2395 408 2460 de
456 2398 689 2480 quibus
737 2398 1041 2463 faciendis
1090 2402 1428 2481 antequam
1486 2399 1727 2482 aliquid
1774 2399 2182 2481 praeciperet,
2229 2398 2485 2462 locutus
2533 2402 2633 2461 est

331 2504 409 2567 ad
455 2507 768 2587 populum
815 2507 892 2570 de
942 2506 1189 2571 sabbati
1238 2507 1702 2572 obseruatione.
1753 2506 1863 2570 ubi
1905 2526 2023 2571 non
2063 2507 2352 2570 inmerito
2391 2509 2629 2583 mouet,

332 2629 477 2675 cum
538 2612 754 2676 decem
813 2614 1008 2677 uerba
1060 2614 1225 2697 legis
1284 2614 1599 2696 acceperit
1654 2613 1715 2676 in
1771 2613 2008 2677 tabulis
2064 2613 2330 2695 lapideis
2376 2613 2629 2686 iterum,

332 2737 488 2798 quas
555 2719 694 2801 ipse
761 2719 1010 2796 excidit,
1079 2719 1215 2802 ipse
1283 2720 1681 2802 conscripsit,
1751 2738 1942 2801 quare
2009 2719 2084 2783 de
2151 2721 2287 2783 solo
2345 2719 2630 2794 sabbate,

329 2829 749 2908 posteaquam
797 2825 1141 2902 descendit,
1188 2827 1495 2909 populum
1547 2826 1895 2891 admonuit.
1972 2826 2022 2890 si
2083 2826 2246 2889 enim
2303 2830 2632 2908 propterea

330 2930 548 2995 decem
614 2936 948 3014 praecepta
1011 2933 1175 3016 legis
1243 2933 1635 3016 superfluum
1702 2933 1852 3010 fuit,
1919 2935 1993 2996 ut
2055 2934 2333 3014 populus
2397 2932 2628 2995 iterum

331 3038 596 3112 audiret,
649 3058 762 3102 cur
805 3059 928 3103 non
978 3040 1104 3103 fuit
1151 3040 1563 3122 superfluum,
1613 3046 1686 3103 ut
1733 3040 1809 3104 de
1856 3039 2119 3104 sabbato
2169 3038 2435 3115 audiret,
2484 3057 2628 3100 cum

331 3147 394 3207 et
439 3144 559 3209 hoc
609 3145 669 3208 in
718 3145 956 3209 eisdem
1006 3147 1359 3228 praeceptis
1407 3145 1624 3210 decem
1672 3147 1963 3229 legatur?
2022 3165 2096 3208 an
2146 3149 2209 3209 et
2252 3144 2374 3209 hoc
2420 3145 2628 3207 simile

330 3252 428 3313 est
495 3252 875 3328 uelamento,
943 3271 1064 3333 quo
1132 3253 1358 3317 faciem
1428 3254 1684 3323 obtexit,
1735 3253 1881 3335 quia
1943 3252 2341 3334 splendorem
2404 3251 2626 3313 uultus

331 3356 468 3421 eius
515 3357 632 3421 filii
681 3359 924 3423 Israhel
982 3379 1101 3423 non
1160 3363 1449 3442 poterant
1504 3360 1779 3424 intueri?
1853 3378 1996 3423 nam
2054 3378 2124 3422 ex
2182 3358 2397 3422 decem
2454 3376 2626 3438 prae-

331 3465 535 3546 ceptis
584 3464 705 3529 hoc
753 3465 959 3530 solum
1008 3467 1243 3548 populo
1291 3466 1632 3548 praecepit,
1692 3465 1859 3547 quod
1917 3465 2182 3549 figurate
2238 3465 2327 3528 ibi
2384 3464 2625 3527 dictum

331 3575 455 3646 est3
527 3571 650 3634 alia
717 3572 951 3654 quippe
1014 3571 1104 3634 ibi
1171 3591 1400 3636 nouem
1467 3573 1638 3635 sicut
1698 3576 2035 3653 praecepta
2099 3573 2250 3635 sunt
2313 3571 2504 3634 etiam
2562 3570 2623 3633 in

506 3834 536 3886 7
579 3833 644 3887 cs.
684 3833 778 3889 Ex.
818 3834 905 3896 36,
946 3836 998 3898 4,
1037 3835 1069 3887 5
1183 3835 1248 3889 15
1288 3835 1353 3890 cs.
1391 3834 1486 3887 Ex.
1527 3835 1613 3898 35,
1657 3836 1716 3887 11
1761 3852 1880 3904 sqq.
1990 3835 2059 3888 25
2099 3835 2164 3887 cs.
2195 3833 2286 3889 Ex.
2319 3834 2405 3893 34,
2435 3834 2519 3886 34.
2552 3833 2622 3886 35

403 3977 426 4028 1
469 3991 568 4028 nec
607 3975 652 4029 S
775 3977 810 4029 3
849 3981 1244 4029 commerantur
1286 3975 1334 4028 0
1454 3979 1486 4030 6
1527 3980 1581 4028 et
1620 3986 1812 4045 sponte
1851 3975 2038 4028 PVbd
2168 3975 2201 4028 8
2241 3975 2524 4027 affectores
2562 3973 2629 4025 N

332 4064 395 4117 10
423 4081 484 4119 ex
514 4065 714 4134 quibus
745 4064 1030 4119 PSVde
1137 4069 1195 4118 et
1223 4065 1423 4118 addidi
1532 4065 1782 4118 uiderent
1820 4064 1894 4116 V²
1921 4064 2175 4117 uiderunt
2209 4063 2414 4117 CPSN
2422 4062 2627 4115 17¹de

332 4153 392 4204 ll
454 4157 510 4205 et
564 4152 770 4206 inclusi
914 4151 1149 4205 dixerint
1199 4152 1423 4221 scripsi.-
1478 4151 1723 4205 dicerent
1770 4150 1842 4204 V²
1896 4151 2147 4203 dixerunt
2208 4149 2627 4203 CPSNV¹de

332 4241 396 4292 13
432 4239 644 4293 auferre
681 4256 748 4292 ex
785 4239 956 4292 oferre
997 4239 1047 4291 V
1184 4240 1388 4308 relegio
1417 4240 1472 4291 P
1573 4241 1638 4293 16
1669 4239 2043 4293 construendi·
2070 4238 2125 4290 P
2161 4237 2535 4299 construendis
2578 4238 2630 4289 V

332 4329 395 4381 18
434 4328 529 4382 ubi
567 4328 697 4397 non]
738 4344 899 4397 quam
938 4327 1001 4381 N
1164 4330 1233 4381 20
1271 4328 1499 4380 sabbato
1540 4329 1653 4380 solo
1694 4328 1768 4381 bd
1946 4327 2015 4379 23
2054 4342 2147 4380 cur
2184 4331 2239 4378 et
2278 4327 2377 4378 hoc
2416 4342 2523 4378 non
2572 4325 2625 4377 V

329 4419 468 4487 curn]
510 4433 603 4470 cur
641 4416 773 4470 S¹V
874 4418 943 4470 26
982 4419 1064 4486 ex]
1103 4421 1158 4470 et
1202 4417 1303 4469 CT
1408 4417 1477 4470 28
1516 4416 1594 4469 ibi
1621 4422 1752 4485 post
1789 4417 1990 4486 quippe
2028 4430 2129 4468 om.
2170 4413 2352 4467 P¹SV
