3076 4976
542 450 623 511 14
1244 445 1297 497 S.
1351 444 1622 497 Aureli
1678 443 2115 512 Augustini

534 639 732 703 tamia
774 638 1145 720 priusquam
1194 637 1509 701 habitaret
1556 637 1619 699 in
1670 636 1938 701 Charran
1987 637 2112 699 iam
2161 637 2382 717 utique
2420 653 2714 717 egressus
2756 634 2830 698 de

536 750 701 809 terra
758 744 1238 819 Chaldaeorum,
1297 747 1369 807 ut
1423 744 1485 807 in
1552 744 1663 807 illo
1721 743 1942 807 itinere
1999 743 2406 826 intellegatur
2462 743 2516 805 ei
2574 742 2830 805 locutus

538 851 715 915 deus.
794 852 905 916 sed
953 851 1121 934 quod
1172 850 1528 933 Stephanus
1577 853 1802 931 postea
1860 850 1951 913 sio
2010 853 2247 913 narrat:
2305 853 2494 913 tunc
2543 848 2831 911 Abram

540 977 929 1041 egressus
981 959 1068 1022 de
1116 962 1335 1022 terra
1374 956 1964 1022 Chaldaeorum
2015 957 2439 1020 habitauit
2484 957 2558 1019 in
2601 953 2832 1020 Char-

538 1085 694 1128 ran.
760 1068 836 1129 et
882 1067 1064 1130 inde
1111 1070 1546 1148 postquam
1592 1066 1960 1127 mortuus
2011 1068 2134 1127 est
2180 1067 2409 1144 pater
2447 1062 2621 1127 eius
2664 1081 2833 1125 con·
2899 1084 2918 1117 s

538 1173 860 1236 locauit
923 1193 1093 1236 eum
1150 1173 1224 1235 in
1272 1176 1489 1236 terra
1546 1172 1718 1235 hac.
1777 1190 1896 1233 non
1952 1189 2179 1251 paruas
2250 1169 2450 1233 adfert
2506 1168 2834 1252 angustias

538 1279 687 1342 huic
736 1277 1131 1359 expositioni,
1182 1296 1339 1358 quae
1389 1276 1460 1340 fit
1506 1296 1614 1358 per
1670 1277 2275 1357 recapitulationem.
2355 1276 2611 1340 uidetur
2671 1275 2836 1338 enim

541 1384 843 1448 habuisse
889 1384 1224 1465 imperium
1276 1383 1532 1458 domini,
1585 1384 1753 1464 quod
1812 1384 1866 1446 ei
1925 1384 2128 1446 fuerat
2181 1383 2436 1447 locutus
2494 1383 2557 1445 in
2615 1383 2837 1445 itinere

542 1491 1040 1571 Mesopotamiae
1092 1509 1344 1572 egresso
1396 1489 1471 1553 de
1519 1494 1686 1554 terra
1726 1489 2180 1554 Chaldaeorum
2231 1493 2295 1554 et
2332 1490 2505 1552 eunti
2543 1489 2604 1551 in
2650 1487 2838 1552 Char-

541 1617 670 1673 ran,
722 1600 786 1660 et
832 1597 949 1660 hoc
997 1597 1331 1678 imperium
1377 1599 1526 1678 post
1572 1601 1838 1660 mortem
1895 1596 2090 1677 patris
2152 1596 2250 1659 sui
2300 1594 2704 1659 oboedienter
2745 1594 2838 1657 in·
2879 1610 2920 1647 ¹⁰

543 1705 774 1785 plesse,
825 1724 968 1767 cum
1021 1702 1282 1766 dicitur:
1346 1706 1422 1766 et
1478 1703 1900 1766 habitauit
1954 1704 2029 1766 in
2080 1702 2451 1767 Charran.
2524 1705 2601 1765 et
2655 1701 2841 1765 inde

544 1814 977 1892 postquam
1029 1812 1400 1872 mortuus
1442 1815 1569 1872 est
1605 1813 1835 1889 pater
1873 1810 2048 1872 eius
2090 1809 2566 1872 conlocauit
2603 1808 2841 1871 illum

544 1918 617 1980 in
677 1920 896 1979 terra
950 1916 1114 1978 hac.
1193 1934 1261 1977 ac
1318 1934 1429 1996 per
1484 1916 1601 1977 hoc
1661 1918 1872 1977 manet
1928 1916 2244 1995 quaestiO,
2315 1915 2368 1978 si
2436 1915 2840 1997 septuaginta

546 2022 820 2103 quinque
871 2040 1173 2084 annorum
1210 2058 1297 2066 —
1339 2022 1505 2085 sicut
1554 2020 1878 2084 euidenter
1924 2022 2235 2102 scriptura
2274 2021 2592 2085 Geneseos
2638 2021 2843 2103 loqui-

546 2132 652 2192 tur
699 2164 782 2174 —
831 2127 975 2202 fuit,
1026 2127 1273 2207 quando
1323 2146 1617 2210 egressus
1668 2132 1765 2191 est
1812 2128 1887 2191 de
1929 2128 2223 2204 Charran,
2271 2128 2587 2209 quomodo
2637 2128 2922 2208 possitus

550 2254 689 2298 esse
727 2234 845 2297 hoc
885 2253 1141 2309 uerum:
1193 2234 1315 2297 nisi
1353 2233 1511 2297 forte
1552 2234 1718 2317 quod
1759 2235 1847 2299 ait
1886 2235 2278 2316 Stephanus:
2328 2240 2516 2299 tunc
2554 2234 2844 2297 Abram

552 2359 942 2424 egressus
1011 2343 1138 2403 est
1202 2340 1289 2403 de
1354 2344 1574 2404 terra
1631 2340 2216 2405 Chaldaeorum
2283 2345 2359 2404 et
2422 2341 2846 2404 habitauit

549 2447 625 2510 in
682 2446 1060 2522 Charran,
1109 2467 1228 2511 non
1282 2448 1373 2512 sio
1423 2448 1798 2531 accipiatur:
1856 2451 2008 2512 tunc
2067 2468 2361 2531 egressus
2422 2450 2539 2524 est,
2594 2450 2844 2529 postea-

548 2574 738 2636 quam
797 2555 851 2617 ei
909 2555 1166 2618 locutus
1225 2559 1324 2618 est
1380 2555 1672 2618 dominus
1721 2591 1807 2602 —
1854 2557 1980 2619 iam
2031 2557 2196 2620 enim
2253 2559 2386 2619 erat
2439 2556 2502 2618 in
2551 2555 2843 2636 Mesopo·

548 2662 762 2734 tamia‚
797 2661 965 2724 sicut
995 2681 1186 2742 supra
1213 2661 1453 2725 dictum
1486 2665 1603 2736 est,
1636 2661 1881 2743 quando
1913 2662 2073 2726 illud
2113 2662 2361 2725 audiuit
2398 2682 2432 2724 a
2472 2661 2725 2724 domino
2760 2697 2848 2707 —
2880 2678 2925 2716 ευ

553 2767 662 2831 sed
727 2768 868 2848 ipsa
929 2769 1151 2850 regula
1214 2769 1754 2850 recapitulationis
1822 2773 2143 2833 contexere
2209 2768 2419 2832 uoluit
2484 2768 2846 2850 Stephanus

552 2878 616 2938 et
665 2874 854 2938 simul
903 2873 1127 2946 dicere,
1167 2874 1332 2938 unde
1372 2894 1668 2958 egressus
1708 2876 1818 2938 ubi
1856 2875 2258 2950 habitauerit,
2300 2896 2445 2939 cum
2485 2875 2602 2938 ait:
2652 2876 2845 2937 tunc

555 2981 841 3046 Abram
891 3000 1279 3063 egressus
1329 2985 1456 3045 est
1504 2982 1594 3045 de
1631 2986 1849 3045 terra
1889 2981 2478 3045 Chaldaeorum
2519 2985 2594 3045 et
2632 2981 2848 3043 habi-

554 3088 774 3152 tauit
819 3088 894 3151 in
946 3086 1319 3151 Charran.
1395 3089 1457 3151 in
1514 3089 1721 3151 medio
1772 3093 2003 3162 autem,
2052 3088 2115 3151 id
2165 3093 2263 3151 est
2307 3088 2471 3152 inter
2517 3107 2848 3171 egressum

557 3194 631 3258 de
688 3199 852 3257 terra
900 3193 1355 3258 Chaldaeorum
1404 3199 1467 3258 et
1522 3194 1973 3258 habitationem
2029 3194 2092 3256 in
2143 3194 2436 3270 Charran,
2488 3194 2543 3258 ei
2589 3194 2848 3257 locutus
2882 3209 2929 3250 2⁵

559 3304 658 3364 est
715 3300 891 3363 deus,
978 3303 1199 3384 postea
1263 3320 1413 3364 uero
1483 3301 1650 3381 quod
1718 3301 2009 3383 adiungit
2066 3300 2455 3383 Stephanus:
2525 3305 2602 3365 et
2667 3300 2849 3364 inde

559 3409 991 3488 postquam
1029 3411 1397 3470 mortuus
1439 3411 1566 3470 est
1601 3411 1832 3487 pater
1863 3408 2060 3482 eiuS,
2097 3407 2574 3471 conlocauit
2610 3407 2850 3470 illum

740 3649 771 3701 3
810 3651 927 3703 Act.
968 3651 1017 3712 7,
1055 3652 1090 3702 4

632 3809 665 3862 2
704 3808 917 3861 locutus
955 3815 982 3861 e
1031 3807 1101 3860 V¹
1274 3809 1304 3860 3
1346 3825 1593 3878 egressus
1632 3810 1881 3862 abraham
1922 3809 2167 3864 PSVTb
2334 3814 2368 3862 4
2408 3809 2710 3863 caldeorum
2758 3809 2856 3862 CP

563 3896 905 3951 chaldeorum
942 3896 1108 3950 NSV
1283 3899 1316 3950 8
1356 3915 1460 3965 quo
1492 3898 1529 3950 d
1709 3901 1739 3950 9
1780 3903 1835 3950 et
1873 3915 1974 3951 om.
2015 3899 2064 3949 V
2097 3915 2214 3966 exp.
2249 3899 2299 3951 T
2441 3899 2508 3951 10
2534 3898 2765 3967 patrisui
2795 3898 2861 3950 N

568 3987 633 4040 15
665 4002 780 4038 esse
808 3986 984 4054 possit
1011 3985 1361 4039 PSVNde
1436 3986 1500 4039 16
1521 3987 1856 4055 sthephanus
1896 3987 1947 4039 V
2021 3988 2083 4040 17
2117 3991 2199 4040 est
2227 4004 2327 4040 om.
2356 3986 2551 4040 PV¹T
2621 3987 2688 4039 18
2715 3988 2851 4040 acci-

564 4077 747 4146 piatur
782 4079 846 4126 ut
892 4074 940 4127 T
1082 4076 1185 4141 est]
1228 4076 1301 4127 sit
1346 4075 1395 4127 T
1557 4076 1620 4127 19
1659 4067 1870 4128 locutus
1911 4080 1994 4128 est
2033 4077 2078 4128 ei
2129 4077 2178 4129 T
2316 4075 2760 4144 mesopotamiam
2797 4074 2860 4127 N

567 4165 631 4217 21
673 4165 792 4233 ipsa
829 4164 968 4233 (ipsa
999 4165 1101 4217 del.
1141 4170 1189 4217 et
1227 4181 1321 4232 per
1355 4169 1643 4231 superscr.)
1685 4164 1734 4216 V
1874 4166 2060 4234 regula
2100 4166 2147 4216 V
2255 4166 2324 4218 22
2361 4164 2852 4218 unde—Abraham

565 4254 628 4305 in
664 4270 764 4321 my.
803 4270 869 4307 m.
908 4259 946 4304 2
986 4253 1178 4306 addid.
1227 4253 1274 4306 V
1380 4253 1794 4322 ubi—egressus
1832 4255 1894 4306 in
1931 4272 2028 4322 my.
2072 4255 2201 4306 add.
2240 4255 2295 4306 P
2378 4255 2445 4307 23
2483 4252 2782 4306 habraham
2814 4252 2859 4305 G

570 4342 789 4394 abraam
827 4342 891 4394 N
995 4343 1061 4394 ‘25
1104 4343 1151 4394 ei
1190 4358 1291 4398 om.
1336 4341 1438 4394 CT
1578 4343 1788 4394 locutus
1831 4349 1912 4394 est
1954 4345 2000 4395 ei
2052 4343 2174 4395 Vbd
