3076 4976
623 539 1103 606 Quaestionum
1141 540 1252 593 lib.
1300 539 1337 592 V
1379 539 1668 611 (Quaest.
1710 540 1782 593 de
1823 542 2389 608 Deuteronomio).
2521 547 2646 610 371

356 741 567 803 autem
624 756 745 801 non
806 741 903 801 est
961 737 1125 818 apud
1185 736 1394 801 deum.
1472 754 1619 800 sane
1677 737 2023 801 notandum
2083 742 2180 801 est
2229 738 2651 804 confortatum

359 863 465 908 cor
508 862 696 927 posse
746 843 871 908 dici
919 848 983 909 et
1030 843 1091 908 in
1140 844 1332 908 malo.

443 950 562 1015 III.
632 951 916 1015 Verum
976 953 1236 1015 tamen
1289 949 1400 1033 Og
1448 969 1577 1014 rex
1626 951 1886 1014 Basan
1944 950 2317 1033 reliquus
2374 952 2648 1018 factus

356 1060 483 1122 est
541 1076 575 1121 a
632 1057 1015 1141 Raphain.
1092 1057 1211 1121 hoc
1268 1057 1542 1135 nomine,
1601 1055 1770 1139 quod
1828 1058 1927 1119 est
1980 1056 2286 1139 Raphain,
2354 1058 2646 1143 gigantes

292 1186 320 1224 ⁵
365 1164 713 1248 significari
760 1165 823 1228 in
872 1163 1144 1228 hebraea
1189 1165 1412 1248 lingua
1460 1163 1683 1227 dicunt
1730 1162 1834 1246 qui
1885 1182 2022 1227 eam
2079 1169 2411 1229 nonerunt.
2489 1166 2655 1231 unde

359 1271 530 1352 quod
568 1271 804 1336 habent
841 1271 1129 1354 plerique
1172 1270 1422 1334 codices
1461 1270 1956 1347 „derelictus
1999 1274 2123 1334 est
2161 1271 2648 1353 aRaphain“‚

353 1377 604 1459 planius
664 1379 882 1460 utique
941 1377 1207 1442 dicitur:
1276 1377 1649 1458 reliquus
1708 1378 1984 1441 factus
2042 1379 2196 1455 est,
2258 1381 2331 1442 ut
2385 1377 2520 1462 ipse
2579 1400 2650 1444 ex

354 1485 484 1549 illis
549 1484 928 1549 remansisse
994 1483 1425 1568 intellegatur,
1476 1483 1660 1547 cuius
1710 1483 1902 1547 etiam
1951 1488 2407 1566 consequenter
2449 1485 2652 1570 longi-

354 1590 508 1655 tudo
568 1595 631 1656 et
686 1591 960 1656 latitudo
1028 1590 1213 1655 ferrei
1281 1590 1431 1655 lecti
1501 1593 2031 1656 commemoratur
2086 1590 2164 1655 ad
2220 1590 2356 1656 eius
2413 1594 2651 1677 magni-

270 1719 318 1756 10
354 1697 638 1762 tudinem
689 1697 1273 1762 commendandam.

444 1805 590 1869 IIII.
666 1805 775 1869 Ne
842 1804 1227 1869 feceritis
1285 1804 1820 1886 iniquitatem
1878 1808 1956 1868 et
2010 1805 2351 1870 faciatis
2411 1808 2647 1872 uobis

356 1912 567 1993 ipsis
617 1911 1101 1993 sculptilem
1142 1910 1813 1987 similitudinem,
1856 1929 2155 1976 omnem
2194 1912 2645 1997 imaginem.

357 2018 509 2100 quid
571 2018 825 2083 intersit
887 2018 1051 2082 inter
1118 2017 1606 2082 similitudinem
1665 2021 1730 2081 et
1783 2017 2126 2101 imaginem
2183 2020 2395 2101 quaeri
2464 2022 2647 2086 solet.

357 2124 465 2188 sed
524 2125 627 2189 hic
683 2144 802 2190 non
863 2124 1048 2189 uideo
1110 2124 1260 2207 quid
1317 2125 1624 2189 interesse
1683 2126 1981 2199 uoluerit,
2040 2126 2158 2189 nisi
2226 2129 2356 2189 aut
2401 2126 2649 2192 duobus

268 2251 318 2291 ιε)
355 2232 498 2297 istis
577 2231 912 2296 uocabulis
988 2250 1178 2295 unam
1254 2251 1382 2295 rem
1461 2229 1919 2314 significauerit
1991 2234 2102 2294 aut
2164 2230 2647 2297 similitudinem

356 2340 605 2415 dixerit,
675 2339 731 2403 si
797 2338 974 2402 uerbi
1043 2339 1247 2422 gratia
1310 2337 1422 2401 fiat
1488 2340 1702 2401 statua
1764 2337 1871 2400 uel
1937 2336 2349 2401 simulacrum
2413 2338 2649 2403 habens

357 2446 633 2531 effigiem
693 2446 1055 2523 humanam,
1114 2466 1235 2512 non
1292 2449 1504 2511 tamen
1565 2445 1834 2511 alicuius
1891 2444 2167 2510 hominis
2225 2445 2655 2529 exprimantur

355 2554 740 2629 liniamenta,
801 2554 971 2618 sicut
1026 2554 1302 2637 pictores
1359 2555 1465 2618 uel
1523 2554 1816 2619 statuarii
1873 2553 2118 2618 faciunt
2172 2553 2492 2618 intuentes
2542 2573 2649 2620 eos

357 2682 511 2743 quos
568 2663 842 2746 pingunt
898 2680 1012 2726 seu
1068 2660 1349 2744 fingunt;
1418 2661 1580 2724 hanc
1648 2661 1815 2723 enim
1879 2659 2221 2744 imaginem
2281 2660 2407 2724 dici
2463 2680 2646 2727 nemo

263 2789 319 2826 20
357 2767 764 2832 dubitauerit.
816 2768 1164 2832 secundum
1213 2787 1402 2850 quam
1451 2766 1928 2831 distinct-ionem
1968 2767 2172 2831 omnis
2209 2768 2418 2851 imago
2459 2768 2650 2832 etiam

358 2875 711 2940 similitudo
764 2880 881 2951 est,
932 2894 1055 2940 non
1107 2874 1309 2939 omnis
1360 2874 1715 2939 similitudo
1774 2875 1966 2939 etiam
2023 2875 2232 2958 imago
2292 2878 2408 2939 est.
2484 2875 2650 2939 unde

358 2982 412 3044 si
461 2982 697 3066 gemini
745 2982 910 3046 inter
956 3001 1024 3046 se
1074 2981 1317 3046 similes
1367 2981 1514 3056 sint,
1558 2981 1908 3046 similitudo
1960 2981 2083 3045 dici
2130 2983 2346 3064 potest
2390 2982 2651 3046 alterius

358 3089 704 3152 cuiuslibet
749 3090 811 3152 in
862 3091 1083 3166 altem,
1132 3108 1255 3153 non
1303 3088 1535 3172 imag0.
1619 3089 1672 3152 si
1723 3090 1935 3152 autem
1983 3089 2146 3172 patri
2194 3088 2366 3152 filius
2423 3089 2651 3153 similis

357 3195 461 3268 sit,
512 3195 703 3259 etiam
753 3196 967 3280 imago
1016 3201 1190 3261 recte
1237 3195 1491 3274 dicitur,
1551 3198 1625 3260 ut
1681 3195 1767 3258 sit
1810 3196 1990 3276 pater
2036 3199 2434 3278 prototyp11S‚
2482 3194 2650 3282 unde

260 3322 316 3360 ⁴2⁵
356 3301 467 3366 illa
541 3303 752 3387 imago
829 3323 1123 3388 expressa
1194 3304 1509 3368 uideatur.
1595 3322 1861 3384 quarum
1930 3302 2087 3366 aliae
2153 3306 2301 3366 sunt
2366 3301 2648 3366 eiusdem

356 3410 770 3487 substantiae,
851 3411 1022 3476 sicut
1088 3410 1280 3488 filius,
1360 3410 1517 3474 aliae
1585 3428 1706 3474 non
1775 3408 2079 3487 eiusdem,
2147 3408 2317 3473 sicut
2378 3408 2647 3491 pictura.

355 3515 519 3580 unde
578 3517 761 3590 illud,
821 3518 989 3598 qnod
1045 3519 1106 3581 in
1159 3516 1392 3583 Genesi
1453 3516 1762 3599 scriptum
1823 3519 1953 3580 est:
2012 3515 2218 3580 fecit·
2274 3516 2470 3579 deus
2527 3515 2565 3578 h
2587 3533 2648 3578 o-

354 3622 639 3686 minem
699 3623 790 3687 ad
837 3623 1273 3708 imaginem
1324 3623 1471 3702 dei,
1522 3623 1933 3688 manifestum
1984 3626 2082 3686 est
2127 3622 2218 3685 ita
2266 3621 2528 3698 dictum,
2577 3623 2652 3684 ut

356 3747 477 3792 non
536 3729 818 3794 eiusdem
879 3730 1272 3795 substantiae
1334 3729 1421 3792 sit
1473 3729 1685 3812 imago
1745 3747 1919 3810 quae·
1958 3728 2148 3792 facta
2184 3731 2300 3793 est.
2381 3726 2436 3791 si
2483 3725 2649 3789 enim

257 3859 318 3898 ao
357 3834 641 3900 eiusdem
711 3841 910 3913 esset,
979 3857 1099 3901 non
1165 3837 1361 3911 facta,
1431 3836 1541 3900 sed
1610 3836 1825 3921 genita
1890 3834 2221 3900 diceretur.
2307 3833 2415 3898 sed
2483 3831 2650 3914 quod

533 4065 565 4116 3
604 4064 765 4117 Deut.
804 4065 853 4129 3,
895 4065 957 4117 11
1074 4065 1132 4118 11
1177 4065 1340 4119 Deut.
1381 4065 1430 4127 4,
1474 4063 1537 4116 16
1648 4063 1715 4116 27
1756 4061 1887 4117 Gen.
1932 4065 1978 4127 1,
2013 4061 2082 4113 27

429 4190 453 4242 1
498 4188 675 4260 deum]
716 4206 837 4243 eum
874 4188 1054 4244 NUT
1192 4188 1555 4243 confortatum
1595 4188 1696 4242 del.
1738 4187 1785 4242 S
1914 4188 1948 4240 2
1988 4187 2062 4257 et]
2104 4186 2268 4240 etiam
2308 4184 2432 4240 Pbd
2465 4200 2567 4238 om.
2607 4182 2656 4236 S

350 4277 499 4332 mala
535 4278 600 4331 N
668 4281 702 4332 4
740 4279 913 4333 rafain
956 4278 1082 4344 (bis)
1120 4278 1348 4332 PNVU
1358 4278 1408 4332 T
1489 4282 1520 4333 5
1563 4277 1817 4332 dicuntur
1853 4277 1899 4331 S
1910 4276 2042 4330 VrU
2110 4278 2142 4329 6
2178 4275 2383 4329 habent
2407 4273 2565 4327 latini
2602 4273 2653 4325 Τ

347 4366 617 4421 derelicta
652 4367 719 4421 N
788 4370 853 4423 16
892 4369 1013 4422 ulut
1048 4369 1093 4422 si
1138 4369 1189 4421 Τ
1262 4369 1325 4423 17
1367 4367 1605 4437 effigiam
1642 4367 1710 4421 N
1811 4367 2140 4437 exprimatur
2174 4364 2307 4419 PU¹
2384 4363 2447 4418 18
2476 4363 2647 4416 linea-

348 4459 539 4510 menta
584 4456 710 4511 Vbd
873 4461 969 4511 aut
1004 4459 1145 4512 sicut
1180 4457 1247 4512 N
1390 4459 1454 4512 19
1493 4456 1622 4525 dici]
1659 4443 1726 4510 'd‘i
1758 4456 2012 4511 P¹NVU
2152 4457 2232 4508 24·
2261 4457 2414 4524 pater
2450 4469 2551 4506 om.
2601 4448 2660 4506 U-

2437 4561 2536 4616 24*
