3076 4976
378 495 507 558 286
1082 490 1133 542 S.
1193 489 1469 542 Aureli
1525 489 1968 559 Augustini

377 686 652 768 positum
715 689 847 749 est:
905 686 969 747 τὸ
1028 680 1192 763 ἅγιον
1249 693 1351 747 τοῦ
1411 681 1601 763 ἁγίου.
1689 705 1763 749 an
1822 686 1982 750 forte
2041 685 2336 766 spiritum
2395 689 2683 751 sanctum

385 793 587 857 sancti
637 792 738 856 dei
785 792 908 856 hoc
958 795 1058 855 est
1100 792 1166 853 τὸ
1216 787 1377 870 ἄγων
1426 800 1658 874 πνεῦμα
1704 802 1808 854 τοῦ
1857 788 2027 867 ἁγίου
2074 794 2272 857 θεοῦὶ)
2339 812 2413 856 an
2472 794 2686 875 potius

387 898 832 974 „exorabit“
890 898 1131 962 dictum
1180 904 1279 962 est
1336 898 1680 974 „exorando
1720 898 2111 981 purgabit“?
2162 919 2303 962 nani
2355 899 2447 963 sic
2492 900 2686 967 uerba

387 1006 698 1071 contexit:
739 1010 818 1069 et
855 1004 1226 1068 exorabit
1257 1008 1621 1068 sanctum
1652 1006 1923 1069 sancti
1955 1009 2032 1069 et
2060 1006 2687 1070 tabernaculum

385 1112 857 1177 testimonii
907 1115 985 1175 et
1032 1112 1292 1175 altare
1342 1111 1715 1177 exorabit
1772 1116 1850 1175 et
1905 1131 2042 1194 pro
2105 1113 2684 1177 sacerdotibus
2748 1136 2775 1177 ε

387 1223 463 1283 et
510 1237 648 1302 pro
701 1219 911 1282 omni
959 1236 1374 1302 synagoga
1422 1217 1812 1281 exorabit.
1863 1219 2178 1299 quomodo
2221 1238 2370 1303 ergo
2411 1220 2689 1283 exorabit

379 1325 859 1389 tabernaculum
913 1329 977 1388 et
1023 1324 1219 1388 altare
1269 1323 1410 1400 nisi,
1462 1327 1533 1386 ut
1582 1323 1824 1387 dictum
1876 1328 1992 1401 est,
2051 1325 2499 1409 intellegamus
2556 1344 2687 1401 ,ex—

382 1431 613 1497 orando
661 1430 995 1513 purgabit“
1022 1435 1052 1494 ⁰?

467 1538 630 1602 LVI.
680 1538 847 1602 Illud
887 1536 1055 1618 quod
1096 1536 1282 1599 dicit:
1336 1535 1828 1617 quicumque
1869 1538 2275 1602 occiderit
2321 1540 2684 1603 uitulum

389 1648 527 1710 aut
601 1663 825 1709 ouem
899 1646 1036 1707 aut
1111 1662 1426 1726 capram
1510 1643 1583 1705 in
1667 1644 1969 1707 castris
2047 1648 2124 1709 et
2198 1646 2684 1727 quicumque
2725 1670 2774 1708 ιο

383 1750 789 1817 occiderit
855 1754 1082 1814 extra
1148 1753 1419 1813 castra
1488 1753 1565 1813 et
1630 1749 1718 1812 ad
1788 1751 2087 1814 ostium
2157 1752 2684 1817 tabernaculi

380 1856 853 1923 testimonii
904 1875 1052 1921 non
1101 1855 1530 1922 adtulerit.
1582 1856 1753 1919 etin
1803 1857 1922 1921 hoc
1972 1859 2309 1922 constituit
2352 1863 2683 1941 peccatum

381 1969 446 2029 et
493 1962 916 2030 comminatur
961 1962 1242 2039 facienti,
1294 1981 1416 2027 non
1467 1963 1544 2026 de
1592 1962 1693 2025 his
1744 1962 1903 2026 dicit
1959 1983 2117 2045 quae
2177 1965 2556 2029 occiduntur
2608 1965 2684 2029 ad

378 2092 570 2137 usum
619 2070 921 2135 uescendi
971 2070 1076 2134 uel
1127 2070 1182 2133 si
1231 2069 1381 2153 quid
1430 2069 1625 2144 aliud,
1678 2069 1789 2134 sed
1838 2069 1912 2133 de
1962 2071 2310 2136 sacrificiis,
2359 2072 2689 2154 prohibuit

381 2181 547 2243 enim
598 2178 845 2260 priuata
893 2175 1221 2251 sacrificia,
1263 2195 1340 2240 ne
1380 2176 1500 2240 sibi
1543 2172 1811 2258 quisqu‘e
1852 2176 2123 2258 quodam
2163 2179 2351 2242 modo
2393 2178 2687 2243 sacerdos
2730 2202 2780 2241 15

381 2306 523 2351 esse
571 2285 823 2361 audeat,
873 2282 984 2347 sed
1030 2283 1187 2346 illuc
1236 2282 1497 2356 adferat,
1559 2282 1666 2346 ubi
1724 2302 1836 2363 per
1894 2284 2289 2348 sacerdotem
2349 2285 2689 2349 offerantur

385 2394 520 2457 deo,
572 2392 662 2456 ita
709 2391 872 2455 enim
924 2407 1039 2453 nec
1088 2389 1272 2453 uanis
1314 2388 1793 2464 sacrificabunt3
1843 2408 1988 2453 nam
2037 2394 2100 2454 et
2144 2390 2265 2455 hoc
2311 2390 2372 2455 in
2423 2410 2497 2455 ea
2544 2410 2684 2455 con-

387 2500 723 2565 suetudine
772 2496 1124 2562 cauendum
1171 2497 1593 2577 praemonuit.
1654 2516 1799 2561 cum
1848 2516 1996 2581 ergo
2045 2516 2165 2562 non
2213 2498 2432 2563 liceret
2479 2496 2683 2564 offerri

389 2605 696 2671 sacrificia
762 2604 887 2668 nisi
943 2603 1006 2666 in
1057 2603 1489 2680 tabernaculo,
1550 2603 1651 2666 cui
1710 2604 2021 2684 templum
2087 2608 2312 2687 postea
2374 2606 2687 2670 successit

389 2750 474 2761 —
532 2711 699 2776 unde
758 2714 822 2774 et
877 2729 982 2774 rex
1038 2709 1275 2773 Israhel
1324 2709 1708 2774 Hieroboam
1768 2729 1995 2774 uaccas
2053 2711 2257 2775 facere
2315 2730 2509 2776 ausus
2565 2715 2683 2790 est,
2722 2739 2773 2778 2³0

388 2819 620 2902 quibus
668 2817 945 2900 populus
997 2815 1398 2893 sacrificaret,
1446 2835 1523 2880 ne
1571 2817 1763 2880 huius
1811 2816 1973 2900 legis
2013 2818 2386 2882 necessitate
2427 2819 2684 2883 seduce-

384 2929 602 2990 rentur
647 2924 725 2988 ab
776 2941 847 2987 eo
898 2922 1007 3003 qui
1058 2921 1175 2985 sub
1226 2941 1418 3006 regno
1480 2922 1619 2987 eius
1678 2926 1875 2995 erant,
1933 2921 2084 2985 dum
2143 2929 2417 3007 pergunt
2460 2924 2684 2987 Hieru-

387 3034 606 3108 salem,
657 3033 730 3095 ut
774 3030 837 3093 in
887 3029 1128 3110 templo
1179 3028 1278 3092 dei
1327 3030 1623 3094 offerrent
1672 3029 1978 3093 sacrificia
2025 3048 2159 3107 sua,
2218 3030 2280 3092 in
2338 3050 2461 3111 quo
2518 3031 2685 3094 facto

387 3160 422 3204 a
487 3137 741 3202 domino
821 3136 1278 3202 condemnatus
1356 3140 1454 3200 est
1516 3175 1603 3182 -
1670 3139 1895 3202 merito
1974 3137 2299 3218 quaeritur
2369 3138 2685 3220 quomodo

381 3246 556 3310 licite
606 3244 1056 3310 sacrificauerit
1092 3244 1313 3307 Helias
1355 3248 1527 3309 extra
1566 3247 1878 3327 templum
1920 3245 2039 3320 dei,
2082 3244 2331 3326 quando
2371 3248 2436 3308 et
2472 3245 2685 3328 ignem
2720 3272 2772 3311 ετ»

386 3354 460 3417 de
510 3353 685 3417 caelo
734 3350 1104 3434 impetrauit
1150 3355 1214 3414 et
1259 3351 1600 3433 prophetas
1650 3351 2119 3415 daemoniorum
2169 3351 2468 3415 conuicit.
2519 3351 2687 3433 quod

389 3458 541 3522 mihi
595 3476 716 3521 non
765 3456 1021 3521 uidetur
1077 3458 1199 3521 alia
1254 3457 1495 3521 ratione
1555 3457 1804 3520 defendi
1865 3477 2051 3538 quam
2108 3457 2238 3533 illa,
2299 3477 2421 3539 qua
2477 3457 2685 3520 defen-

385 3565 559 3628 ditur
606 3568 670 3627 et
706 3563 996 3627 Abrahae
1044 3564 1306 3640 factum,
1356 3564 1525 3645 quod
1564 3563 1765 3627 filium
1808 3564 1922 3628 deo
1961 3564 2180 3628 iussus
2220 3565 2427 3628 uoluit
2464 3564 2682 3627 immo—

563 3757 594 3806 9
639 3753 765 3806 Lcu.
811 3753 894 3812 17,
935 3753 984 3805 3.
1024 3753 1060 3804 4
1170 3753 1238 3806 20
1279 3753 1344 3804 cs.
1383 3751 1465 3804 III
1496 3752 1628 3818 Reg.
1664 3751 1747 3812 12,
1779 3752 1991 3806 28-30
2101 3753 2168 3805 25
2210 3751 2275 3806 cf.
2313 3752 2397 3805 111
2426 3754 2560 3823 Reg.
2603 3753 2685 3816 18,

385 3843 598 3898 36—39
710 3841 779 3895 28
821 3841 886 3896 cf.
929 3839 1060 3895 Gen.
1102 3842 1190 3902 22,
1230 3843 1329 3894 3-
1340 3841 1405 3894 10

460 3969 484 4023 1
528 3971 612 4020 est
649 3982 750 4019 om.
791 3966 855 4017 N
967 3970 1024 4018 to
1065 3965 1224 4032 agion
1263 3969 1325 4017 tu
1364 3964 1491 4032 agiu
1535 3963 1749 4017 CPTV
1782 3969 1839 4017 to
1880 3964 2039 4033 agion
2080 3968 2137 4017 to
2178 3964 2305 4034 agiu
2334 3964 2393 4017 N
2429 3971 2487 4016 to
2526 3965 2687 4032 agion

386 4060 446 4108 tu
487 4055 646 4124 agion
688 4059 730 4107 S
875 4071 985 4108 sem
1023 4072 1139 4123 spni
1168 4054 1284 4106 NT
1355 4055 1386 4107 2
1417 4055 1612 4123 sancti]
1651 4071 1761 4107 scm
1798 4053 1863 4106 N
1965 4059 2024 4106 to
2064 4053 2223 4121 agion
2263 4053 2688 4122 pneumatuagiu

386 4145 519 4196 then
555 4143 705 4197 OSN
716 4144 765 4197 V
798 4149 854 4195 to
886 4144 1046 4211 agion
1075 4143 1387 4212 pneumatiu
1418 4148 1478 4196 tu
1510 4143 1637 4210 agiu
1667 4143 1721 4194 P
1755 4147 1812 4195 to
1852 4142 2013 4211 agion
2044 4142 2357 4210 pneumatui
2387 4147 2447 4194 tu
2477 4142 2604 4208 agiu
2644 4142 2692 4194 T

388 4235 419 4286 3
461 4232 704 4285 exinanit
741 4231 871 4284 ΝΡι
1056 4232 1308 4300 purgauit
1348 4230 1528 4285 P¹SA
1682 4233 1714 4285 6
1755 4247 1881 4299 ergo
1921 4247 2022 4284 om.
2061 4231 2116 4284 P
2260 4231 2326 4286 12
2363 4230 2464 4282 hoc
2503 4246 2605 4283 om.
2645 4228 2693 4282 S

390 4321 454 4373 13
497 4321 794 4373 cominatur
833 4336 897 4372 ex
935 4320 1260 4374 comitantur
1297 4321 1351 4372 P
1529 4321 1595 4373 15
1646 4321 1872 4389 quisque
1920 4336 2023 4373 om.
2062 4319 2120 4372 N
2301 4320 2370 4372 20
2418 4318 2687 4371 ier->boam

387 4408 692 4462 PVTl-‘Vbd
800 4409 867 4461 22
907 4415 1190 4476 pergerent
1227 4409 1323 4462 PS
1340 4408 1481 4461 V³bd
1625 4410 1907 4462 ierusalem
1943 4408 2138 4461 Nde
