3076 4976
439 478 566 542 288
1155 471 1206 524 S.
1262 470 1532 523 Aureli
1590 470 2042 539 Augustini

432 691 576 737 cum
627 670 709 733 sit
758 668 1114 732 inmortalis
1164 666 1408 729 animae
1456 669 1700 739 natura,
1752 685 1908 747 quae
1958 665 2169 730 ablata
2216 668 2313 727 est
2361 666 2435 728 ab
2486 666 2728 749 angelis

434 779 490 842 in
545 778 686 840 sinu
733 774 1041 849 Abrahae,
1094 776 1156 837 et
1203 772 1305 837 cui
1355 772 1614 835 dicitur:
1675 772 1894 835 hodie
1951 791 2234 835 mecum
2293 772 2440 836 eris
2499 772 2569 836 in
2616 793 2727 855 pa·
2786 826 2789 827 γ

433 883 703 959 radiso‚
754 885 818 945 et
864 900 1023 963 quae
1073 880 1133 944 in
1182 879 1516 943 tormentis
1566 878 1823 943 ardebat
1860 878 2101 945 inferni.
2153 879 2499 943 secundum
2538 879 2726 944 istam

434 1010 582 1073 ergo
632 987 1181 1071 significationem,
1232 1004 1354 1068 qua
1401 985 1770 1068 perhibetur
1816 985 2019 1049 anima
2070 985 2260 1049 etiam
2299 986 2451 1049 haec
2489 990 2729 1069 tempo-

433 1096 583 1160 ralis
631 1094 786 1167 uita,
839 1094 996 1157 dixit
1044 1092 1372 1175 apostolus
1419 1092 1691 1155 Paulus:
1742 1110 1877 1155 non
1930 1093 2121 1155 enim
2170 1092 2364 1158 facio
2414 1094 2727 1158 animam
2792 1115 2818 1152 5

434 1221 662 1266 meam
731 1201 1149 1282 pretiosam
1215 1198 1428 1273 mihi,
1495 1198 1607 1262 ubi
1677 1218 1744 1262 se
1803 1198 2132 1264 ostendere
2189 1200 2400 1264 uoluit
2453 1204 2518 1264 et
2570 1201 2730 1264 mori

434 1311 719 1390 paratum
779 1325 889 1389 pro
951 1306 1306 1389 euangelio.
1383 1325 1526 1369 nam
1590 1306 1937 1369 secundum
1994 1306 2541 1388 significationem,
2608 1326 2729 1389 qua

436 1416 642 1479 anima
709 1414 942 1478 dicitur
1005 1413 1116 1476 illa
1173 1432 1332 1495 quae
1390 1413 1622 1496 migrat
1679 1432 1746 1476 ex
1806 1432 2081 1495 corpore,
2140 1413 2343 1497 magis
2402 1434 2538 1477 eam
2596 1433 2728 1496 pre-

433 1522 662 1586 tiosam
731 1520 1023 1593 faciebat,
1093 1520 1193 1584 cui
1261 1522 1508 1582 tautum
1575 1520 1871 1583 meritum
1941 1520 2367 1601 conquirebat.
2453 1523 2603 1584 sunt
2667 1525 2729 1585 et

435 1629 591 1692 aliae
623 1628 815 1691 huius
847 1628 1019 1692 modi
1051 1627 1425 1690 locutiones,
1468 1626 1604 1690 uita
1641 1626 1853 1707 itaque
1892 1626 2017 1690 ista
2055 1626 2420 1708 temporalis
2459 1628 2728 1691 maxime
2769 1650 2820 1692 ιο

435 1734 740 1817 sanguine
790 1734 1151 1797 continetur
1198 1734 1257 1794 in
1312 1750 1591 1813 corpore.
1672 1732 1781 1795 sed
1834 1731 1983 1814 quid
2034 1735 2132 1794 est
2178 1732 2346 1814 quod
2393 1732 2507 1797 ait:
2558 1733 2725 1797 dedi

435 1839 656 1904 uobis
725 1860 884 1904 eum
956 1839 1041 1902 ad
1108 1839 1344 1903 altare
1403 1838 1550 1914 dei,
1619 1844 1878 1902 exoret
1931 1857 2059 1920 pro
2126 1838 2364 1902 anima
2432 1844 2725 1906 uestra?

433 1952 759 2028 tamquam
836 1946 1039 2009 anima
1119 1964 1228 2027 pro
1305 1943 1514 2008 anima
1587 1948 1816 2009 exoret.
1910 1943 2217 2025 numquid
2294 1946 2551 2029 sanguis
2615 1967 2726 2029 pro

436 2054 765 2137 sanguine,
817 2052 996 2133 quasi
1048 2051 1121 2114 de
1179 2054 1392 2115 nostro
1452 2051 1758 2133 sanguine
1817 2051 2078 2115 solliciti
2135 2052 2356 2129 simuS‚
2414 2072 2559 2116 cum
2615 2073 2725 2135 pro

435 2159 637 2223 anima
688 2164 902 2224 nostra
949 2159 1249 2222 uolumus
1301 2157 1582 2222 exorari?
1648 2158 1993 2221 absurdum
2043 2163 2141 2223 est
2186 2159 2325 2225 hoc.
2768 2184 2820 2223 ιε»

525 2265 646 2331 Sed
712 2267 912 2330 multo
983 2270 1081 2329 est
1148 2265 1504 2341 absurdiuS,
1575 2269 1645 2328 ut
1711 2265 1969 2349 sanguis
2034 2267 2280 2348 pecoris
2346 2269 2552 2330 exoret
2614 2287 2725 2349 pro

435 2374 639 2438 anima
696 2373 998 2448 homiuisJ
1053 2390 1211 2453 quae-
1269 2372 1426 2435 mori
1483 2391 1606 2437 non
1667 2375 1896 2454 potest,
1946 2390 2091 2435 cum
2146 2372 2476 2437 manifeste
2535 2373 2727 2455 scrip-

435 2490 575 2545 tura
623 2484 894 2546 testetur
939 2481 1000 2544 in
1052 2479 1324 2562 epistula
1374 2479 1449 2543 ad
1496 2480 1823 2545 Hebraeos
1876 2479 2057 2543 illum
2115 2480 2485 2564 sanguinem
2542 2480 2727 2545 uicti·

434 2609 676 2652 marum
761 2588 917 2651 nihil
1001 2587 1314 2670 profuisse
1390 2587 1468 2651 ad
1543 2588 1920 2652 exorandum
1999 2588 2187 2651 deum
2263 2606 2372 2670 pro
2447 2589 2724 2670 peccatis

435 2695 783 2771 hominum,
834 2695 942 2759 sed
1002 2694 1395 2776 significasse
1453 2693 1693 2776 aliquid
1750 2693 1914 2775 quod
1971 2694 2318 2776 prodesset.
2404 2695 2724 2777 inpossi-
2763 2722 2815 2760 20

435 2803 587 2867 bile
637 2805 752 2865 est
803 2802 1016 2874 enim.
1067 2801 1291 2884 inquit.
1334 2801 1775 2884 sanguinem
1814 2802 2191 2865 hircorum
2233 2805 2306 2866 et
2343 2803 2723 2867 taurorum

437 2910 731 2973 auferre
806 2911 1137 2990 peccata.
1223 2912 1416 2972 restat
1484 2909 1728 2990 itaque,
1792 2913 1893 2984 ut,
1963 2908 2257 2990 quoniam
2333 2929 2442 2990 pro
2518 2909 2727 2972 anima

435 3021 651 3078 nostra
702 3020 914 3078 exorat
960 3015 1271 3079 mediator
1315 3014 1445 3082 ille.
1495 3015 1605 3096 qui
1654 3015 1943 3078 omnibus
2000 3015 2130 3079 illis
2187 3015 2510 3079 sacrificiis
2566 3035 2725 3097 quae

435 3139 543 3202 pro
628 3121 907 3201 peccatis
994 3121 1415 3185 offerebantur
1494 3120 2058 3204 praefigurabatur,
2138 3122 2297 3185 illud
2376 3122 2729 3203 appelletur

435 3227 638 3290 anima
687 3226 853 3308 quod
906 3227 1227 3308 significat
1274 3227 1566 3291 animam.
2761 3255 2816 3293 25

524 3333 698 3398 Solet
746 3338 958 3397 autem
1007 3353 1107 3397 res
1159 3353 1316 3415 quae
1356 3333 1675 3417 significat
1712 3335 1848 3398 eius
1887 3336 1975 3399 rei
2016 3336 2266 3399 nomine
2307 3355 2495 3417 quam
2534 3336 2725 3419 signi·

436 3439 583 3503 ficat
621 3439 998 3520 nuncupari;
1051 3440 1222 3503 sicut
1268 3441 1574 3521 scriptum
1626 3445 1749 3505 est:
1803 3446 2086 3524 septem
2137 3443 2389 3524 spicae
2439 3446 2722 3524 septem

435 3546 603 3610 anni
674 3549 876 3620 sunt3
945 3566 1066 3610 non
1136 3547 1299 3610 enim
1368 3547 1552 3611 dixit:
1621 3551 1864 3629 septem
1933 3568 2127 3613 annos
2187 3548 2570 3630 significant,
2629 3554 2720 3611 et:

615 3739 635 3789 1
683 3736 749 3790 ef.
790 3738 915 3792 Luc.
958 3738 1041 3798 16,
1082 3738 1151 3790 22
1287 3739 1319 3790 2
1361 3738 1485 3790 Luc.
1527 3739 1612 3798 23,
1651 3739 1720 3791 43
1858 3737 1891 3791 3
1932 3738 1996 3792 cf.
2038 3740 2163 3793 Luc.
2208 3741 2289 3793 16.
2331 3739 2399 3793 23
2529 3741 2561 3790 5
2602 3739 2719 3793 Act.

433 3826 518 3886 20,
556 3828 625 3878 24
739 3827 796 3877 11
843 3825 972 3877 Leu.
1019 3828 1098 3879 17.
1145 3827 1202 3878 11
1318 3826 1386 3879 20
1427 3825 1588 3879 Hebr.
1634 3827 1715 3890 10,
1757 3830 1792 3879 4
1900 3829 1966 3880 ‘27
2008 3825 2138 3880 Gen.
2179 3829 2267 3882 41.
2306 3828 2375 3880 26

505 3950 537 4001 2
576 3949 697 4001 sinu
745 3948 792 4000 T
952 3950 983 4001 3
1025 3949 1245 4002 infernis
1283 3947 1440 4002 PSl'
1638 3966 1763 4018 ergo
1805 3951 1962 4003 istam
2012 3950 2059 4002 Τ
2219 3952 2249 4003 5
2290 3950 2486 4003 Paulus
2524 3967 2625 4004 om.
2666 3951 2722 4004 N

432 4039 463 4092 6
503 4038 875 4106 pretiosiorem
916 4054 1076 4107 quam
1115 4054 1197 4090 me
1237 4038 1309 4090 bd
1498 4045 1553 4090 et
1591 4039 1747 4106 mori]
1789 4040 1953 4092 emori
1992 4040 2056 4093 N
2211 4039 2275 4092 10
2314 4040 2633 4109 temporales
2673 4040 2726 4092 1²

436 4127 500 4178 12
548 4127 749 4193 exoret]
802 4132 861 4178 ut
912 4133 1092 4179 exoret
1143 4133 1221 4190 (ut
1272 4127 1335 4181 in
1381 4135 1516 4192 rae.)
1567 4128 1627 4190 T,
1686 4126 1758 4179 V2
1803 4145 2014 4181 exorare
2054 4128 2093 4180 d
2273 4128 2339 4180 13
2392 4135 2629 4181 exoraret
2678 4129 2725 4180 T

436 4215 500 4267 14
538 4230 718 4267 sumus
746 4213 906 4267 PSV
1016 4217 1079 4267 15
1119 4231 1329 4267 exorare
1369 4214 1415 4269 S
1523 4217 1588 4268 16
1628 4216 1855 4285 pecoris]
1898 4217 2129 4285 corporis
2175 4217 2224 4269 T
2334 4217 2396 4268 17
2436 4217 2720 4270 manifesta

437 4302 693 4356 CPSNV
864 4304 930 4356 18
967 4311 1203 4357 testatur
1240 4304 1284 4356 S
1453 4306 1523 4357 22
1562 4312 1621 4356 ut
1661 4320 1761 4358 om.
1804 4304 1867 4357 N
2023 4307 2091 4359 23
2133 4307 2291 4375 quae]
2335 4307 2424 4374 qui
2469 4305 2727 4360 GPSVT

432 4393 499 4444 25
537 4392 1112 4462 animam—significat
1151 4394 1211 4445 in
1249 4409 1346 4461 my.
1387 4410 1453 4445 m.
1493 4397 1531 4445 ,2
1571 4411 1757 4461 appo-s.
1798 4393 1852 4446 P
1958 4395 2026 4448 ‘28
2064 4395 2335 4462 signifieat
2374 4393 2496 4448 1²¹3
