3076 4976
983 398 1510 453 Adnotationum
1552 398 1615 452 in
1654 399 1769 452 Iob
1806 399 1982 452 liber
2018 399 2061 452 Ι.
2530 398 2659 462 599

368 595 568 676 gloria
650 595 770 672 dei,
854 598 929 659 ut
1007 595 1184 659 illius
1259 595 1499 658 lumine
1572 593 1898 658 inlustrari
1972 594 2193 668 uelint,
2268 593 2363 657 illi
2439 592 2659 657 dantes

367 702 687 780 honorem,
743 721 865 766 non
925 702 1068 778 sibi,
1129 705 1317 785 atque
1377 702 1469 766 ita
1516 702 1807 784 deposita
1854 701 2151 783 superbia
2196 699 2581 764 mundentur
2627 719 2659 763 a

368 809 600 874 delicto
657 829 922 893 magno;
981 829 1126 872 nam
1184 809 1446 891 spiritus
1505 808 2024 872 sanctificationis
2082 827 2205 871 non
2252 807 2499 884 transit,
2549 806 2659 871 sed

367 918 601 980 manet.
653 916 747 980 ab
798 915 1183 996 aquilone
1231 916 1483 979 nubes
1535 914 1839 980 coloris
1891 915 2149 978 aurei:
2190 914 2265 978 ab
2308 913 2660 978 sceleratis·

302 1044 329 1082 5
370 1023 529 1086 sima
574 1022 882 1102 inpietate
932 1024 994 1086 et
1042 1042 1077 1085 a
1126 1022 1241 1086 deo
1289 1022 1480 1106 longe
1528 1027 1772 1085 remota
1819 1020 2084 1084 ueniunt
2121 1023 2330 1084 tamen
2372 1019 2663 1084 conuersi

276 1575 331 1615 10

277 2109 332 2147 15

275 2643 332 2684 20

275 3178 331 3218 25

370 1132 557 1211 atque
603 1128 893 1193 mundati
940 1132 1004 1192 et
1039 1129 1401 1193 inluminati
1442 1128 1771 1211 sapientia.
1813 1128 2024 1192 unde?
2062 1128 2185 1192 nisi
2221 1147 2332 1211 per
2369 1127 2660 1210 gratiam,

369 1255 493 1316 qua
528 1254 650 1300 non
690 1235 917 1300 merita
954 1235 1401 1313 adtenduntur,
1442 1235 1552 1299 sed
1594 1241 1856 1317 peecata
1893 1234 2319 1299 dimittuntur.
2358 1235 2523 1299 uude
2550 1235 2662 1298 ille

369 1361 515 1405 cum
581 1342 703 1406 sibi
769 1343 968 1406 uellet
1029 1343 1300 1426 ignosci,
1368 1342 1723 1420 doceam,
1790 1342 2017 1425 inquit,
2085 1342 2415 1424 iniquos
2481 1342 2660 1405 uias

367 1451 587 1527 tuae,
638 1451 716 1513 et
760 1449 970 1532 inpii
1018 1449 1109 1512 ad
1155 1453 1231 1512 te
1281 1451 1905 1525 conuertentur,
1956 1452 2283 1530 tamquam
2331 1448 2533 1512 nubes
2583 1449 2659 1511 ab

370 1556 606 1619 oriente
672 1556 776 1619 uel
844 1555 1136 1639 aquilone
1202 1556 1326 1619 iam
1396 1556 1625 1619 eoloris
1694 1555 1865 1620 aurei
1931 1555 2327 1620 inluminatis
2382 1555 2661 1619 tenebris

371 1661 526 1725 suia.
555 1660 632 1724 in
661 1661 788 1725 his
831 1666 956 1726 est
991 1681 1272 1745 magna
1310 1662 1579 1746 gloria
1618 1666 1695 1726 et
1732 1662 1984 1725 honor
2022 1660 2660 1744 omnipotentis:

369 1768 474 1832 cui
519 1768 866 1850 plurimum
915 1769 1279 1842 dimittitur,
1327 1768 1674 1852 plurimum
1725 1767 1957 1850 diligit,
2008 1768 2301 1850 quoniam
2348 1770 2563 1851 potest
2601 1771 2664 1832 et

369 1874 612 1955 inpium
660 1875 1008 1940 iustificare
1058 1876 1167 1957 qui
1224 1878 1325 1938 est
1381 1875 1803 1956 omnipotens.
1863 1878 1941 1938 et
1997 1894 2141 1940 non
2197 1875 2660 1939 inuenimus

370 1981 618 2044 alium
680 1983 1033 2046 similem
1092 1982 1391 2046 uirtuti
1452 1983 1663 2046 eius:
1724 1982 1899 2047 solus
1958 1982 2119 2045 enim
2179 1982 2281 2046 hic
2330 1986 2663 2064 peccatum

371 2108 492 2152 non
551 2088 706 2153 fecit
760 2106 899 2153 nec
958 2089 1352 2153 inuentus
1412 2093 1537 2153 est
1595 2088 1830 2153 dolus
1889 2089 1965 2151 in
2026 2108 2155 2152 ore
2214 2089 2424 2165 eius;
2485 2088 2661 2153 solus

369 2194 536 2258 euim
609 2196 765 2260 deus
843 2215 1062 2274 uerax,
1131 2195 1387 2260 omnis
1455 2198 1669 2260 autem
1745 2195 1972 2260 homo
2050 2195 2411 2259 mendax:
2495 2194 2662 2258 unde

368 2302 549 2378 uicit,
582 2320 729 2365 oum
757 2301 1165 2376 iudicaretur,
1199 2300 1354 2365 deus
1388 2300 1578 2364 homo
1608 2300 1839 2364 factus.
1881 2301 2016 2382 qui
2052 2300 2131 2363 iu
2154 2305 2277 2364 ste
2315 2300 2661 2378 iudicat,

367 2428 514 2473 non
582 2410 828 2491 putas
898 2408 1280 2471 exaudire
1347 2411 1567 2471 eum?
1633 2426 1753 2471 non
1820 2407 2037 2490 itaque
2097 2408 2287 2472 homo
2347 2409 2421 2472 de
2477 2410 2665 2474 uenia

368 2515 754 2598 desperando
822 2515 1013 2579 addat
1073 2519 1335 2599 peccata
1396 2514 1701 2597 peccatis;
1769 2519 2093 2597 tamquam
2168 2515 2461 2580 addictus
2533 2517 2662 2581 iam

369 2622 777 2698 damnationi,
828 2622 977 2703 quia
1023 2627 1229 2687 certus
1272 2625 1371 2686 est
1408 2622 1484 2685 de
1522 2622 1773 2685 iustitia
1812 2622 1932 2697 dei,
1973 2622 2090 2686 sub
2132 2642 2253 2705 qua
2292 2643 2412 2688 non
2450 2627 2666 2706 potest

370 2748 510 2793 esse
557 2729 906 2811 inpunitus
956 2729 1046 2792 ita
1094 2729 1260 2793 enim
1310 2728 1466 2792 deus
1514 2729 1684 2793 iuste
1732 2729 1992 2806 iudicat,
2033 2733 2107 2793 ut
2143 2730 2332 2793 etiam
2373 2731 2665 2795 exaudiat

367 2836 622 2900 ueniam
652 2836 1084 2918 deprecantes
1119 2839 1182 2899 et
1207 2838 1384 2901 tanto
1415 2837 1645 2920 magia,
1680 2838 1912 2918 quanto
1950 2837 2156 2921 magis
2194 2837 2363 2901 iuste
2399 2837 2660 2902 iudicat.

367 2962 491 3007 non
550 2943 716 3007 enim
762 2942 920 3006 iusti
965 2943 1190 3007 iudicii
1240 2946 1340 3007 est
1385 2944 1783 3025 paenitentes
1834 2943 2153 3026 supplices
2201 2944 2468 3009 miscere
2517 2964 2661 3008 cum

368 3048 469 3112 his
528 3049 637 3131 qui
692 3053 992 3113 recusant
1048 3049 1480 3113 humilitatem
1537 3053 1602 3113 et
1659 3050 2162 3114 satisfactionem
2220 3050 2660 3133 paenitentiae.

369 3158 807 3238 propterea
852 3155 1262 3219 timebunt
1309 3175 1482 3219 eum
1528 3154 1931 3219 homines:
1983 3157 2037 3219 si
2088 3175 2154 3220 se
2193 3156 2483 3221 homines
2524 3175 2662 3221 esse

367 3262 769 3327 meminerint
814 3262 1167 3327 confitendo
1214 3267 1478 3345 peccata
1524 3281 1660 3339 sua,
1713 3262 1860 3345 quia
1906 3262 2111 3327 adhue
2157 3263 2444 3327 homines
2494 3267 2661 3329 sunt.

370 3370 603 3452 quibus
661 3368 925 3433 dicitur:
982 3388 1185 3433 nonne
1250 3369 1535 3434 homines
1605 3370 1806 3433 estis?
1871 3370 2282 3433 timebunt
2347 3389 2661 3453 quoque

370 3495 539 3539 eum
582 3478 659 3539 et
698 3475 1119 3557 sapientes
1162 3475 1428 3540 corde:
1459 3494 1536 3539 ne
1571 3475 1693 3539 sibi
1720 3476 2054 3541 tribuendo
2088 3477 2258 3559 quod
2288 3481 2663 3558 acceperunt

547 3739 583 3791 4
621 3738 720 3791 Iob
759 3738 846 3801 37,
887 3738 952 3791 21
1057 3739 1091 3793 8
1127 3738 1216 3792 Pe.
1257 3740 1345 3803 50,
1388 3739 1453 3793 15
1568 3739 1629 3792 11
1681 3738 1778 3791 Iob
1819 3740 1904 3797 37,
1946 3739 2008 3791 21
2128 3738 2193 3791 12
2233 3737 2298 3791 cf.
2337 3737 2465 3791 Luc.
2507 3739 2555 3799 7,
2592 3738 2663 3791 43

373 3824 438 3878 13
476 3826 574 3879 Iob
614 3826 701 3889 37,
741 3826 811 3880 22
890 3828 954 3881 15
996 3825 1062 3880 cf.
1104 3826 1130 3879 1
1167 3827 1312 3881 Petr.
1353 3829 1403 3893 2,
1443 3828 1511 3881 22
1588 3829 1654 3880 16
1694 3827 1781 3880 Ps.
1826 3829 1944 3889 115,
1980 3829 2002 3880 1
2037 3828 2149 3893 (11)
2230 3828 2293 3881 17
2331 3826 2429 3879 Iob
2469 3827 2554 3891 37,
2593 3827 2663 3881 22

370 3914 439 3967 25
477 3914 575 3967 Iob
617 3915 702 3979 37,
742 3916 811 3969 23
923 3916 991 3970 27
1028 3915 1128 3969 Iob
1166 3918 1252 3980 37,
1292 3917 1361 3970 23

440 4039 473 4093 2
511 4039 765 4109 superbia
802 4039 1054 4109 deposita
1091 4041 1122 4094 b
1257 4040 1550 4093 mundetur
1586 4040 1616 4093 b
1735 4041 1770 4093 4
1807 4040 1965 4092 nubis
2005 4037 2051 4092 S
2155 4040 2186 4093 5
2225 4038 2472 4092 mundati
2501 4042 2663 4108 atque

369 4128 614 4181 conuersi
660 4128 782 4182 de
940 4129 974 4181 6
1013 4129 1140 4197 nisi]
1177 4128 1302 4181 inde
1343 4130 1374 4182 b
1524 4129 1590 4183 12
1630 4130 1737 4197 cui]
1780 4129 1884 4194 Qui
1931 4128 1977 4181 C
2137 4128 2203 4181 13
2242 4128 2575 4180 inueniemns
2623 4126 2670 4179 0

372 4217 440 4270 14
475 4216 697 4270 uirtutis
735 4216 782 4270 S
958 4222 1183 4286 peccata
1217 4216 1322 4270 PG
1502 4217 1568 4271 16
1608 4216 1766 4270 homo
1806 4219 1985 4269 autem
2028 4217 2058 4268 b
2244 4217 2307 4268 19
2347 4215 2579 4268 adclitus
2623 4215 2671 4268 0

367 4306 475 4357 iarn
515 4321 616 4358 om.
662 4306 707 4359 0
812 4305 878 4359 21
920 4305 1063 4359 iuste
1102 4323 1202 4360 om.
1249 4304 1296 4358 0
1400 4306 1469 4359 24
1506 4306 1574 4358 iis
1614 4305 1703 4358 Pa
