3076 4976
532 466 616 527 54
1235 463 1286 514 S.
1348 462 1622 514 Aureli
1679 462 2119 531 Augustini

531 657 715 720 facile
756 659 962 721 autem
1005 656 1123 721 hoc
1160 657 1545 741 intellegunt
1582 675 1706 740 qua
1748 657 2051 721 distantia
2085 657 2352 731 dicatur,
2385 657 2491 739 qui
2526 677 2833 741 graecum

533 764 858 846 eloquium
908 764 1123 828 audire
1173 766 1361 845 atque
1409 764 1778 847 intellegere
1828 766 2054 828 solent.
2481 751 2486 756 ⁸

624 870 786 935 CVI.
837 870 1196 949 Quaeritur,
1249 874 1460 933 utrum
1526 870 1916 934 mendaciter
1980 870 2346 953 promiserit
2408 872 2594 935 Iacob
2651 871 2838 934 fratri

536 996 671 1052 suc,
724 976 890 1058 quod
940 995 1209 1058 sequens
1275 976 1467 1057 pedes
1535 996 1797 1041 suorum
1844 978 1906 1040 in
1956 978 2177 1041 itinere
2241 980 2498 1060 propter
2555 997 2714 1059 quos
2776 978 2837 1040 si

535 1084 956 1147 inmoraretur
1002 1086 1306 1147 uenturus
1357 1085 1529 1147 esset
1585 1084 1663 1147 ad
1711 1104 1858 1147 eum
1903 1084 1964 1146 in
2017 1083 2184 1158 Seir3
2235 1084 2354 1149 hoc
2413 1084 2602 1161 enim,
2663 1083 2840 1147 sicut
2906 1107 2930 1146 5

538 1188 850 1269 scriptura
898 1186 1118 1251 deinde
1168 1192 1395 1262 narrat,
1445 1208 1566 1251 non
1607 1189 1776 1261 fecit,
1820 1189 1931 1252 sed
1972 1208 2043 1253 eo
2082 1189 2356 1272 perrexit
2393 1189 2619 1253 itinere
2660 1190 2836 1271 quod

537 1295 849 1378 dirigebat
894 1293 970 1357 ad
1020 1313 1194 1358 suos.
1245 1313 1319 1357 an
1368 1294 1530 1359 forte
1570 1296 1782 1359 ueraci
1822 1297 2027 1360 animo
2066 1296 2463 1376 promiserat,
2505 1296 2617 1360 sed
2658 1297 2838 1360 aliud

533 1404 756 1484 postea
804 1400 1139 1484 cogitando
1190 1400 1474 1485 delegit?

626 1507 817 1572 CVII.
907 1506 1236 1587 Quomodo
1312 1508 1626 1588 scriptura
1708 1508 1863 1572 dicit
1956 1509 2124 1591 quod
2203 1508 2420 1572 uidit
2493 1508 2841 1592 Sychem

535 1615 781 1679 filius
841 1615 1152 1678 Emmor
1217 1614 1696 1690 ChorraeuS,
1773 1614 2156 1697 princeps
2235 1617 2524 1691 terrae,
2602 1614 2842 1679 Dinam
2882 1642 2929 1680 10

535 1723 732 1786 filiam
779 1721 988 1798 Iacob,
1040 1724 1119 1785 et
1164 1721 1488 1804 accepit
1554 1739 1719 1785 eam
1769 1724 1848 1785 et
1914 1720 2310 1785 dormiuit
2375 1739 2548 1784 cum
2622 1741 2710 1786 ea
2758 1727 2844 1785 et

535 1827 1018 1892 humiliauit
1094 1847 1279 1894 eam.
1361 1830 1438 1892 et
1506 1826 1873 1892 intendit
1937 1826 2197 1891 animo
2265 1825 2519 1891 Dinae
2591 1828 2841 1892 filiae

535 1935 776 1998 Iacob
827 1938 904 1998 et
950 1933 1368 1998 adamauit
1412 1934 1828 2017 uirginem
1879 1937 1957 1997 et
2000 1935 2341 1997 locutus
2392 1937 2518 1997 est
2556 1954 2840 1998 secun-

538 2042 716 2105 dum
777 2059 1101 2107 sensum
1156 2040 1516 2122 uirginis
1578 2040 1785 2121 ipsi?
1846 2038 2160 2122 quomodo
2222 2040 2402 2123 uirgo
2455 2042 2840 2123 appellatur,

542 2148 595 2211 si
643 2147 769 2209 iam
837 2167 983 2210 cum
1053 2146 1165 2210 illa
1221 2146 1561 2210 dormierat
1618 2165 1880 2228 eamque
1938 2146 2435 2210 humiliauerat?
2494 2147 2616 2211 nisi
2673 2147 2843 2212 forte
2879 2175 2926 2215 ιε

541 2253 723 2336 uirgo
791 2273 1014 2318 nomen
1083 2252 1310 2316 aetatis
1379 2257 1478 2317 est
1544 2252 1894 2317 secundum
1951 2251 2293 2316 hebraeum
2353 2254 2695 2334 eloquium.
2761 2273 2841 2317 an

540 2360 753 2441 potius
801 2380 915 2441 per
959 2359 1550 2440 recapitulationem
1598 2362 1823 2441 postea
1862 2362 2394 2423 commemoratur
2422 2360 2590 2442 quod
2628 2361 2841 2441 primo

541 2467 777 2530 factum
857 2469 999 2530 est‘?
1066 2464 1241 2547 prius
1309 2465 1475 2530 enim
1540 2465 1753 2548 potuit
1816 2463 2137 2530 intendere
2211 2465 2456 2531 animae
2520 2465 2726 2548 ipsius
2779 2472 2844 2531 et

547 2593 753 2637 amare
803 2573 1116 2656 uirginem
1166 2576 1231 2636 et
1276 2573 1451 2654 loqui
1501 2572 1852 2636 secundum
1902 2590 2160 2636 sensum
2200 2572 2469 2655 uirginis
2509 2576 2573 2635 et
2612 2573 2843 2637 deinde

545 2700 690 2745 cum
739 2681 852 2745 illa
899 2680 1168 2745 dormire
1218 2698 1483 2761 eamque
1533 2680 1889 2743 humiliare.
2878 2709 2926 2747 20

636 2785 860 2853 CVIII.
916 2787 1074 2852 Cum
1128 2786 1317 2869 paulo
1367 2788 1510 2850 ante
1560 2787 1825 2868 loquens
1869 2785 2055 2849 Iacob
2099 2805 2243 2849 cum
2283 2785 2473 2849 fratre
2513 2804 2629 2849 suo
2668 2785 2846 2849 Esau

544 2894 818 2958 infantes
857 2893 1023 2958 filios
1063 2912 1215 2957 suos
1256 2912 1396 2957 esse
1437 2892 1774 2976 significet,
1816 2911 1974 2974 quae
2014 2910 2237 2974 graece
2279 2891 2576 2955 dicuntur
2610 2891 2843 2968 παιδία,

545 3001 993 3084 quaeripotest
1012 3000 1328 3082 quomodo
1359 3002 1702 3082 potuerunt
1729 2999 1935 3062 facere
1965 3000 2209 3062 tantam
2243 3002 2521 3081 stragem
2545 2997 2844 3079 direptio·

543 3127 813 3190 nemque
861 3106 1144 3171 ciuitatis
1210 3104 1562 3170 interfectis
1613 3104 1906 3186 quamuis
1955 3103 2016 3167 in
2069 3104 2279 3168 dolore
2338 3103 2842 3169 circumcisionis

546 3214 914 3290 constitutis
982 3232 1095 3296 pro
1163 3231 1376 3277 sorore
1425 3231 1542 3276 sua
1606 3212 1789 3276 Dina.
1860 3212 1970 3275 sed
2030 3211 2531 3295 intellegendum
2583 3215 2683 3275 est
2729 3212 2843 3275 diu
2877 3241 2922 3280 ει,

546 3320 679 3384 illic
726 3320 1049 3384 habitasse
1111 3319 1321 3393 Iacob,
1395 3319 1593 3382 donec
1633 3322 1696 3382 et
1741 3318 1874 3381 filia
1920 3318 2055 3382 eius
2123 3318 2304 3401 uirgo
2371 3317 2552 3381 fieret
2598 3321 2663 3382 et
2726 3318 2844 3382 filii

727 3530 757 3580 3
799 3529 864 3583 cf.
909 3529 1039 3584 Gen.
1082 3528 1168 3590 33,
1210 3528 1278 3580 14
1387 3527 1418 3579 9
1461 3526 1592 3580 Ger..
1632 3528 1718 3588 34,
1758 3527 1806 3582 2.
1848 3526 1880 3579 3
1990 3528 2054 3579 21
2099 3526 2166 3580 cf.
2207 3525 2338 3579 Gen.
2377 3525 2464 3588 33,
2503 3526 2536 3579 5

623 3671 646 3722 1
691 3685 969 3737 grecorum
1010 3667 1130 3720 de
1199 3669 1233 3719 4
1273 3667 1327 3719 in
1365 3684 1467 3720 om.
1500 3667 1564 3718 N
1672 3684 1805 3736 quos
1846 3668 1890 3719 si
1931 3668 2288 3720 inmoraretur
2314 3667 2540 3734 scripsi:
2578 3683 2712 3735 quos
2742 3668 2841 3719 im-

548 3759 852 3812 moraretur
897 3755 1056 3808 (JNT
1092 3773 1196 3822 quo
1237 3755 1584 3807 sinim-aretur
1611 3755 1666 3807 P
1701 3771 1834 3823 quos
1873 3759 2171 3808 moraretur
2204 3755 2255 3807 V
2289 3770 2421 3822 quos
2461 3755 2508 3806 si
2543 3760 2846 3808 moraretur

550 3847 667 3901 de
819 3847 851 3896 5
892 3844 1029 3910 Scir]
1073 3844 1149 3896 eis
1189 3843 1236 3897 S
1375 3846 1406 3896 6
1447 3844 1714 3911 scriptura
1753 3832 1809 3896 di
1846 3842 2079 3896 PNVT
2260 3843 2314 3895 in
2353 3843 2548 3896 itinere
2594 3842 2748 3895 GPT
2786 3860 2844 3896 ex

550 3936 743 3988 itinere
784 3934 814 3986 b
998 3949 1104 4001 quo
1143 3932 1252 3984 ΡΝ
1267 3931 1346 3984 Vb
1496 3933 1524 3985 7
1568 3931 1852 4000 derigebat
1889 3934 1939 3986 A*
2127 3931 2195 3995 ad
2243 3931 2293 3984 V
2433 3933 2464 3984 9
2502 3932 2706 3985 sichem
2744 3932 2848 3985 NS

554 4026 619 4078 10
659 4039 806 4075 emor
841 4022 936 4074 Nb
1110 4038 1323 4074 correus
1367 4021 1529 4073 CPN
1564 4021 1799 4073 correius
1847 4020 1916 4072 V¹
1956 4021 2074 4074 enci
2121 4019 2196 4074 V²
2231 4020 2383 4073 euaei
2423 4020 2497 4073 bd
2532 4017 2560 4070 ὁ
2597 4026 2843 4092 χορραῐος

552 4112 671 4167 cod.
713 4112 869 4165 Alezc.
918 4117 968 4165 et
1006 4110 1148 4179 Lay.
1299 4111 1357 4162 11
1404 4126 1524 4161 cum
1563 4116 1626 4162 ea
1662 4109 1728 4161 N
1869 4110 1934 4162 13
1983 4110 2189 4162 amauit
2235 4109 2423 4163 SVTb
2475 4109 2742 4162 ammauit
2784 4107 2844 4161 N

554 4202 621 4254 14
658 4201 828 4270 ipsius
869 4201 900 4253 b
1032 4200 1095 4252 15
1137 4198 1227 4251 illo
1268 4199 1374 4252 ΒΝ
1512 4199 1622 4251 nisi
1663 4199 1741 4265 (ni
1777 4213 1820 4252 ε.
1861 4198 1895 4252 l.
1935 4215 2000 4251 m.
2040 4203 2090 4264 1)
2131 4199 2185 4250 P
2220 4200 2264 4251 si
2305 4199 2350 4252 S
2458 4201 2523 4252 16
2563 4202 2620 4252 et
2656 4214 2841 4252 secun·

554 4292 677 4344 dum
718 4289 781 4341 N
909 4291 970 4342 19
1008 4290 1212 4358 uiginis
1252 4288 1295 4341 S
1467 4293 1520 4340 et
1561 4303 1663 4340 om.
1705 4287 1896 4340 PSVb
2024 4289 2086 4340 21
2132 4304 2260 4340 esau
2297 4303 2400 4341 om.
2450 4286 2502 4341 V
2644 4287 2715 4340 22
2754 4285 2842 4354 qui

554 4378 729 4432 Sde
871 4377 1031 4446 pedia
1073 4376 1395 4430 CPSNVT
1430 4373 1608 4435 παιὸες
1649 4377 1679 4428 b
