3076 4976
552 480 632 541 74
1253 479 1304 530 S.
1367 478 1637 530 Aureli
1693 478 2131 547 Augustini

638 670 880 736 CXLII.
916 672 1009 735 Et
1044 671 1478 735 deducetis
1519 675 1929 735 senectam
1970 691 2216 735 meam
2258 691 2429 735 cum
2469 673 2856 737 tristitia

546 777 636 841 ad
684 778 1107 842 infernum.
1158 781 1371 841 utrum
1418 777 1560 841 ideo
1611 777 1688 840 ad
1735 778 2072 854 infernum,
2133 778 2281 858 quia
2330 797 2472 841 cum
2530 779 2854 846 tristitia?

546 904 622 947 au
671 884 923 947 etiamsi
972 885 1224 948 abesset
1280 883 1563 958 tristitia,
1622 886 1950 966 tamquam
2009 885 2086 948 ad
2144 885 2457 949 infernum
2514 886 2852 950 moriendo

545 991 966 1055 descensurus
1026 992 1180 1055 haec
1237 991 1566 1072 loquitur?
1616 991 1692 1055 de
1739 991 1980 1056 inferno
2040 993 2206 1056 enim
2265 1011 2494 1076 magna
2549 993 2853 1074 quaestio

545 1100 645 1160 est
690 1099 753 1161 et
799 1097 948 1178 quid
1006 1097 1151 1160 iude
1217 1098 1531 1179 scriptura
1597 1099 1830 1161 sentiat
1891 1100 2051 1163 locis
2119 1100 2435 1176 oirinibu8‚
2502 1099 2613 1163 ubi
2680 1101 2854 1162 forte
2924 1127 2949 1164 ε»

544 1204 663 1266 hoc
713 1208 1276 1267 commemoratum
1326 1204 1541 1280 fuerit,
1593 1204 2059 1269 obseruandum
2110 1211 2228 1269 est.

635 1309 909 1376 CXLIII.
963 1309 1146 1389 Quod
1195 1330 1231 1372 a
1276 1311 1635 1392 praeposito
1678 1311 1905 1376 domus
1955 1311 2262 1375 audiunt:
2315 1312 2509 1375 deus
2558 1317 2857 1375 uester

544 1418 621 1479 et
665 1415 860 1480 deus
913 1419 1225 1498 patrum
1288 1420 1754 1482 uestrorum
1814 1418 2041 1482 dedit
2096 1419 2331 1483 uobis
2391 1419 2843 1482 thesauros

540 1522 617 1585 in
666 1522 935 1586 saccis
984 1523 1330 1598 uestris;
1384 1527 1804 1607 argentum
1847 1528 2108 1589 autem
2152 1535 2518 1589 uestrum
2556 1524 2853 1607 proba-

539 1633 702 1693 tum
789 1628 1062 1706 habeo,
1143 1629 1545 1694 mendacium
1621 1631 1895 1709 uidetur,
1974 1632 2084 1695 sed
2162 1631 2402 1713 aliquid
2481 1631 2852 1713 significare
2893 1658 2941 1696 ιο

541 1736 919 1800 credendum
973 1740 1089 1800 est.
1132 1741 1463 1820 argentum
1503 1738 1671 1802 enim
1711 1738 1879 1820 quod
1919 1741 1984 1803 et
2022 1739 2208 1802 datur
2244 1743 2307 1801 et
2343 1757 2466 1802 non
2504 1737 2846 1812 minuitur,

542 1843 691 1924 quia
738 1846 802 1906 et
846 1844 1181 1924 probatum
1230 1845 1620 1926 appellatum
1690 1855 1805 1920 est,
1865 1845 2163 1909 nimirum
2220 1845 2379 1908 illud
2435 1844 2850 1926 intellegitur

543 1949 619 2013 de
679 1969 802 2031 quo
871 1951 1023 2013 alibi
1078 1951 1386 2033 legimus:
1447 1952 1778 2033 eloquia
1835 1951 2137 2016 domini
2196 1951 2528 2033 eloquia
2584 1955 2842 2024 casta,

544 2059 966 2139 argentum
1014 2057 1206 2140 igne
1255 2057 1816 2135 examinatum,
1866 2058 2289 2141 probatum
2332 2060 2625 2124 terrae.
2665 2075 2842 2138 pur-

540 2167 808 2246 gatum
860 2163 1352 2244 septuplum,
1402 2163 1465 2226 id
1514 2166 1614 2227 est
1659 2165 1954 2246 perfecte.
2878 2195 2928 2232 1⁵

628 2269 934 2335 CXLIIII.
988 2270 1388 2333 Biberunt
1426 2273 1690 2334 autem
1735 2273 1811 2334 et
1846 2270 2240 2334 inebriati
2283 2273 2472 2334 sunt
2510 2289 2680 2333 cum
2723 2287 2833 2334 eo,
3043 2355 3045 2358 Ι

536 2376 745 2440 solent
779 2376 925 2439 hinc
966 2375 1195 2439 ebriosi
1235 2375 1531 2440 adhibere
1571 2377 1921 2441 testimonii
1959 2377 2377 2458 patrocinium
2419 2395 2536 2440 non
2577 2379 2837 2457 propter
3043 2377 3045 2464 1

539 2482 685 2547 illos
747 2482 910 2547 filios
984 2482 1221 2546 Israhel
1299 2482 1409 2548 sed
1483 2487 1741 2567 propter
1814 2484 2064 2565 Ioseph,
2141 2484 2246 2566 qui
2322 2481 2509 2548 ualde
2581 2482 2831 2564 sapiens

545 2590 1053 2665 commendatum
1121 2589 1231 2653 sed
1293 2590 1411 2655 hoc
1476 2592 1741 2655 uerbum
1792 2596 1858 2655 et
1902 2611 2014 2675 pro
2074 2593 2366 2656 satietate
2424 2591 2626 2655 solere
2683 2589 2832 2671 poni

542 2696 605 2760 in
656 2697 986 2779 scripturis
1036 2698 1143 2779 qui
1193 2697 1530 2780 diligenter
1577 2698 1918 2762 aduerterit
1965 2699 2189 2763 multis
2226 2699 2289 2762 in
2327 2697 2487 2762 locis
2525 2697 2825 2761 inueniet.
2857 2726 2907 2764 zo

535 2804 700 2867 unde
749 2809 845 2868 est
911 2804 1107 2868 illud:
1178 2804 1563 2868 uisitasti
1627 2807 1922 2869 terram
1991 2808 2068 2869 et
2133 2803 2575 2869 inebriasti
2643 2821 2825 2887 eam,

534 2911 1135 2993 multiplicasti
1175 2911 1439 2975 ditare
1480 2930 1677 2988 eam3
1721 2930 1792 2975 eo
1833 2912 2000 2995 quod
2039 2914 2100 2975 in
2141 2912 2327 2976 laude
2367 2908 2823 2975 benedictionis

536 3018 654 3081 hoc
699 3018 982 3098 positum
1049 3022 1150 3081 est
1195 3022 1260 3081 et
1324 3017 1557 3082 donum
1626 3018 1727 3082 dei
1793 3022 2320 3083 commemoratur
2387 3017 2648 3100 adparet
2709 3015 2824 3079 hac

534 3125 837 3189 ebrietate
870 3125 1268 3189 saturitatem
1304 3124 1679 3213 significari,
1708 3145 1851 3189 nam
1889 3126 1980 3189 ita
2012 3126 2305 3189 inebriari
2337 3128 2412 3189 ut
2436 3123 2825 3188 inebriantur

534 3231 765 3295 ebriosi
812 3250 927 3295 nec
977 3232 1098 3313 ipsi
1147 3234 1347 3295 terrae
1395 3232 1554 3297 utile
1603 3213 1719 3309 est,
1771 3234 2065 3314 quoniam
2116 3232 2350 3296 maiore
2399 3250 2585 3313 quam
2638 3231 2819 3293 satie·
2853 3257 2902 3297 25

531 3339 649 3402 tati
719 3337 960 3403 sufficit
1026 3356 1242 3401 umore
1309 3339 1738 3421 corrumpitur
1804 3339 1974 3403 sicut
2038 3339 2174 3403 uita
2238 3338 2647 3407 ebriosorum,
2716 3337 2819 3417 qui

531 3465 653 3509 non
702 3445 996 3508 satietate
1047 3462 1113 3507 se
1160 3446 1422 3527 replent,
1475 3445 1586 3509 sed
1634 3450 1930 3528 mergunt
1976 3445 2241 3508 diluuio,

625 3550 863 3616 CXLV.
916 3549 1100 3629 Quod
1163 3552 1253 3615 ait
1316 3553 1619 3616 fratribus
1686 3553 1821 3615 suis
1889 3552 2151 3634 Ioseph:
2220 3551 2569 3616 nescitis
2637 3550 2818 3634 quia

533 3658 876 3741 augurio
911 3662 1360 3741 auguratur
1391 3659 1618 3723 homo
1659 3659 1930 3742 qualis
1972 3679 2114 3743 ego
2155 3695 2244 3704 —
2283 3659 2358 3723 de
2397 3658 2511 3722 hoc
2554 3655 2813 3739 augurio

713 3815 736 3867 1
784 3812 918 3868 Gen.
957 3816 1046 3877 42,
1088 3815 1156 3869 38
1267 3818 1295 3870 7
1338 3815 1471 3871 Gen.
1512 3818 1599 3884 43,
1639 3818 1707 3871 22
1831 3820 1896 3873 13
1934 3819 2021 3875 Ps.
2064 3820 2149 3883 11,
2191 3819 2220 3871 7
2347 3818 2412 3870 16
2452 3815 2586 3870 Gen.
2626 3815 2713 3871 43.
2749 3814 2816 3867 33

528 3903 592 3956 21
636 3902 724 3955 Ps.
765 3902 852 3966 64,
895 3902 961 3955 10
1070 3904 1139 3955 28
1181 3902 1313 3957 Gen.
1354 3906 1442 3967 44,
1488 3906 1555 3958 15

603 4026 626 4078 1
661 4028 999 4079 senectutem
1030 4026 1084 4079 P
1192 4029 1221 4079 7
1263 4045 1294 4081 a
1322 4044 1423 4081 om.
1456 4028 1557 4082 PS
1656 4032 1721 4084 12
1751 4032 1978 4101 probum
2013 4031 2259 4085 CPV2‘N
2356 4031 2420 4082 14
2458 4028 2813 4081 examinatum

527 4131 627 4168 om.
665 4113 877 4169 GSNV
970 4116 1035 4169 15
1074 4116 1328 4186 septuplo
1356 4118 1476 4170 NV
1562 4121 1626 4173 17
1665 4120 1753 4174 hic
1782 4120 1840 4173 N
1923 4123 1992 4175 20
2031 4122 2246 4173 inuenit
2271 4120 2334 4172 N
2409 4118 2472 4170 21
2519 4120 2574 4169 et
2600 4116 2736 4169 illud
2761 4115 2820 4168 N

526 4204 594 4257 23
632 4204 773 4257 hanc
809 4204 1059 4257 PSVTb
1186 4207 1252 4258 24
1293 4206 1618 4261 ebrietatem
1658 4208 1963 4264 PSNVTb
2125 4209 2470 4263 saturitatem
2509 4203 2589 4258 1³²
2624 4221 2726 4259 om.
2761 4205 2822 4259 N

526 4297 834 4364 significare
874 4301 926 4361 (e
965 4313 1032 4349 ex
1070 4297 1107 4361 i)
1147 4297 1260 4358 ST,
1300 4298 1331 4350 b
1427 4300 1495 4352 25
1535 4301 1799 4355 sacietate
1838 4302 1891 4354 P
1988 4304 2058 4357 28
2094 4302 2318 4356 nescitis
2353 4299 2578 4366 scripsi:
2615 4301 2814 4353 nescie-

526 4383 671 4437 batis
712 4384 870 4450 zibri;
908 4386 1004 4439 secl
1029 4385 1091 4437 in
1122 4388 1287 4454 capit.
1329 4390 1617 4451 „nescitis“
1649 4391 1882 4444 liabetur
1957 4392 2023 4445 29
2063 4392 2185 4460 hoc]
2229 4408 2333 4460 quo
2373 4392 2433 4443 in
2471 4410 2585 4446 ras.
