3076 4976
336 397 464 461 328
1001 394 1102 447 .S.
1160 393 1437 446 Aureli
1495 394 1928 463 Augustini

334 589 712 673 interpretes
759 610 882 655 non
929 593 1004 654 ut-
1051 590 1114 654 in
1165 607 1388 673 graeco
1444 592 1545 653 est
1599 589 2084 664 transtulerunt,
2143 588 2255 653 sed
2311 588 2626 655 dixerunt:

339 699 673 762 auferam
724 696 807 760 de
857 697 1139 779 spiritu
1188 700 1319 761 tuo
1369 696 1496 778 qui
1545 700 1662 761 est
1708 696 1781 759 in
1827 699 1899 760 te
1957 699 2029 760 et
2083 714 2349 779 ponam
2408 715 2632 779 super

330 823 464 869 <eos
523 806 634 868 aut
690 821 954 886 ponam
1009 804 1080 867 in
1141 801 1278 880 eiS,
1339 807 1403 867 et
1456 803 1744 867 fecerunt
1796 821 2056 867 sensum
2110 801 2497 868 laboriosum
2554 803 2633 867 ad

335 908 857 994 intellegendum.
931 908 1142 993 putari
1192 910 1359 974 enim
1405 912 1621 992 potest
1676 909 1751 974 de
1809 908 2038 992 spiritu
2093 909 2299 992 ipsius
2356 908 2630 974 hominis

338 1016 601 1094 dictum,
642 1036 765 1099 quo
813 1016 1089 1079 humana
1133 1020 1357 1080 natura
1403 1017 1761 1098 completur
1806 1034 2065 1097 corpore
2114 1015 2433 1089 adiuncto,
2474 1035 2631 1096 quae
2677 1037 2714 1081 ,⁵

340 1126 592 1188 constat
647 1142 719 1186 ex
776 1141 1034 1205 corpore
1093 1126 1158 1186 et
1213 1121 1464 1204 spirim,
1531 1142 1718 1203 quem
1786 1122 1972 1186 etiam
2044 1122 2316 1186 animam
2384 1120 2630 1185 dicunt:

347 1229 422 1293 de
473 1236 610 1310 qno·
645 1232 709 1293 et
755 1229 1087 1310 apostolus
1129 1228 1312 1292 dicit:
1364 1228 1532 1311 quis
1584 1228 1776 1292 enim
1824 1228 1974 1293 scit
2018 1228 2399 1292 hominnm
2448 1245 2631 1310 quae

342 1339 526 1400 sunt
579 1335 906 1400 hominis
964 1334 1115 1399 nisi
1174 1335 1496 1418 spiritus
1554 1334 1881 1400 hominis
1941 1335 2067 1418 qui
2123 1334 2193 1398 in
2252 1334 2416 1416 ipso
2475 1336 2631 1398 est?

339 1443 451 1507 sic
491 1444 565 1506 et
602 1461 788 1524 quae
828 1442 946 1506 (lei
985 1445 1164 1507 sunt
1201 1461 1408 1506 nemo
1451 1441 1599 1506 soit
1636 1442 1783 1506 nisi
1823 1441 2151 1525 spiritns
2193 1441 2332 1505 dei.
2372 1446 2435 1505 et
2466 1440 2634 1524 quod

344 1548 636 1632 adiungit
683 1567 755 1613 ac
802 1548 985 1614 dicit:
1033 1567 1164 1614 nos
1215 1551 1462 1613 autem
1510 1568 1650 1612 non
1701 1549 2055 1632 spiritum
2103 1548 2331 1612 huius
2380 1546 2631 1612 mundi
2672 1573 2723 1611 ιο

345 1655 780 1737 accepimus
830 1655 958 1719 sed
1008 1655 1364 1737 spiritum
1412 1655 1538 1738 qui
1587 1675 1666 1719 ex
1715 1655 1848 1721 deo
1897 1659 2039 1733 est,
2089 1655 2370 1720 ostendit
2415 1654 2634 1735 utique

341 1762 536 1825 alium
588 1781 728 1826 esse
778 1761 1073 1845 spiritum
1122 1761 1245 1839 dei,
1295 1761 1478 1826 euius
1533 1762 1853 1845 particeps
1910 1762 1984 1826 fit
2038 1762 2304 1845 spiritus
2361 1760 2634 1831 hominis

342 1888 454 1952 per
500 1868 769 1953 gratiam
818 1868 939 1933 dei.
989 1869 1283 1951 quamuis
1328 1873 1552 1952 posset
1598 1868 1809 1946 etiam,
1858 1869 2027 1934 sicut
2081 1868 2190 1934 alii
2243 1866 2636 1957 interpretati

348 1978 520 2052 sunt,
576 1975 865 2058 intellegi
924 1974 1188 2058 spiritus
1247 1976 1347 2040 dei
1403 1976 1465 2041 in
1525 1996 1597 2041 eo
1658 1976 1826 2058 quod
1883 1975 2142 2040 dieitur:
2211 1975 2297 2039 de
2356 1974 2634 2057 spiritu

346 2086 474 2146 tuo
543 2082 668 2163 qui
735 2086 853 2146 est
915 2082 986 2146 in
1048 2089 1151 2161 te,
1217 2087 1293 2147 ut
1357 2083 1601 2149 dictum
1668 2084 1756 2148 sit
1827 2087 2057 2160 „“‚tuo
2116 2083 2266 2164 quia
2317 2082 2391 2146 fit
2445 2080 2635 2145 etiam
2679 2110 2729 2151 ιε,

341 2190 556 2252 noster
621 2187 728 2269 qui
795 2186 896 2252 dei
962 2191 1081 2266 est,
1148 2207 1294 2255 eum
1365 2190 1728 2271 accepimus
1777 2209 1952 2254 eum:
2020 2189 2191 2253 sicut
2236 2189 2313 2253 de
2358 2187 2636 2253 Iohanne

335 2295 588 2371 dietum
628 2297 755 2359 est:
805 2293 875 2358 in
926 2294 1207 2377 spiritu
1257 2299 1330 2361 et
1376 2295 1669 2361 uirtute
1715 2296 2006 2360 Heliae.
2054 2314 2178 2359 uon
2219 2293 2388 2359 enim
2428 2293 2637 2358 anima

343 2402 570 2467 Heliae
618 2400 681 2465 in
731 2420 875 2465 eum
923 2402 1132 2466 fuerat
1177 2405 1488 2467 reuoluta.
1540 2402 1708 2486 quod
1756 2402 1812 2467 si
1853 2402 2106 2485 quidam
2146 2400 2465 2465 haeretica
2499 2418 2635 2481 per-

333 2510 652 2574 uersitate
719 2508 1076 2593 opinantur,
1134 2508 1287 2592 quid
1353 2510 1613 2582 dicturi,
1650 2515 1800 2575 sunt
1852 2510 1912 2574 in
1973 2528 2046 2575 eo
2104 2507 2274 2591 quod
2329 2507 2635 2589 scriptum

349 2620 480 2679 est:
542 2615 868 2696 spiritus
914 2616 1183 2680 Heliae
1239 2616 1629 2699 requieuit
1683 2635 1908 2700 super
1963 2616 2431 2692 Helisaeum,
2490 2632 2633 2677 cum
2672 2638 2723 2677 ρο

346 2721 472 2785 iam
518 2720 628 2784 ille
676 2720 898 2802 utique
955 2722 1216 2786 haberet
1270 2723 1542 2786 animam
1599 2742 1800 2801 suam,
1858 2722 1981 2786 nisi
2037 2721 2185 2804 quia
2241 2720 2482 2784 dictum
2540 2722 2639 2782 est

349 2827 424 2891 de
491 2826 719 2908 spiritu
787 2827 919 2907 dei,
986 2831 1060 2893 ut
1125 2828 1315 2893 etiam
1389 2848 1501 2910 per
1572 2829 1756 2894 illum
1830 2831 2195 2910 operaretur
2258 2826 2469 2910 qualia
2530 2843 2641 2908 per

351 2933 605 2998 Heliam
654 2935 1052 3018 operabatur,
1100 2955 1222 3001 non
1272 2937 1348 3001 ab
1396 2936 1510 3010 illo
1558 2936 1876 3013 recedens,
1923 2937 1998 3000 ut
2039 2935 2239 2999 istum
2285 2937 2507 3017 posset
2551 2933 2640 2996 in-

343 3041 544 3123 plere,
593 3045 705 3106 aut
750 3040 1127 3124 dispertitus
1176 3043 1388 3108 minus
1437 3047 1610 3108 esset
1654 3044 1716 3107 in
1764 3044 1898 3120 illo,
1945 3047 2020 3107 ut
2063 3045 2287 3126 posset
2322 3060 2392 3105 ex
2431 3040 2641 3123 aliqua

348 3149 527 3231 parte
557 3149 709 3212 etin
744 3149 868 3213 isto
903 3154 1084 3214 esse?
1132 3149 1288 3215 deus
1331 3152 1431 3215 est
1467 3150 1634 3215 enim
1674 3150 1782 3232 qui
1818 3150 2026 3234 possit
2062 3168 2205 3215 esse
2240 3148 2303 3212 in
2344 3148 2638 3222 omnibus
2676 3171 2730 3232 2⁵

351 3257 590 3332 tantu8‚
637 3255 701 3320 in
751 3256 984 3338 quibus
1022 3276 1136 3340 per
1171 3257 1346 3321 illam
1390 3257 1653 3341 gratiam
1697 3276 1836 3321 esse
1874 3256 2170 3320 uoluen’t.
2216 3275 2385 3320 uunc
2424 3259 2637 3319 autem

356 3379 501 3425 cum
567 3360 657 3427 ita
722 3363 1033 3446 scriptum
1099 3364 1213 3428 sit:
1291 3369 1365 3427 et
1437 3363 1768 3428 auferam
1837 3363 1920 3427 de
1987 3363 2268 3444 spiritu
2333 3362 2456 3445 qui
2524 3364 2639 3425 est

353 3487 581 3551 super
627 3471 735 3547 te,
783 3489 896 3533 nec
946 3469 1185 3534 <lictum
1237 3470 1349 3534 sit:
1408 3469 1491 3533 (16
1551 3469 1830 3552 spiritu
1886 3472 2043 3546 tuo,
2100 3469 2344 3536 facilior
2391 3474 2490 3533 est
2535 3469 2641 3532 ab·

355 3575 589 3639 solutio
638 3575 1053 3657 quaestioni8‚
1103 3577 1252 3659 quia
1301 3576 1736 3660 intellegimus
1784 3576 1941 3640 nihil
1990 3576 2164 3641 aliud
2212 3575 2398 3640 deum
2448 3574 2640 3659 signi-

533 3819 564 3872 7
602 3817 630 3872 1
660 3817 778 3873 Cor.
805 3820 855 3883 ⁶2,
890 3821 972 3873 11.
1008 3821 1072 3872 12
1183 3821 1253 3874 20
1288 3819 1365 3873 IV
1392 3821 1523 3889 Reg.
1558 3822 1607 3886 2,
1636 3821 1702 3874 15
1811 3820 1875 3873 21
1921 3820 1986 3876 ef.
2015 3819 2239 3873 Tertull.
2267 3819 2333 3874 de
2365 3819 2544 3872 anima
2572 3820 2641 3874 35

424 3962 456 4013 5
497 3960 624 4029 quo]
659 3959 802 4029 quod
830 3960 929 4014 ΡΒ
1034 3964 1066 4015 6
1107 3978 1264 4031 quam
1290 3961 1448 4016 PSN
1456 3962 1509 4014 V
1613 3962 1641 4015 7
1680 3961 1957 4015 hominum
1990 3962 2093 4014 scit
2122 3960 2196 4014 bd
2297 3961 2363 4015 10
2393 3961 2476 4029 ac]
2506 3963 2562 4014 et
2597 3959 2647 4013 T

354 4047 420 4100 16
469 4048 762 4118 accipimus
798 4048 1148 4103 PSNVde
1295 4051 1358 4104 18
1406 4050 1653 4104 reuelata
1696 4050 1743 4103 0
1883 4051 1952 4104 20
1991 4051 2216 4104 eliseum
2256 4048 2345 4104 CS
2378 4048 2641 4103 heliseum

352 4136 579 4190 PNVT
683 4138 747 4192 21
789 4138 975 4208 itaque
1021 4138 1068 4193 G
1209 4145 1292 4194 est
1328 4155 1431 4196 om.
1472 4138 1519 4194 S
1658 4140 1728 4193 22
1768 4141 1958 4210 etiam]
1995 4141 2103 4194 iam
2145 4138 2206 4190 N
2326 4138 2396 4192 24
2435 4138 2642 4207 disper·

352 4226 492 4277 titur
530 4223 574 4276 C
716 4243 885 4279 essem
933 4228 979 4280 C
1013 4244 1129 4281 esse
1167 4227 1232 4279 N
1352 4230 1420 4284 25
1457 4235 1642 4299 posset
1689 4229 1740 4284 V
1845 4231 1914 4284 28
1953 4231 2047 4299 sit]
2091 4234 2175 4283 est
2218 4227 2270 4281 T
2410 4228 2643 4296 facilior]

353 4313 600 4368 fallacior
638 4313 684 4368 S
788 4317 856 4370 29
897 4333 1002 4385 qua
1039 4315 1182 4370 P²N
1320 4319 1702 4388 intellegamus
1742 4319 1848 4375 ΒΝ
1991 4320 2155 4373 alium
2194 4317 2354 4373 PSV
