3076 4976
510 420 643 483 562
1224 416 1274 470 S.
1333 416 1609 469 Aureli
1665 416 2105 485 Augustini

507 613 603 677 illi
652 611 892 695 aliquid
939 612 1014 676 de
1061 612 1214 688 illis,
1257 631 1403 675 cum
1444 612 1519 676 ab
1560 611 1698 693 ipso
1738 612 1969 675 habeat
2004 611 2194 676 homo
2245 611 2435 676 etiam
2475 613 2805 694 spiramen,

512 740 654 785 cum
716 720 957 803 aliquid
1018 720 1324 785 enuntiat.
1384 719 1749 802 numquid
1806 719 2158 804 gigantes
2224 720 2675 803 redigentur
2734 720 2805 784 in

510 827 799 891 nihilo?
867 846 987 891 non
1056 846 1202 911 ergo
1270 826 1648 901 mirandum,
1719 826 1771 889 si
1836 827 1982 891 istis
2050 826 2205 891 deus
2270 828 2492 909 parcit,
2563 826 2807 908 quando

511 936 804 1018 gigantes
852 954 973 998 non
1023 934 1257 1018 redigit
1301 934 1365 998 in
1414 934 1633 998 nihilo.
1683 936 1748 997 et
1793 953 1869 998 ne
1919 933 2267 1003 diceretur:
2309 933 2421 997 sed
2460 933 2539 997 ad
2577 933 2809 997 inferos

510 1041 754 1106 detrusi
804 1045 972 1106 sunt.
1024 1041 1298 1106 subiecit
1343 1042 1493 1123 quia
1538 1040 1852 1104 infernum
1902 1040 2079 1105 uidet
2118 1040 2296 1107 deus,
2349 1044 2413 1104 et
2448 1044 2665 1104 tamen
2706 1058 2809 1104 eos
2863 1058 2886 1097 ⁵

506 1147 596 1212 ibi
647 1147 964 1212 ordinauit
1008 1148 1119 1212 ubi
1168 1166 1308 1211 esse
1347 1151 1731 1222 meruerunt,
1787 1148 1956 1212 sicut
1991 1148 2198 1212 iustos
2240 1148 2379 1211 siue
2418 1166 2604 1224 nunc,
2646 1147 2813 1210 sicut

511 1258 680 1328 sunt,
712 1255 851 1319 siue
880 1256 1124 1337 postea,
1167 1255 1336 1318 sicut
1374 1258 1577 1330 erunt,
1619 1255 1911 1336 quamuis
1951 1272 2300 1336 numquam
2340 1273 2447 1319 eos
2488 1257 2812 1317 remoueat

512 1381 549 1425 a
593 1362 756 1426 facie
805 1381 940 1437 sua,
992 1361 1140 1444 quia
1188 1360 1397 1425 omnia
1443 1360 1612 1425 nuda
1659 1364 1810 1425 sunt
1857 1380 2063 1425 coram
2108 1380 2201 1438 eo,
2253 1360 2344 1425 ita
2383 1365 2457 1425 ut
2492 1360 2808 1442 proximos

513 1468 804 1552 gigantes
863 1468 1054 1531 etiam
1112 1467 1272 1531 istos
1332 1468 1760 1532 consolatores
1820 1468 2126 1551 superbos
2186 1467 2478 1549 accipias,
2550 1467 2810 1530 subter

516 1594 782 1657 aquam
842 1578 913 1638 et
958 1573 1277 1657 proximi
1326 1593 1612 1638 eorum:
1663 1593 1738 1638 an
1796 1575 2098 1650 „subter
2146 1581 2449 1656 aquam“
2507 1572 2886 1638 subaudi-10

513 1680 739 1745 endum
809 1683 1173 1756 „tenentur“
1239 1681 1342 1744 uel
1402 1679 1642 1762 aliquid
1698 1680 1876 1747 tale?
1942 1684 2014 1744 et
2080 1700 2217 1745 non
2285 1684 2400 1746 est
2463 1680 2804 1744 uelamen

513 1787 959 1870 perditioni:
1046 1786 1238 1851 etiam
1319 1786 1593 1869 perditio
1681 1805 1823 1850 eum
1909 1807 2029 1852 non
2123 1788 2299 1851 latet.
2397 1786 2804 1851 extendens

514 1895 947 1977 aquilonem
1010 1913 1232 1975 super
1288 1894 1646 1959 nihilum:
1685 1880 1910 1976 ⁸potest
1971 1894 2183 1975 aquilo
2243 1893 2566 1957 diabolum
2618 1893 2805 1977 signi·

510 2001 695 2065 ficare
754 2004 818 2064 et
873 2003 1039 2064 terra
1093 2004 1513 2082 peccatorem,
1574 2000 1869 2081 quoniam
1927 2005 1989 2064 et
2043 1999 2139 2063 illi
2200 2004 2264 2064 et
2319 2000 2413 2063 illi
2459 1999 2663 2064 inanis
2712 2003 2807 2063 est

513 2127 682 2189 spes,
766 2107 1240 2189 suspendens
1323 2109 1601 2171 terram
1685 2126 1909 2189 super
1989 2106 2344 2170 nihilum:
2428 2106 2492 2170 in
2578 2125 2802 2170 aerem.
2840 2124 2887 2162 ιε

510 2214 762 2298 ligans
847 2233 1115 2297 aquam
1198 2213 1271 2277 in
1345 2213 1673 2280 nubibus
1750 2213 1945 2278 suis:
2019 2215 2277 2295 propter
2350 2213 2802 2278 obscuritatem

511 2321 897 2404 prophetiae.
959 2326 1032 2385 et
1076 2340 1219 2385 non
1270 2324 1388 2385 est
1435 2320 1683 2385 scissa
1729 2320 1965 2385 nubes
2015 2320 2149 2384 sub
2201 2339 2317 2384 eo:
2368 2320 2486 2384 sub
2535 2319 2801 2384 ueritate

512 2448 698 2511 quam
755 2428 983 2494 habuit
1038 2427 1261 2506 nubeS,
1312 2446 1471 2510 quae
1519 2445 1642 2492 non
1692 2426 2004 2492 scinditur
2050 2428 2395 2511 scripturas
2437 2427 2803 2511 intellegen-

512 2536 719 2611 tibus;
769 2555 888 2600 non
939 2535 1107 2599 enim
1147 2535 1506 2599 aduersaria
1545 2534 1862 2607 dicuntur,
1904 2534 2096 2599 sicuti
2134 2538 2362 2618 putant
2397 2555 2518 2599 non
2558 2534 2799 2599 intelle-

513 2644 759 2726 gentes.
820 2641 946 2723 qui
1004 2646 1213 2706 tenet
1269 2641 1544 2705 faciem
1594 2641 1814 2705 solis:
1867 2661 1942 2705 ne
1991 2644 2441 2725 agnosceretur
2486 2642 2562 2705 ab
2611 2641 2803 2723 inpiis
2838 2657 2889 2696 20

515 2749 610 2813 sol
688 2748 995 2812 iustitiae.
1080 2751 1155 2812 et
1237 2747 1577 2812 extendit
1659 2767 1883 2830 super
1965 2768 2129 2813 eum
2212 2750 2478 2814 nubem
2562 2767 2803 2813 suam:

515 2874 758 2919 carnem
811 2873 1000 2935 quam
1049 2854 1340 2919 dominus
1400 2855 1702 2936 suscepit.
1759 2858 2246 2939 praeceptum
2304 2855 2808 2921 circumdedit

515 2979 745 3042 super
809 2960 1077 3025 faciem
1147 2981 1413 3042 aquae:
1480 2962 1775 3044 populos,
1843 2981 2080 3044 usque
2138 2963 2224 3026 ad
2283 2962 2806 3028 consummati-

515 3088 723 3132 onem
780 3069 1012 3133 lucis:
1073 3070 1263 3133 huius
1320 3071 1491 3134 uitae
1548 3070 1756 3148 finem,
1815 3072 1934 3134 hoc
1992 3074 2092 3134 est
2147 3071 2334 3133 finem
2387 3069 2647 3147 saeculi,
2697 3076 2810 3132 aut

514 3193 846 3258 quousque
904 3178 1438 3256 consummentur,
1485 3176 1553 3240 id
1601 3181 1701 3242 est
1754 3176 2160 3259 perficiantur
2214 3177 2523 3253 homines,
2575 3176 2809 3258 quibus
2845 3190 2894 3229 ²³

693 3404 726 3456 2
763 3402 860 3455 Iob
900 3403 986 3463 26,
1026 3405 1057 3457 5
1150 3404 1182 3456 9
1222 3401 1318 3456 Iob
1360 3403 1447 3466 26,
1487 3404 1519 3456 5
1622 3405 1679 3456 11
1722 3402 1819 3455 Iob
1858 3403 1944 3461 26,
1986 3402 2017 3454 6
2111 3403 2178 3455 12
2214 3401 2311 3455 Iob
2352 3403 2439 3462 26,
2481 3405 2508 3455 ‘a’
2608 3403 2672 3456 15
2711 3401 2809 3455 Iob

512 3492 600 3548 26.
641 3493 670 3544 7
806 3493 871 3546 16
909 3490 1006 3544 Ιο1>
1045 3491 1131 3551 26,
1171 3492 1204 3544 8
1335 3493 1401 3544 17
1439 3490 1535 3544 Iob
1577 3492 1664 3551 26,
1705 3491 1738 3544 8
1864 3490 1935 3544 20
1972 3490 2068 3544 Iob
2109 3492 2193 3553 26,
2236 3492 2268 3544 9
2409 3493 2470 3545 21
2514 3491 2610 3545 Iob
2651 3493 2736 3553 26,
2777 3494 2811 3543 9

515 3581 582 3633 22
620 3579 718 3633 Iob
758 3582 844 3643 26,
888 3580 953 3633 10
1061 3580 1129 3633 23
1167 3580 1265 3632 101)
1304 3580 1392 3641 26,
1435 3581 1501 3633 10

590 3706 613 3757 1
660 3707 716 3758 et
751 3703 975 3757 TPde
1046 3705 1078 3758 3
1110 3704 1339 3757 nihilum
1361 3703 1481 3757 de
1500 3704 1642 3757 Hier
1752 3704 1795 3757 si
1827 3703 2140 3772 quandofin.
2172 3704 2222 3758 G
2295 3707 2329 3757 4
2358 3706 2582 3773 gigante
2616 3704 2718 3758 GT
2724 3705 2816 3758 Pb

513 3793 742 3846 nihilum
789 3792 1012 3847 TPde
1119 3796 1149 3847 6
1191 3794 1331 3846 sicut
1368 3798 1496 3846 sunt
1532 3809 1633 3849 om.
1672 3793 1718 3845 0
1826 3795 1854 3846 7
1895 3810 1985 3846 eos
2024 3810 2294 3861 nunquam
2334 3792 2464 3846 Pbcl
2570 3792 2603 3846 8
2642 3795 2735 3862 qui
2771 3794 2818 3847 C

514 3883 804 3951 proximos]
844 3897 871 3935 e
910 3882 1148 3951 proximo
1195 3882 1346 3936 TPC
1381 3881 1446 3935 de
1484 3883 1723 3951 proximo
1763 3882 1796 3936 b
1975 3883 2007 3935 9
2046 3882 2234 3935 subter
2272 3882 2487 3951 aquam]
2530 3882 2628 3936 sub
2666 3886 2816 3936 terra

517 3987 623 4040 qua
660 3970 705 4024 S
834 3971 899 4024 10
938 3973 1014 4040 et]
1056 3971 1125 4024 ad
1162 3971 1209 4025 S
1354 3972 1412 4024 11
1455 3976 1675 4025 tenetur
1717 3970 1764 4024 C
1907 3973 1971 4025 12
2009 3971 2331 4040 perditionis
2366 3989 2450 4040 pr.
2490 3972 2522 4025 b
2704 3989 2812 4025 non

517 4076 635 4112 eum
685 4058 784 4112 TO
892 4059 957 4112 14
994 4059 1104 4112 illis
1142 4061 1238 4126 fin.
1284 4058 1471 4113 GTCb
1586 4062 1649 4113 15
1689 4077 1811 4129 spes
1850 4075 1949 4115 om.
1988 4056 2034 4111 C
2172 4059 2379 4113 nihils
2488 4060 2552 4113 16
2592 4062 2810 4129 aquam]

517 4165 675 4217 quam
714 4146 856 4201 Hier
968 4149 1031 4201 17
1069 4148 1229 4201 nubis
1268 4148 1316 4203 S
1421 4150 1486 4202 19
1527 4147 1801 4201 aduersari
1841 4150 1895 4201 P
1930 4147 2162 4202 aduersa
2204 4148 2281 4202 Cb
2401 4150 2471 4203 20
2509 4150 2630 4203 solii
2670 4149 2817 4202 Hier

516 4238 871 4306 agnoscerent
907 4236 955 4290 0
1048 4239 1113 4291 21
1157 4236 1447 4290 extendens
1476 4237 1621 4290 Hier
1730 4254 1845 4290 eam
1885 4240 1930 4291 G
2032 4240 2101 4292 23
2141 4256 2301 4308 super
2338 4255 2438 4294 om.
2476 4239 2521 4292 C
2591 4240 2659 4292 25
2689 4256 2813 4292 con·

516 4329 795 4379 sumentur
837 4324 884 4378 C
1022 4326 1078 4378 id
1118 4327 1221 4394 est]
1262 4326 1403 4379 idem
1449 4325 1498 4379 G
1644 4328 1927 4395 perficiant
1969 4327 2018 4381 G
