3076 4976
425 462 552 523 262
1129 461 1180 513 S.
1238 459 1512 513 Aureli
1571 461 2009 529 Augustini

427 672 582 734 quas
624 651 948 733 inponeret
989 653 1171 717 altari
1212 672 1247 716 a
1285 655 1677 735 pectusculis
1721 653 1982 720 demtas,
2022 674 2166 717 narn
2206 655 2295 718 ita
2335 659 2397 719 et
2433 656 2724 738 superius

428 761 847 839 praeceperat.
910 760 1177 841 denique
1228 761 1551 841 sequitur:
1604 764 1680 824 et
1726 761 2100 842 inposuit
2148 761 2430 843 adipes
2480 782 2727 842 super

430 867 689 929 altare
766 871 841 931 et
913 869 1492 949 pectusculum
1543 871 1622 932 et
1667 868 2090 933 brachium
2139 867 2507 932 dextrum
2558 869 2722 932 abs·

428 972 629 1036 tulit
691 972 948 1038 Aaron
1020 974 1518 1038 ablationem
1568 978 1750 1038 ante
1800 974 2222 1053 dominum,
2274 975 2459 1040 modo
2510 976 2724 1058 singu-

429 1079 643 1142 lariter
705 1079 978 1143 inferens
1048 1083 1110 1144 et
1175 1082 1622 1163 pectusculum
1672 1081 1885 1145 dicens
1938 1082 2156 1163 utique
2235 1084 2579 1164 utrumque
2650 1101 2721 1146 ex
2787 1070 2835 1148 ,ε’

427 1192 695 1267 utroque
744 1186 1078 1264 animante,
1130 1206 1290 1269 quae
1336 1190 1712 1269 pectuscula
1759 1188 2014 1251 dixerat.

521 1293 812 1357 XXVIII.
856 1294 1024 1373 Quid
1065 1294 1368 1375 estquod
1411 1295 1530 1358 ait:
1577 1299 1753 1367 (et)-
1797 1314 1966 1359 cum
2006 1295 2728 1359 extulissetAaron

443 1418 722 1463 manus
773 1419 1015 1482 super
1060 1401 1468 1483 populum,
1519 1401 1940 1465 benedixit
1987 1420 2120 1465 eos
2162 1405 2239 1465 et
2277 1401 2729 1475 descendit,

442 1525 609 1569 cum
663 1506 1018 1570 fecisset
1064 1507 1271 1589 quod
1317 1527 1455 1588 pro
1504 1512 1842 1590 peccato
1894 1510 1970 1571 et
2017 1507 2731 1573 holocaustomata

437 1617 513 1676 et
562 1632 759 1693 quae
811 1614 1258 1678 salutaris?
1318 1614 1426 1678 ubi
1475 1618 1687 1679 autem
1737 1614 1863 1678 ista
1909 1614 2064 1678 fecit
2108 1614 2231 1678 nisi
2279 1633 2471 1696 super
2516 1614 2731 1690 altare,
2776 1641 2825 1679 ιο

435 1720 499 1783 id
549 1723 648 1783 est
694 1719 770 1782 ad
821 1722 1015 1784 altare
1067 1725 1242 1785 stans
1291 1721 1474 1803 eique
1525 1721 1937 1785 deseruiens‘?
1994 1721 2137 1785 inde
2186 1740 2333 1805 ergo
2384 1720 2729 1791 descendit,

437 1826 545 1890 ubi
607 1827 836 1891 stabat.
914 1827 1208 1891 nimirum
1268 1828 1444 1892 illius
1499 1828 1735 1893 solutio
1803 1827 2192 1910 quaestionis
2261 1827 2547 1891 adiuuari
2612 1826 2731 1889 hoc

436 1933 803 1998 testimonio
853 1933 1127 2007 uidetur,
1177 1934 1286 1997 ubi
1334 1934 1808 2017 quaesieramus
1856 1935 1919 1998 in
1968 1934 2178 1999 Exodo
2238 1933 2551 2015 quomodo
2611 1952 2734 1997 ser·

440 2039 560 2103 uiri
599 2039 880 2120 potuerit
918 2038 994 2102 ad
1035 2041 1249 2117 altare,
1283 2040 1449 2121 quod
1489 2044 1625 2103 erat
1662 2041 1859 2104 altum
1903 2039 2139 2103 cubitis
2178 2039 2424 2102 tribus?
2473 2038 2735 2121 gradum

441 2145 673 2228 quippe
721 2146 855 2210 illic
900 2147 1269 2230 intellegere
1317 2147 1825 2229 prohibebamur,
1884 2146 2034 2229 quia
2088 2146 2152 2210 id
2210 2146 2368 2210 deus
2424 2148 2735 2222 uetuerat,
2778 2173 2828 2212 15

439 2272 515 2316 ne
566 2272 757 2335 super
804 2256 998 2317 altare
1037 2254 1330 2335 pudenda
1369 2254 1581 2318 uirilia
1617 2254 2040 2317 ministrantis
2078 2253 2530 2327 reuelarentur,
2572 2252 2738 2333 quod

442 2360 665 2441 utique
714 2360 912 2435 fieret,
964 2362 1016 2425 si
1065 2380 1210 2443 pars
1261 2361 1475 2426 altaris
1523 2361 1758 2445 gradus
1808 2364 1998 2435 esset,
2039 2360 2103 2423 id
2143 2362 2260 2437 est,
2302 2359 2357 2422 si
2397 2362 2739 2441 conpactus

445 2466 830 2531 adhaereret.
901 2467 1167 2550 denique
1233 2468 1321 2532 ibi
1387 2468 1504 2533 hoc
1581 2467 1817 2543 uetuit,
1887 2467 1996 2531 ubi
2063 2466 2137 2530 de
2205 2465 2386 2530 altari
2463 2465 2739 2530 structili

440 2576 853 2656 loquebatur:
912 2595 1112 2639 unum
1169 2575 1336 2639 enim
1394 2579 1565 2638 esset
1622 2575 1815 2639 altare
1876 2573 2297 2663 cumlgradu,
2358 2573 2540 2636 cuius
2597 2591 2740 2655 pars

446 2686 619 2746 esset
665 2683 918 2765 graduS,
969 2686 1032 2745 et
1078 2680 1218 2747 ideo
1266 2682 1541 2746 uetitum
1592 2685 1707 2747 est.
1775 2683 1878 2745 hic
1927 2701 2098 2758 uere,
2146 2681 2258 2744 ubi
2306 2680 2522 2744 altaris
2569 2682 2743 2743 tanta
2780 2708 2835 2746 so

445 2789 652 2851 fuerat
709 2788 1000 2864 altitudO,
1062 2792 1133 2852 ut
1196 2788 1319 2852 nisi
1387 2788 1680 2852 sacerdos
1749 2808 1938 2870 super
2004 2786 2246 2869 aliquid
2313 2789 2531 2864 staret,
2599 2789 2741 2866 apte

447 2894 803 2958 ministrare
851 2915 970 2960 non
1019 2898 1258 2978 posset,
1308 2894 1809 2979 intellegendum
1858 2898 1959 2958 est
2004 2893 2312 2976 quidquid
2368 2893 2530 2956 illud
2590 2897 2742 2968 erat,

445 3001 617 3081 quod
675 3000 751 3065 ad
807 3002 1020 3066 horam
1081 3001 1566 3066 ministrationis
1625 3001 1976 3083 ponebatur
2031 3003 2095 3064 et
2152 2999 2572 3075 auferebatur,
2619 3017 2743 3062 non

446 3107 645 3171 fuisse
704 3108 921 3172 altaris
977 3113 1221 3190 partem
1280 3113 1343 3171 et
1398 3108 1540 3172 ideo
1596 3127 1717 3173 non
1775 3107 1975 3171 fuisse
2033 3111 2249 3171 contra
2311 3107 2743 3187 praeceptum,

448 3233 571 3296 quo
623 3214 886 3298 gradum
936 3216 1162 3279 habere
1208 3215 1598 3298 prohibitum
1650 3218 1780 3289 est-3
1830 3214 1950 3277 hoc
1997 3216 2233 3290 autem,
2285 3212 2744 3294 qualecumque
2782 3240 2838 3280 2⁵

448 3322 675 3396 fuerat,
726 3322 929 3386 tacuit
978 3322 1290 3404 scriptura
1337 3325 1401 3384 et
1446 3321 1589 3384 ideo
1641 3320 1929 3402 quaestio
1982 3321 2149 3386 facta
2195 3323 2312 3384 est.
2390 3317 2502 3382 sed
2556 3335 2744 3393 nunc,

451 3450 594 3493 cum
646 3429 800 3492 dicit
839 3429 1152 3510 scriptura
1191 3428 1602 3505 sacerdotem,
1644 3446 1788 3490 cum
1828 3426 2090 3491 fecisset
2126 3424 2453 3500 sacrificia,
2494 3424 2745 3487 descen-

451 3536 641 3613 disse,
691 3536 811 3599 hoc
861 3538 958 3598 est
1007 3555 1151 3599 cum
1197 3535 1526 3598 immolata
1574 3533 1971 3615 inposuisset
2016 3532 2218 3609 altari,
2275 3532 2496 3614 utique
2552 3529 2743 3592 mani·

450 3643 643 3707 festat
710 3641 945 3705 alicubi
1013 3660 1157 3704 eum
1225 3640 1480 3705 stetisse
1549 3641 1716 3703 unde
1783 3638 2223 3716 descenderet;
2301 3643 2363 3702 et
2437 3636 2583 3719 quia
2656 3634 2745 3698 ibi

630 3939 658 3990 7
699 3937 832 3992 Leu.
869 3937 919 4000 9,
957 3938 1024 3990 22
1139 3937 1203 3990 13
1243 3936 1308 3990 cf.
1350 3935 1570 4000 Quaest.
1614 3934 1679 3988 de
1719 3934 1904 3987 Exodo
1945 3937 2152 4002 quaest.
2196 3933 2372 3988 CXIII

531 4114 551 4164 1
599 4113 750 4181 quasi
799 4112 906 4165 VT
940 4130 1075 4181 quos
1114 4113 1187 4165 hcl
1403 4112 1649 4181 demptos
1689 4111 1763 4165 bd
1941 4113 1973 4164 2
2013 4110 2276 4180 inposuit]
2331 4109 2437 4161 iam
2478 4107 2659 4175 posuit
2705 4107 2751 4158 C

456 4203 485 4254 7
527 4206 578 4253 et
614 4200 811 4254 addidi
889 4202 945 4254 ll
980 4202 1044 4254 ad
1077 4219 1176 4256 om.
1206 4201 1272 4254 N
1342 4203 1407 4254 14
1447 4200 1709 4270 graduum
1735 4201 1870 4254 P¹S¹
1894 4200 1936 4252 Γ
2011 4202 2075 4253 15
2106 4199 2216 4252 illis
2251 4199 2297 4252 C
2366 4199 2434 4252 23
2468 4213 2611 4249 oram
2642 4194 2751 4249 ΒΝ

456 4293 524 4343 ‘24
564 4291 641 4357 et]
684 4289 750 4342 ad
798 4292 841 4343 (J
1020 4293 1088 4344 ‘25
1128 4307 1188 4343 co
1229 4289 1273 4341 C
1310 4289 1452 4357 quod
1489 4288 1675 4343 P¹SN
1685 4288 1733 4341 V
1882 4288 2106 4358 gradum
2146 4305 2248 4342 om.
2290 4287 2335 4341 S
2477 4287 2546 4339 26
2586 4283 2749 4337 suerit

457 4377 742 4432 1³51*de
847 4378 914 4431 28
953 4378 1237 4431 immolatii
1281 4378 1328 4431 C
