3076 4976
513 525 642 588 506
1219 525 1272 578 S.
1330 523 1609 578 Aureli
1665 523 2099 592 Augustini

518 737 663 780 nam
710 716 800 781 ita
847 717 1116 802 legitur:
1174 719 1760 801 percussitque
1809 737 1942 783 eos
1990 717 2311 803 ingenti
2358 716 2629 801 plaga,
2686 717 2804 781 ita

512 825 605 886 ut
652 826 1088 906 stupentes
1130 845 1393 890 suram
1432 826 1720 890 femori
1758 825 2267 907 inponerent.
2315 824 2441 889 tale
2481 827 2581 889 est
2619 825 2805 901 enim,

512 948 586 995 ac
635 930 689 994 si
738 930 1009 995 diceret:
1067 931 1289 995 tibiam
1337 930 1559 995 femori
1606 932 1996 1012 inponerent,
2047 930 2341 1013 quoniam
2392 949 2540 995 sura
2584 931 2805 1013 utique

511 1038 822 1101 retrorsus
872 1055 1016 1101 cum
1066 1037 1227 1101 tibia
1274 1040 1390 1102 est.

601 1142 764 1207 LVI.
825 1142 992 1222 Quid
1042 1148 1141 1209 est
1188 1144 1355 1225 quod
1403 1144 1494 1208 ait
1532 1143 1801 1209 Samson
1851 1144 2005 1208 uiris
2054 1143 2247 1208 Iuda:
2296 1143 2565 1208 iurate
2611 1143 2807 1207 mihi
2863 1169 2886 1208 ⁵

515 1268 606 1312 ne
654 1248 1215 1315 interficiatis
1262 1269 1375 1314 me
1422 1269 1602 1325 uos;
1653 1253 1732 1314 et
1777 1249 2082 1315 tradite
2130 1270 2245 1314 me
2285 1249 2422 1326 eis,
2463 1268 2553 1313 ne
2593 1250 2806 1314 forte

512 1357 979 1421 occurratis
1054 1356 1130 1420 in
1206 1376 1319 1420 me
1385 1361 1577 1422 uos?
1663 1375 1848 1438 quam
1914 1356 2300 1421 locutionem
2369 1356 2460 1419 ita
2522 1355 2807 1420 nonnulli

511 1461 913 1543 interpretati
956 1467 1140 1527 sunt:
1190 1482 1280 1527 ne
1329 1463 1544 1527 forte
1593 1462 1956 1527 ueniatis
2006 1463 2432 1527 aduersum
2479 1482 2592 1526 me
2641 1482 2804 1528 uos.

512 1569 626 1633 sed
682 1568 803 1633 hoc
861 1588 1003 1633 eum
1058 1588 1135 1633 ne
1203 1570 1278 1634 ab
1345 1570 1447 1635 his
1512 1569 1970 1634 interficeretur
2034 1569 2266 1633 dixisse
2327 1569 2490 1633 illud
2549 1568 2805 1646 indicat,

514 1675 684 1756 quod
741 1675 802 1739 in
861 1676 1225 1760 Regnorum
1280 1676 1442 1742 libro
1501 1677 1811 1760 scriptum
1870 1681 1971 1741 est
2031 1677 2289 1741 iubente
2346 1675 2682 1742 Salomone
2735 1679 2808 1739 ut
2841 1702 2886 1740 10

513 1781 702 1845 homo
747 1782 1141 1847 occideretur
1178 1785 1243 1846 et
1280 1782 1562 1848 dicente:
1610 1783 1831 1860 uade,
1873 1801 2206 1848 occurre
2253 1782 2409 1846 illi.
2460 1782 2629 1865 quod
2666 1782 2805 1847 ideo

514 1907 631 1951 non
681 1890 1096 1972 intellegitur,
1146 1889 1295 1971 quia
1341 1909 1462 1953 non
1510 1892 1610 1953 est
1657 1888 2134 1954 consuetudinis
2174 1887 2339 1971 apud
2378 1908 2491 1954 nos
2530 1888 2621 1953 ita
2661 1889 2805 1954 dici.

515 1994 605 2059 sic
655 1995 821 2059 enirn
870 1996 1039 2077 quod
1086 1996 1391 2060 militares
1439 1998 1792 2079 potestates
1832 1996 2083 2060 dicunt:
2132 1995 2317 2070 uade,
2358 1995 2565 2059 alleua
2601 1996 2805 2067 illum,

517 2105 581 2166 et
638 2101 956 2186 significat
1017 2103 1273 2179 „occide
1329 2103 1581 2180 illum“,
1640 2103 1781 2184 quis
1846 2103 2200 2185 intellegat,
2268 2102 2390 2166 nisi
2458 2102 2562 2184 qui
2630 2103 2804 2167 illius

514 2208 855 2272 locutionis
927 2208 1452 2274 consuetudinem
1520 2210 1746 2275 nouit?
1823 2210 1989 2274 solet
2047 2205 2159 2294 [et]
2213 2210 2411 2293 uulgo
2469 2209 2638 2291 apud
2695 2228 2804 2274 nos
2841 2232 2885 2273 ιε»

517 2315 674 2379 dici:
735 2315 1181 2397 conpendiauit
1232 2315 1349 2393 illi,
1399 2316 1569 2399 quod
1626 2319 1725 2380 est
1780 2315 2016 2380 occidit
2068 2316 2287 2392 illum3
2345 2318 2411 2379 et
2454 2315 2576 2380 hoc
2623 2335 2804 2380 nemo

513 2421 852 2506 intellegit,
901 2422 1022 2488 nisi
1072 2423 1178 2506 qui
1228 2423 1443 2488 audire
1492 2422 1844 2488 consueuit.
1910 2422 2067 2486 haec
2115 2426 2214 2487 est
2259 2421 2427 2486 enim
2474 2422 2575 2486 uis
2624 2441 2805 2507 gene-

509 2528 661 2593 ralis
738 2530 1017 2594 omnium
1081 2532 1501 2607 locutionum,
1566 2534 1639 2595 ut
1703 2530 2238 2613 quemadmodum
2304 2531 2480 2612 ipsae
2544 2530 2800 2613 linguae

511 2655 632 2699 non
670 2635 1140 2721 intellegantur,
1182 2637 1303 2701 nisi
1343 2637 1656 2703 audiendo
1694 2638 1798 2701 uel
1835 2637 2105 2721 legendo
2145 2637 2488 2701 discantur.
2536 2636 2798 2701 AMEN.

694 2828 718 2880 1
762 2827 827 2881 cf.
868 2828 1088 2882 Hieron.
1127 2826 1358 2880 xxvm
1398 2844 1449 2897 p.
1489 2828 1591 2881 531
1705 2830 1738 2881 5
1775 2826 1893 2884 Iud.
1938 2828 2020 2891 15,
2067 2829 2129 2881 12
2243 2828 2301 2881 11
2346 2826 2430 2880 III
2466 2827 2601 2895 ch.
2641 2828 2693 2891 2,
2731 2828 2797 2881 29

587 2950 610 3001 1
655 2950 921 3020 percussit
955 2949 1087 3003 Pbd
1193 2951 1224 3004 6
1262 2966 1347 3003 ine
1386 2950 1486 3019 eis]
1525 2950 1661 3003 meis
1699 2950 1759 3003 N
1867 2952 1896 3003 7
1935 2950 2251 3004 lucitionem
2288 2950 2362 3003 Ρι
2476 2950 2510 3003 8
2550 2967 2797 3005 auersum

511 3038 575 3091 N
599 3038 828 3092 aduersu
864 3040 914 3092 T
1053 3056 1138 3092 me
1168 3055 1268 3093 om.
1301 3038 1397 3093 ΒΤ
1502 3038 1568 3092 10
1596 3038 1758 3109 libro]
1785 3040 2058 3093 uolumine
2095 3040 2145 3093 T
2170 3057 2271 3094 om.
2299 3038 2521 3094 PSVN
2659 3055 2796 3107 quae

507 3129 638 3182 inde
686 3146 722 3181 a
765 3145 897 3182 uoce
938 3132 1061 3193 „ut“
1103 3145 1275 3197 usque
1320 3128 1396 3182 ad
1439 3128 1602 3195 finem
1645 3134 1948 3198 sequuntur
1989 3129 2054 3182 in
2089 3129 2273 3183 codice
2325 3128 2376 3181 V
2419 3128 2802 3183 desiderantur

513 3219 572 3269 11
619 3233 891 3270 occurrere
920 3216 974 3269 P
1084 3219 1146 3271 15
1188 3217 1596 3270 consuetudinis
1623 3217 1689 3270 N
1826 3219 1883 3270 et
1907 3217 2113 3270 inclusi
2223 3217 2288 3271 16
2327 3216 2450 3270 duci
2479 3217 2534 3270 P
2676 3234 2798 3270 con-

508 3304 794 3374 pendiabit
820 3304 940 3358 1³8¹
1052 3306 1116 3358 19
1146 3305 1542 3374 intelleguntur
1567 3305 1633 3358 N
1769 3305 2154 3376 Explicuerunt
2180 3305 2525 3375 quaestiones
2551 3304 2795 3360 Indicum

508 3394 791 3449 AVGvsT
831 3378 963 3448 'E—ss‘i
1006 3395 1107 3463 fol.
1157 3398 1281 3448 202
1326 3396 1380 3449 P
1423 3395 1570 3464 Expl'
1616 3397 1964 3465 quaestiones
2011 3396 2255 3449 Indicum
2290 3382 2373 3449 do
2421 3396 2628 3464 gratias
2676 3396 2797 3464 lege

507 3482 741 3536 feliciter
779 3486 835 3538 et
873 3501 966 3537 ora
1003 3501 1099 3553 pro
1139 3501 1257 3537 mae
1284 3484 1398 3551 sol.
1434 3488 1549 3539 148
1584 3484 1673 3550 N,-
1712 3484 1867 3539 codd.
1904 3484 2009 3539 ST
2038 3485 2436 3553 subscriptione
2470 3489 2674 3541 carent.
