3076 4976
441 464 575 525 224
1154 459 1205 512 S.
1266 458 1544 512 Aureli
1602 458 2041 527 Augustini

441 658 686 737 partem
737 654 1014 736 cogenda
1063 658 1179 730 est,
1227 654 1290 717 id
1340 656 1436 718 est
1484 658 1557 716 ut
1606 654 1910 736 quidquid
1961 660 2232 737 superat,
2283 655 2360 718 ad
2400 656 2744 737 posteriora

443 762 836 825 tabernaculi
905 762 1260 844 colligatur,
1331 760 1442 824 sed
1510 761 1929 825 distribuatur
1986 782 2054 825 ex
2115 782 2312 843 aequo
2372 766 2750 843 tantumque

447 869 586 932 eius
646 869 723 932 ad
781 868 986 950 priora
1043 868 1434 931 tabernaculi
1493 871 1800 949 qnantum
1862 869 1939 931 ad
1996 870 2343 950 posteriora
2401 870 2747 939 tribuatur:

444 975 512 1038 id
577 980 693 1053 est,
762 976 1058 1057 quoniam
1127 975 1248 1039 duo
1317 976 1532 1038 cubita
1600 975 1660 1037 in
1722 976 1991 1058 singulis
2051 977 2212 1039 uelis
2273 976 2529 1040 eandem
2592 997 2750 1059 quae

447 1086 705 1164 superat
759 1082 1220 1165 longitudinem
1281 1082 1543 1157 faciunt,
1606 1087 1675 1146 ut
1734 1083 2022 1146 cubitum
2087 1083 2229 1146 inde
2300 1084 2543 1147 auferat
2608 1104 2748 1166 pars
2817 1105 2841 1140 5

450 1190 572 1252 ista
623 1194 685 1252 ct
735 1190 1021 1253 cubitum
1068 1190 1212 1264 illa3
1263 1190 1353 1252 ita
1401 1190 1474 1252 de
1525 1190 1794 1273 singulis
1846 1190 2080 1254 cubitis
2132 1191 2263 1255 suis
2312 1191 2571 1254 habebit
2608 1212 2749 1272 pars

448 1296 570 1359 ista
639 1297 874 1359 cubita
919 1297 1136 1360 decem
1205 1300 1265 1359 et
1331 1296 1442 1359 illa
1500 1297 1574 1360 de
1635 1298 1767 1360 suis
1828 1298 2098 1380 singulis
2161 1299 2396 1372 deceni,
2458 1298 2750 1379 quoniam

450 1403 665 1465 decem
732 1405 875 1466 uela
941 1403 1105 1466 binis
1174 1404 1408 1466 cubitis
1476 1404 1760 1487 longiora
1828 1405 2058 1487 uiginti
2126 1405 2486 1468 cubitorum
2549 1405 2750 1486 longi·

449 1509 732 1572 tudinem
809 1511 1067 1585 faciunt,
1146 1529 1266 1591 qua
1342 1510 1641 1574 uidentur
1718 1531 2011 1592 superare
2089 1514 2246 1575 serie
2327 1530 2441 1575 sua
2526 1512 2751 1575 seriem

430 1599 814 1680 ⁴aulaeorum
834 1620 862 1680 ⁶?

545 1726 646 1786 16.
725 1724 1039 1805 Deinceps
1116 1723 1464 1787 uidendum
1544 1728 1641 1787 est
1716 1725 1869 1789 haec
1955 1726 2184 1807 uiginti
2271 1726 2504 1799 cubita,
2592 1744 2750 1807 qnae

452 1832 756 1909 superant
815 1830 890 1892 de
939 1828 1334 1912 longitudine
1385 1831 1694 1901 uelorum,
1748 1830 1847 1893 cui
1900 1832 2102 1911 spatio
2155 1831 2458 1913 cingendo
2511 1832 2749 1913 profici-

449 1940 578 1999 ant.
639 1937 692 1998 si
751 1936 917 2000 enim
975 1936 1136 1999 uelis
1199 1936 1550 2018 capillaciis
1607 1937 1872 2001 interius
1942 1940 2418 2001 tabernaculum
2487 1939 2751 2002 circum·

449 2043 711 2127 tegitur,
787 2043 878 2106 ita
953 2047 1272 2124 superant,
1351 2046 1421 2106 ut
1498 2043 1649 2124 quid
1718 2063 1787 2106 ex
1856 2044 1944 2107 eis
2016 2046 2414 2126 cooperiatur
2479 2066 2597 2110 non
2669 2047 2753 2110 sit

449 2150 725 2213 omnino,
775 2150 940 2212 unde
989 2153 1190 2213 restat
1238 2149 1426 2212 etiam
1477 2148 1615 2229 ipsa
1658 2150 1911 2232 subtegi
1953 2156 2015 2214 et
2055 2152 2446 2235 subtegendo
2486 2152 2749 2217 detrahi.

453 2257 623 2338 quod
685 2256 995 2337 scriptura
1053 2276 1172 2319 non
1235 2256 1408 2321 dicit.
1470 2256 1691 2319 aulaea
1740 2257 1972 2338 quippe
2025 2258 2261 2333 decem,
2312 2279 2471 2339 quae
2523 2259 2752 2323 babent

449 2363 667 2427 cubita
714 2363 931 2425 uicena
972 2366 1032 2425 et
1073 2366 1318 2437 octona,
1359 2363 1591 2444 quibus
1631 2363 1893 2427 interius
1934 2364 2215 2428 tenditur
2252 2366 2750 2443 tabernaculum,

452 2469 1060 2550 circumplectuntur
1093 2470 1369 2552 spatium
1409 2476 1717 2553 quantum
1758 2476 2032 2554 possunt
2070 2472 2501 2554 circumplecti
2541 2474 2753 2537 cubita

451 2578 722 2640 ducenta
773 2576 1125 2658 octoginta:
1175 2578 1338 2641 unde
1389 2579 1583 2641 latera
1632 2579 1745 2642 illa
1790 2580 2094 2661 longiora,
2146 2579 2419 2643 australe
2470 2582 2534 2643 et
2580 2581 2750 2661 aqui-

449 2684 714 2760 lonium,
783 2684 1082 2747 habentia.
1144 2685 1401 2748 uicenas
1470 2687 1796 2750 columnas
1865 2689 2157 2750 auferunt
2216 2709 2284 2753 ex
2351 2689 2449 2752 his
2518 2689 2751 2752 cubitis

453 2793 720 2854 centena
768 2789 1014 2866 cubita;
1075 2795 1314 2856 restant
1373 2794 1714 2877 octoginta,
1776 2814 1934 2875 quae
1994 2795 2240 2858 dnobus
2291 2796 2551 2876 reliquis
2601 2798 2751 2859 late-

451 2899 629 2962 ribus
687 2898 1105 2974 breuioribus,
1167 2900 1476 2976 orientali,
1538 2901 1706 2981 qnod
1767 2921 1890 2964 non
1948 2902 2137 2964 habet
2187 2903 2465 2966 ordinem
2516 2905 2750 2967 colum-

454 3025 696 3082 narum,
755 3009 819 3070 et
874 3006 1270 3080 occidentali,
1330 3008 1441 3070 ubi
1500 3012 1673 3072 erant
1732 3011 2056 3073 columnae
2119 3014 2281 3076 octo.
2353 3010 2752 3094 quadragena

454 3112 933 3177 distribuantur.
983 3113 1243 3194 proinde
1291 3114 1351 3177 in
1403 3116 1747 3195 capillaciis
1796 3117 2065 3194 <uelis>‚
2117 3117 2410 3197 quoniam
2452 3116 2750 3181 detractis

451 3218 712 3301 triginta
770 3219 1001 3282 cubitis
1057 3223 1341 3283 trecenta
1395 3223 1735 3294 restabant,
1797 3224 1848 3286 si
1907 3224 2203 3287 trecentis
2262 3223 2494 3287 cubitis
2562 3223 2750 3304 capil-
2791 3242 2815 3278 2

455 3323 759 3388 laciorum
818 3326 1102 3388 uelorum
1162 3326 1432 3391 ducenta
1490 3328 1813 3409 octoginta
1870 3330 2308 3410 cooperiantur
2364 3331 2747 3407 aulaeorum,

457 3431 546 3494 ita
594 3436 965 3512 supererunt
1012 3433 1263 3516 uiginti,
1315 3438 1386 3498 ut
1433 3455 1553 3497 non
1604 3433 1687 3498 sit
1737 3436 1905 3517 quod
1943 3456 2014 3499 ex
2053 3437 2142 3499 eis
2183 3440 2453 3519 tegatur.
2492 3437 2748 3519 proinde

457 3536 580 3599 duo
629 3537 739 3600 illa
787 3540 1019 3615 cubita,
1071 3560 1228 3620 quae
1278 3540 1526 3624 singula
1567 3542 1893 3622 capillacia
1930 3544 2073 3624 plus
2114 3545 2365 3620 habent,
2409 3565 2477 3607 ex
2519 3543 2747 3624 quibus

457 3662 706 3706 summa
762 3645 992 3728 uiginti
1051 3646 1407 3710 cubitorum
1466 3648 1732 3711 collecta
1782 3651 1897 3726 est,
1949 3650 2037 3712 sic
2090 3650 2521 3714 distribuenda
2568 3653 2747 3713 sunt:

455 3751 798 3814 cubitum
850 3771 928 3815 ex
976 3753 1110 3816 hoc
1172 3755 1244 3817 et
1291 3754 1627 3818 cubitum
1681 3775 1757 3818 ex
1806 3756 1975 3832 hoc3
2027 3755 2091 3819 id
2140 3761 2256 3832 est,
2308 3777 2382 3820 ne
2431 3757 2638 3820 onmia
2689 3756 2746 3818 in
2788 3778 2810 3814 ε

533 4012 554 4062 1
603 4028 633 4062 a
671 4011 967 4079 posteriore
1006 4010 1052 4065 S
1193 4016 1224 4066 3
1265 4014 1379 4066 eins
1419 4023 1549 4082 exp(
1579 4033 1645 4068 m.
1686 4023 1715 4068 1
1767 4017 1815 4067 V
1954 4019 1984 4070 6
2023 4017 2259 4079 habebat
2312 4019 2361 4070 Γ
2499 4022 2529 4071 9
2570 4035 2663 4071 sue
2710 4020 2751 4070 C

459 4098 525 4150 12
565 4098 906 4167 longitudine
952 4099 996 4153 0
1133 4102 1194 4154 14
1237 4103 1345 4166 sint
1383 4103 1481 4157 PS
1618 4105 1681 4157 18
1721 4105 2007 4174 complecti
2056 4106 2104 4158 T
2251 4109 2312 4159 19
2352 4107 2587 4160 australe
2633 4105 2751 4160 CP2

457 4188 526 4239 20
564 4187 819 4240 habent..-
869 4189 917 4241 V
1113 4191 1431 4245 auferuntur
1467 4193 1649 4246 1³¹,S‘1'
1847 4196 2029 4248 cubita
2069 4196 2114 4250 S
2301 4198 2363 4249 21
2410 4202 2635 4250 centena
2682 4197 2750 4247 1·—

457 4275 524 4326 21
565 4275 959 4339 clritribuantur
1009 4278 1056 4328 V
1198 4281 1349 4342 uelis,
1388 4283 1535 4349 quod
1574 4283 1729 4336 codd.
1770 4301 1889 4344 om„
1932 4300 2046 4336 cum
2090 4284 2163 4336 bd
2201 4285 2401 4338 addidi
2545 4288 2611 4340 25
2650 4286 2746 4337 tri-

453 4371 614 4418 centa
653 4367 706 4418 P
812 4369 880 4420 30
921 4368 1102 4422 cubito
1149 4369 1193 4422 C
1337 4371 1566 4425 et—hoc
1607 4388 1708 4427 om.
1757 4373 1802 4425 C

2792 1640 2844 1676 10

2796 2174 2841 2211 15

2790 2706 2841 2742 20
