3076 4976
499 495 625 557 180
1184 492 1237 544 S.
1295 490 1571 544 Aureli
1628 489 2067 560 Augustini

495 689 662 753 ritu
715 688 995 752 diuino
1046 687 1509 769 sapientiae
1561 690 1637 752 et
1692 687 2189 752 intellectus
2247 693 2326 750 et
2382 686 2785 752 scientiae

492 797 564 860 in
607 796 813 860 omni
855 814 1089 878 opere
1131 794 1600 877 excogitare
1642 797 1717 857 et
1758 794 2406 858 architectonari
2441 798 2505 859 et
2534 798 2785 858 cetera?

489 905 705 967 utrum
755 902 1019 985 spiritus
1069 903 1268 965 sancti
1318 901 1565 965 muneri
1612 901 1801 964 etiam
1847 900 1975 964 ista
2020 920 2209 983 opera
2242 900 2575 966 tribuenda
2613 904 2784 975 sunt,

491 1029 649 1092 quae
695 1010 1005 1091 pertinere
1053 1009 1132 1073 ad
1180 1008 1502 1091 opificium
1551 1008 1895 1072 uidentur?
1953 1028 2026 1071 an
2086 1011 2150 1071 et
2193 1007 2315 1071 hoc
2361 1006 2784 1090 significatiue

490 1118 730 1182 dictum
782 1121 900 1194 est,
950 1120 1026 1181 ut
1073 1137 1147 1180 ea
1191 1116 1548 1199 pertineant
1602 1116 1679 1179 ad
1737 1114 2026 1179 diuinum
2083 1115 2378 1197 spiritum
2436 1115 2781 1196 sapientiae
2846 1135 2872 1172 ⁵

489 1228 554 1289 et
600 1224 967 1289 intellectus
1008 1227 1072 1287 et
1110 1222 1432 1300 scientiae,
1474 1242 1633 1303 quae
1672 1222 1772 1286 his
1811 1222 1999 1286 rebus
2040 1221 2522 1305 significantur?
2569 1225 2779 1286 tamen

488 1332 677 1396 etiam
725 1331 829 1396 hic
878 1350 1022 1395 curn
1074 1330 1301 1413 spiritu
1348 1331 1634 1411 repletus
1684 1329 1932 1393 dicatur
1984 1328 2106 1392 iste
2164 1327 2377 1393 diuino
2435 1328 2780 1410 sapientiae

486 1442 549 1504 et
604 1438 968 1501 intellectus
1029 1440 1095 1499 et
1149 1435 1473 1511 scientiae,
1533 1435 1809 1498 nondum
1866 1434 2105 1518 legitur
2170 1434 2433 1516 spiritus
2498 1439 2780 1498 sanctus

577 1543 1013 1609 CXXXVIIII.
1084 1542 1250 1622 Quid
1299 1541 1421 1605 sibi
1469 1541 1632 1618 uult,
1692 1541 1858 1623 quod
1915 1560 2060 1605 cum
2120 1540 2195 1605 de
2252 1541 2514 1605 sabbato
2572 1542 2780 1606 obser·

485 1651 692 1714 nando
750 1649 1143 1731 praeciperet
1199 1648 1318 1712 ait:
1384 1651 1962 1712 testamentum
2033 1650 2443 1711 aeternum
2509 1647 2582 1710 in
2640 1667 2772 1725 me,
2816 1670 2867 1708 10

486 1760 562 1822 et
618 1757 838 1821 filiis
886 1755 1252 1819 Israhel?
1302 1775 1421 1820 non
1473 1756 1596 1819 ait:
1660 1756 1826 1819 inter
1879 1774 1979 1819 me
2037 1760 2101 1818 et
2156 1755 2320 1818 filios
2367 1754 2630 1820 Israhel.
2696 1773 2773 1819 an

482 1864 632 1947 quia
680 1864 1013 1927 sabbatum
1062 1861 1342 1943 requiem
1392 1861 1711 1945 significat
1758 1865 1821 1925 et
1865 1862 2117 1943 requies
2175 1862 2357 1926 nobis
2414 1862 2663 1926 nonnisi
2706 1862 2770 1926 in

479 1972 639 2035 illo?
715 1989 859 2033 nam
915 1969 1196 2051 profecto
1253 1969 1417 2033 filios
1474 1968 1716 2033 Israhel
1783 1968 2153 2032 uniuersum
2219 1970 2523 2051 populum
2583 1988 2771 2033 suum

479 2077 652 2155 dicit,
701 2077 766 2139 id
812 2079 912 2139 est
959 2095 1173 2140 semen
1211 2076 1550 2141 Abraham.
1600 2078 1665 2139 et
1702 2078 1800 2139 est
1834 2075 2081 2139 Israhel
2128 2075 2475 2139 secundum
2523 2094 2771 2141 carnem

478 2189 544 2250 et
607 2184 954 2249 secundum
1025 2183 1352 2264 spiritum3
1418 2202 1562 2246 nam
1623 2182 1676 2246 si
1732 2182 1976 2246 Israhel
2040 2201 2161 2245 non
2229 2186 2401 2246 esset
2464 2183 2768 2247 dicendus
2811 2203 2861 2244 1⁶

476 2273 710 2356 nissex
749 2310 974 2373 genere
1015 2291 1238 2366 carniS,
1280 2309 1401 2353 non
1443 2289 1680 2352 diceret
1718 2289 2077 2372 apostolus:
2127 2289 2408 2353 uidete
2446 2289 2767 2354 Israhel

476 2397 916 2463 secundum
980 2415 1311 2460 carnem.
1379 2395 1488 2459 ubi
1561 2396 1845 2477 profecto
1921 2395 2239 2479 significat
2311 2415 2451 2460 esse
2522 2396 2765 2460 Israhel

475 2504 824 2571 secundum
884 2504 1178 2585 spiritum
1237 2503 1368 2585 qui
1427 2504 1503 2567 in
1565 2503 2048 2568 abscondito
2097 2505 2447 2568 Iudaeus
2506 2508 2630 2568 est
2687 2508 2764 2568 et

474 2611 1103 2677 circumcisione
1144 2609 1436 2676 cordis,
1480 2610 1571 2673 sic
1611 2628 1758 2693 ergo
1798 2610 2025 2674 melius
2054 2611 2321 2675 fortasse
2353 2610 2757 2695 distingitur:

471 2721 1055 2783 testamentum
1113 2720 1524 2780 aeternum
1585 2716 1658 2780 in
1716 2736 1861 2790 me,
1920 2720 1994 2780 ut
2050 2717 2271 2780 deinde
2320 2718 2483 2782 alius
2531 2738 2756 2782 sensus
2796 2740 2852 2778 20

471 2825 556 2889 sit
620 2828 733 2902 „et
780 2824 1001 2888 filiis
1049 2823 1368 2887 Israhel
1427 2823 1742 2906 signum
1811 2827 1936 2888 est
2001 2827 2478 2900 aeternum“,
2538 2825 2601 2888 id
2659 2829 2760 2888 est

469 2935 756 2995 aeternae
804 2931 891 2994 rei
940 2931 1218 3012 signum,
1277 2931 1591 3011 quomodo
1650 2933 1879 3012 petra
1936 2934 2107 2994 erat
2156 2931 2558 3010 ChristuS,
2608 2933 2761 3013 quia

467 3040 645 3120 petra.
706 3036 1104 3121 significabat
1169 3037 1514 3102 Christum.
1592 3056 1713 3100 non
1780 3056 1927 3121 ergo
2002 3038 2093 3102 ita
2165 3038 2556 3121 iungendum
2624 3043 2752 3103 est:

467 3145 1056 3207 testamentum
1135 3147 1547 3207 aeternum
1622 3143 1698 3206 in
1774 3164 1888 3207 me
1966 3149 2042 3207 et
2116 3145 2335 3208 filiis
2412 3145 2750 3218 Israhel,

463 3255 787 3331 tamquam
845 3250 908 3312 in
969 3250 1083 3313 deo
1142 3252 1207 3313 et
1261 3250 1409 3313 filiis
1458 3250 1704 3313 Israhel
1761 3250 1847 3313 sit
1900 3251 2018 3315 hoc
2076 3255 2550 3329 testamentum,
2608 3251 2750 3315 sed:
2792 3278 2846 3317 25

466 3361 1043 3421 testamentum
1103 3359 1515 3421 aeternum
1564 3356 1637 3419 in
1688 3376 1802 3420 me
1850 3395 1934 3403 —
1984 3359 2133 3439 quia
2178 3360 2238 3422 in
2284 3358 2395 3423 illo
2443 3360 2755 3442 promissa

464 3469 563 3526 est
635 3463 884 3544 requies
961 3466 1211 3526 aeterna
1273 3501 1358 3508 -—-
1427 3467 1502 3528 et
1576 3463 1792 3528 filiis
1857 3466 2174 3530 Israhel
2244 3467 2560 3551 signum
2628 3471 2752 3531 est

636 3705 669 3756 9
709 3704 776 3760 cf.
815 3705 911 3758 Ex.
951 3706 1039 3772 31,
1083 3707 1147 3760 13
1187 3723 1305 3775 sqq.
1493 3710 1558 3763 10
1596 3708 1691 3764 Ex.
1731 3710 1819 3774 31,
1861 3712 1942 3765 16.
1987 3713 2050 3765 17
2226 3714 2290 3766 16
2328 3712 2355 3765 1
2395 3710 2511 3769 Cor.
2555 3714 2639 3779 10,
2682 3712 2747 3766 18

461 3793 526 3848 18
565 3794 718 3846 Rom.
761 3795 810 3856 2,
851 3794 919 3847 29
1031 3795 1098 3847 22
1137 3795 1164 3848 1
1203 3795 1322 3851 Cor.
1367 3797 1450 3858 10,
1489 3798 1524 3850 4

527 3969 560 4021 2
599 3967 1042 4021 architectonarii
1080 3970 1135 4022 P
1267 3970 1300 4023 8
1339 3975 1396 4022 et
1431 3971 1745 4026 intellectus
1784 3989 1885 4026 om.
1924 3973 2103 4027 P¹SV
2233 3977 2298 4030 10
2336 3977 2661 4046 praeciperit
2704 3978 2751 4030 C

454 4059 732 4109 aeternum
772 4073 873 4110 om.
904 4056 950 4110 S
1021 4059 1086 4111 12
1125 4059 1366 4127 nonnisi]
1410 4077 1514 4113 non
1556 4066 1639 4114 est
1677 4062 1781 4114 nisi
1810 4060 2025 4117 P2Vbd
2100 4066 2164 4118 17
2196 4082 2253 4119 30
2281 4083 2397 4120 esse
2423 4069 2500 4137 (se
2528 4083 2570 4120 3.
2598 4066 2656 4137 1.)
2698 4067 2751 4119 V

453 4144 653 4197 israhel
693 4161 808 4198 esse
848 4145 894 4199 S
1073 4147 1137 4200 19
1177 4147 1509 4202 circumcisio
1548 4149 1748 4204 P¹SV¹
1794 4152 2107 4206 circumciso
2168 4153 2239 4207 V²
2469 4156 2626 4209 corde
2674 4153 2747 4208 V²

453 4232 809 4303 distinguitur
837 4234 1180 4289 PSNi'de
1278 4238 1345 4290 20
1383 4237 1510 4292 111ᾶο
1550 4238 1728 4292 SP¹V
1823 4242 1888 4295 21
1929 4258 2028 4296 sec.
2060 4244 2174 4297 cod.
2205 4245 2363 4299 Alex.
2508 4244 2606 4298 filii
2643 4245 2749 4300 CN

453 4324 537 4373 est
573 4338 675 4374 om.
717 4322 763 4375 S
777 4322 878 4375 VT
1019 4331 1294 4378 aeternum
1336 4344 1436 4380 om.
1478 4327 1523 4381 S
1630 4329 1697 4381 22
1738 4330 1865 4399 quia
1901 4335 2107 4400 petram
2148 4332 2265 4388 SP¹
2383 4337 2451 4389 23
2486 4320 2588 4406 ᾗ·
2624 4336 2740 4391 SP¹

451 4410 520 4462 25
558 4409 653 4478 sit]
694 4412 771 4464 sic
815 4411 862 4464 C
965 4413 1032 4466 27
1074 4418 1129 4467 et
1166 4415 1380 4484 requies
1418 4416 1480 4470 N
