3076 4976
462 505 593 567 454
1165 500 1216 554 S.
1276 499 1544 553 Aureli
1608 498 2039 568 Augustini

553 696 659 758 VI.
718 697 807 758 Et
866 695 1236 760 dederunt
1295 696 1519 761 Caleb
1580 696 1941 772 Chebron,
2002 696 2205 760 sieut
2259 696 2569 760 locutus
2628 697 2748 759 est

463 802 790 885 Moyses3
860 805 933 865 et
976 802 1446 866 hereditauit
1510 803 1680 867 inde
1744 805 1900 866 tres
1968 802 2337 866 ciuitates
2402 801 2744 865 filiorum

462 910 663 973 Enac
712 913 783 972 et
830 909 1159 972 abstulit
1204 909 1373 972 inde
1420 912 1576 972 tres
1625 908 1838 973 filios
1896 908 2110 972 Enac.
2161 908 2287 971 iam
2337 908 2455 972 hoe
2506 906 2746 972 dietum

464 1020 563 1080 est
608 1015 669 1079 in
716 1016 876 1079 libro
923 1016 1072 1078 lesu
1119 1016 1298 1079 Naue
1348 1015 1642 1096 quoniam
1691 1014 1802 1077 illo
1851 1014 2001 1079 uiuo
2041 1014 2279 1078 factum
2319 1017 2445 1091 est3
2496 1015 2607 1079 sed
2645 1015 2747 1078 hie

462 1121 932 1203 recapitulando
1000 1125 1563 1186 commemoratum
1630 1125 1748 1198 est,
1808 1139 1952 1185 cum
2002 1120 2077 1184 de
2125 1121 2293 1184 tribu
2350 1121 2527 1196 Iuda,
2584 1120 2750 1184 unde
2818 1149 2844 1186 5

461 1228 586 1293 fuit
634 1228 844 1304 Caleb‚
894 1228 1205 1309 scriptura
1249 1228 1634 1309 loqueretur.

551 1334 693 1403 VII.
745 1334 1084 1414 Quaeritur
1131 1334 1446 1416 quomodo
1497 1333 1737 1398 dictum
1780 1333 1892 1397 sit:
1943 1336 2017 1397 et
2062 1333 2509 1397 Iebusaeum
2550 1334 2753 1397 habi-

462 1444 745 1504 tantem
796 1442 866 1503 in
913 1441 1392 1504 Hierusalem
1440 1459 1577 1504 non
1627 1440 2264 1504 hereditauerunt
2301 1440 2455 1504 filii
2495 1441 2752 1504 Benia-

463 1547 642 1622 min;
702 1550 773 1611 et
829 1546 1216 1610 habitauit
1269 1547 1683 1611 Iebusaeus
1742 1566 1904 1611 eum
1963 1546 2162 1610 siliis
2228 1547 2619 1611 Beniamin
2678 1548 2751 1611 in

465 1653 947 1717 Hierusalem
1013 1672 1249 1734 usque
1316 1655 1384 1717 in
1454 1654 1897 1718 hodiernum
1964 1652 2177 1728 diem,
2245 1672 2387 1717 cum
2458 1654 2752 1737 superius
2797 1678 2850 1716 ιο

461 1761 709 1842 legatur
764 1759 981 1823 eadem
1039 1760 1267 1824 ciuitas
1315 1780 1351 1824 a
1396 1760 1555 1824 Iuda
1612 1764 1795 1841 capta
1853 1763 1918 1824 et
1971 1760 2224 1824 incensa
2278 1760 2629 1824 interfectis
2686 1761 2753 1824 in

464 1884 537 1927 ea
564 1865 908 1932 lebusaeis.
942 1865 1054 1930 sed
1086 1866 1593 1947 cognoscendum
1626 1870 1724 1931 est
1753 1866 1940 1931 istam
1983 1865 2311 1931 ciuitatem
2353 1886 2755 1931 communem

466 1971 765 2037 habuisse
815 1972 971 2037 duas
1019 1973 1245 2049 tribuS,
1294 1973 1516 2037 Iudam
1567 1977 1630 2037 et
1675 1973 2025 2049 Beniamin,
2075 1973 2245 2038 sicut
2291 1973 2570 2037 ostendit
2611 1974 2756 2056 ipsa

466 2078 698 2144 diuisio
746 2082 1074 2158 terrarum,
1124 2098 1282 2161 quae
1341 2080 1509 2144 facta
1556 2084 1657 2143 est
1703 2098 1740 2143 a
1784 2080 1929 2144 Iesu
1986 2079 2187 2143 Naue.
2236 2080 2377 2162 ipsa
2433 2083 2531 2144 est
2586 2081 2757 2144 enim

463 2185 655 2248 Iebus
722 2204 879 2267 quae
936 2186 1359 2250 Hierusalem.
1417 2186 1560 2251 ideo
1619 2186 1780 2250 duae
1836 2186 1997 2250 istae
2052 2186 2258 2249 tribus
2315 2192 2759 2251 remanserunt
2799 2212 2854 2249 ιε,

467 2292 543 2355 ad
591 2293 901 2375 templum
952 2293 1209 2372 domini,
1260 2293 1507 2375 quando
1559 2296 1801 2357 ceterae
1841 2299 2099 2374 excepta
2135 2292 2312 2366 Leui,
2352 2312 2512 2375 quae
2552 2312 2757 2358 saeer-

465 2398 694 2462 dotalis
741 2398 866 2462 fuit
913 2401 978 2462 et
1024 2403 1221 2463 terras
1269 2401 1332 2463 in
1383 2399 1765 2464 diuisionem
1813 2417 1937 2463 non
1986 2399 2250 2481 accepit,
2301 2405 2756 2482 separauerunt

465 2525 534 2570 se
601 2526 637 2569 a
690 2525 883 2590 regno
947 2507 1105 2571 Iuda
1172 2526 1314 2571 cum
1381 2507 1731 2572 leroboam.
1798 2507 2293 2590 intellegendum
2358 2510 2460 2571 est
2522 2526 2669 2591 ergo
2721 2528 2756 2570 a

466 2613 622 2676 Iuda
697 2613 952 2695 quidem
1032 2613 1358 2678 ciuitatem
1425 2619 1674 2696 captam
1723 2617 1788 2678 et
1839 2613 2159 2678 incensam
2223 2614 2574 2677 interfectis
2643 2615 2756 2696 qui

467 2719 599 2782 illic
645 2719 875 2800 reperti
922 2719 1190 2794 fueraut,
1241 2719 1354 2783 sed
1399 2739 1520 2783 non
1572 2739 1786 2785 omnes
1834 2720 2177 2784 lebusaeos
2227 2739 2366 2783 esse
2423 2720 2756 2796 extinctos,
2795 2745 2858 2783 το

466 2827 606 2889 siue
672 2826 819 2907 quia
885 2828 1063 2889 erant
1127 2829 1296 2889 extra
1360 2825 1534 2890 illam
1602 2827 1930 2891 ciuitatem
1996 2827 2135 2891 siue
2202 2827 2349 2908 quia
2411 2829 2759 2909 potuerunt

465 2934 715 3015 fugere:
749 2951 906 3014 quos
936 2932 1213 3012 reliquos
1244 2932 1588 2996 lebusaeos
1623 2933 1937 2998 admissos
1970 2952 2107 2998 esse
2148 2953 2182 2996 a
2219 2933 2370 2997 filiis
2401 2934 2754 3010 Beniamin,

468 3035 579 3125 [in]
659 3038 888 3120 quibus
965 3057 1111 3102 cum
1186 3038 1341 3102 Iuda
1416 3043 1551 3103 erat
1625 3039 1854 3104 ciuitas
1924 3041 2036 3103 illa
2104 3040 2478 3117 eommunia,
2544 3039 2606 3103 in
2681 3059 2754 3103 ea

467 3146 661 3209 simul
707 3145 1011 3210 habitare.
1061 3145 1230 3226 quod
1277 3164 1425 3229 ergo
1476 3145 1718 3210 dictum
1768 3151 1896 3210 est:
1947 3166 2085 3211 non
2126 3146 2756 3210 hereditauerunt

467 3251 915 3315 lebusaeum
963 3251 1116 3315 filii
1164 3251 1576 3329 Beniamin,
1625 3252 2122 3334 intellegendum
2172 3253 2340 3335 quod
2388 3271 2502 3317 nec
2556 3253 2753 3316 tribu·
2792 3278 2854 3318 2⁵

466 3358 661 3422 tarios
729 3376 835 3422 eos
883 3358 1086 3422 facere
1152 3363 1495 3441 potuerunt
1562 3359 1698 3422 siue
1765 3361 2127 3424 uoluerunt.
2195 3363 2306 3424 aut
2353 3363 2521 3423 certe
2594 3379 2750 3436 „non

466 3463 852 3528 hereditauit
904 3465 1319 3530 lebusaeum“
1377 3466 1620 3529 dictum
1679 3470 1795 3542 est,
1845 3465 1994 3547 quia
2040 3485 2160 3530 non
2212 3467 2344 3530 sine
2392 3466 2501 3531 illo
2550 3466 2755 3530 tenuit

466 3576 695 3634 terram
745 3590 903 3652 quae
952 3572 1027 3635 ab
1075 3572 1184 3636 illo
1232 3572 1698 3654 possidebatur.

649 3763 675 3814 1
716 3761 835 3815 Iud.
879 3764 923 3824 1,
964 3763 1031 3816 ‘20
1157 3765 1190 3816 4
1230 3763 1298 3818 cf.
1336 3762 1441 3815 Ios.
1486 3764 1570 3827 15,
1614 3765 1695 3817 13.
1741 3765 1804 3817 14
1928 3765 1957 3815 7
1995 3762 2113 3819 Iud.
2156 3765 2201 3826 1,
2244 3764 2308 3817 21
2425 3765 2487 3817 11
2531 3763 2597 3817 cf.
2633 3762 2750 3818 Iud.

473 3851 518 3912 1,
556 3849 589 3902 8
701 3852 769 3904 14
808 3850 874 3905 cf.
910 3851 1017 3904 Ios,
1062 3854 1139 3914 15,
1180 3852 1273 3912 63;
1317 3853 1398 3912 18,
1440 3852 1507 3905 28
1623 3854 1687 3906 15
1727 3852 1792 3904 cf.
1832 3852 1951 3907 Iud.
1995 3853 2075 3914 19,
2117 3852 2183 3905 10

540 3965 573 4017 3
608 3982 709 4020 sec.
749 3966 864 4019 cod.
903 3966 1060 4020 Alex.
1224 3969 1257 4020 4
1295 3966 1389 4022 ille
1427 3966 1494 4020 N
1641 3970 1673 4021 5
1713 3971 2097 4020 commoratum
2133 3968 2188 4020 P
2339 3969 2371 4021 6
2407 3968 2662 4036 loquetur
2696 3965 2758 4018 N

467 4053 501 4106 8
538 4053 826 4123 begnamin
870 4057 970 4120 (sic
1003 4057 1229 4124 semper)
1267 4055 1331 4109 N
1508 4058 1572 4110 11
1615 4074 1645 4110 a
1682 4056 1819 4109 Iuda
1856 4073 1921 4110 επ
1958 4055 2105 4110 aliud
2141 4073 2211 4108 m.
2250 4059 2289 4108 2
2325 4056 2381 4109 P
2520 4054 2658 4108 iudoe
2697 4054 2760 4107 N

469 4143 522 4194 in
566 4159 625 4195 ea
665 4159 765 4197 om.
805 4143 851 4198 S
995 4145 1061 4198 12
1098 4145 1205 4197 isla
1241 4145 1302 4196 N
1448 4147 1511 4198 19
1559 4145 1858 4198 interfectis
1908 4146 1983 4198 eis
2021 4144 2086 4198 N
2223 4145 2292 4199 20
2331 4144 2465 4215 esse]
2508 4149 2562 4197 et
2599 4143 2755 4197 P¹V¹

468 4246 571 4286 om.
610 4231 758 4283 NV²
897 4234 961 4287 21
1003 4233 1189 4303 fugere
1229 4237 1521 4302 potuerunt
1559 4233 1856 4289 SNVde
2033 4236 2287 4303 poterant
2337 4233 2438 4285 ΓΤ
2577 4234 2644 4287 23
2684 4234 2755 4292 in.

466 4321 614 4388 quod
638 4319 790 4374 PST
813 4322 1098 4389 praebent,
1136 4323 1341 4376 inclusi
1447 4323 1515 4377 25
1555 4323 1979 4391 intellegendum
2020 4327 2101 4374 est
2141 4322 2214 4375 bd
2354 4321 2670 4375 tributaries
2700 4323 2765 4377 N

468 4410 535 4462 26
575 4410 865 4463 noluerunt
902 4410 1006 4463 SV
1110 4412 1177 4464 27
1216 4410 1564 4481 hereditauit]
1603 4411 1877 4465 habitauit
1913 4410 2084 4464 PNT
