3076 4976
437 482 566 544 606
1141 479 1193 533 S.
1250 477 1523 532 Aureli
1580 478 2021 549 Augustini

437 693 474 737 a
520 673 682 738 de0.
731 672 876 737 inde
924 673 1031 754 qui
1070 692 1190 736 non
1228 672 1747 753 glorificauerunt
1785 673 1974 737 deum
2015 676 2127 738 aut
2164 674 2399 757 gratias
2441 678 2728 758 egerunt,

440 783 963 843 euanuerunt
1008 779 1085 842 in
1134 778 1800 863 cogitationibus
1852 780 2027 844 suis
2077 783 2154 845 et
2201 782 2727 845 obscuratum

439 890 566 950 est
611 885 1028 967 insipiens
1078 904 1209 951 cor
1255 906 1517 950 eorum
1567 890 1632 950 et
1677 887 1831 951 facti
1880 891 2032 951 sunt
2078 888 2477 953 tenebrarum
2527 889 2730 952 locus,

440 994 561 1058 nisi
609 993 770 1057 forte
818 994 928 1057 ille
978 996 1078 1057 est
1123 993 1521 1056 tenebrarum
1566 992 1771 1071 locus,
1821 994 1930 1075 qui
1979 994 2211 1076 excipit
2254 998 2734 1076 perseuerantes

439 1101 503 1163 in
578 1099 880 1181 peccatis,
947 1102 1022 1163 ut
1085 1099 1210 1181 ipsi
1278 1100 1406 1163 sint
1471 1100 1788 1178 tenebrae,
1859 1120 2123 1182 quarum
2191 1102 2298 1166 ille
2367 1105 2467 1166 est
2529 1101 2733 1176 locuS,
2799 1122 2826 1160 5

442 1224 632 1287 quem
690 1224 838 1269 uere
894 1207 1110 1269 nullus
1168 1206 1495 1269 hominum
1555 1204 1756 1270 nouit.
1815 1204 2110 1269 similiter
2157 1209 2220 1269 et
2265 1208 2449 1283 terra,
2498 1206 2562 1269 in
2613 1224 2739 1288 qua

441 1311 690 1377 habitat
732 1313 861 1389 lux,
908 1315 1124 1395 potest
1169 1311 1456 1395 intellegi
1502 1314 1669 1374 terra
1714 1310 1826 1375 illa
1873 1312 2252 1390 uiuentium,
2301 1312 2365 1375 id
2406 1314 2504 1376 est
2540 1312 2738 1376 beati-

442 1419 596 1483 tudo
656 1423 991 1502 exceptura
1043 1423 1519 1500 perseuerantes
1577 1419 1638 1482 in
1694 1419 1817 1484 fide
1876 1422 1940 1483 et
1995 1439 2106 1502 spe
2167 1426 2230 1484 et
2285 1420 2569 1497 caritate,
2629 1420 2739 1503 qui

443 1527 777 1591 fuerunt
842 1526 1280 1608 aliquando
1348 1526 1768 1604 tenebrae,
1835 1545 2041 1590 nunc
2106 1531 2374 1591 autem
2452 1528 2586 1590 lux
2661 1527 2737 1590 in

445 1632 785 1697 domino.
847 1632 915 1696 si
971 1633 1218 1698 duces
1268 1652 1382 1696 me
1431 1633 1506 1696 in
1555 1632 1763 1696 fines
1815 1636 2132 1697 eorum?
2181 1652 2304 1717 quo
2352 1653 2554 1716 usque
2601 1652 2737 1715 per-
2778 1659 2831 1696 10

445 1740 714 1803 ueniunt
770 1740 877 1822 qui
936 1740 1096 1804 tales
1155 1743 1327 1804 sunt.
1378 1738 1531 1821 quid
1579 1742 1680 1803 est
1725 1739 1913 1816 enim,
1965 1739 2074 1803 ubi
2123 1759 2243 1803 non
2297 1741 2384 1804 sit
2430 1740 2741 1822 sapientia

448 1846 569 1924 dei,
620 1864 780 1929 quae
829 1846 1196 1931 adtingit
1242 1866 1279 1909 a
1323 1847 1486 1910 fine
1537 1865 1795 1927 usque
1846 1846 1937 1910 ad
1983 1846 2233 1910 finem
2278 1847 2625 1912 fortiter
2662 1854 2741 1909 et

447 1952 816 2034 disponit
881 1953 1143 2017 omnia
1207 1953 1625 2017 suauiter‘?
1692 1953 1795 2017 cui
1855 1953 2077 2034 utique
2135 1953 2350 2017 nullus
2409 1953 2738 2017 hominum

449 2059 904 2140 comparandus
937 2063 1056 2125 est.
1098 2059 1389 2142 quodsi
1432 2062 1510 2122 et
1546 2059 1763 2123 nosti
1813 2060 2152 2124 semitas
2201 2078 2490 2134 eorum,
2539 2079 2739 2122 num·

450 2164 642 2248 quid
691 2166 856 2230 scis
908 2165 1097 2248 quia
1142 2169 1333 2230 tunc
1380 2169 1623 2229 natus
1675 2184 1755 2229 es
1811 2169 1888 2229 et
1940 2185 2318 2229 numerus
2360 2184 2740 2229 annorum
2779 2190 2830 2228 15

449 2275 768 2336 tuorum
814 2273 1169 2337 multus?
1217 2271 1445 2354 quodsi
1495 2276 1559 2335 et
1604 2274 1772 2336 nosti
1813 2272 2074 2335 semitas
2113 2273 2448 2354 inpiorum,
2492 2272 2601 2354 qui
2638 2271 2741 2335 uel

448 2377 741 2442 tenebrae
797 2389 947 2442 sunt
1002 2377 1105 2442 uel
1160 2378 1562 2443 tenebrarum
1619 2379 1822 2454 locuS,
1882 2379 2029 2460 quia
2094 2396 2311 2442 omnes
2378 2378 2571 2443 etiam
2636 2377 2743 2460 qui

451 2484 575 2548 iam
633 2482 712 2548 ad
769 2484 958 2548 deum
1016 2485 1304 2549 conuersi
1363 2487 1530 2561 sunt,
1590 2485 1652 2549 in
1709 2485 1870 2568 ipsis
1930 2485 2175 2550 semitis
2234 2485 2743 2560 ambulauerunt,

451 2594 788 2671 antequam
845 2591 1204 2672 acciperent
1259 2612 1295 2656 a
1350 2592 1465 2656 deo
1523 2592 1814 2676 gratiam,
1882 2611 2042 2674 quae
2106 2592 2417 2657 iustificat
2480 2592 2744 2675 inpium,

451 2695 761 2778 numquid
817 2697 943 2761 scis
999 2701 1210 2763 tamen
1268 2698 1416 2781 qnia
1471 2702 1624 2763 tunc
1678 2698 1795 2763 tibi
1865 2699 2074 2763 extitit
2138 2718 2331 2763 causa
2395 2699 2748 2764 mortaliter
2785 2726 2838 2764 20

454 2803 753 2868 nascendi
806 2803 870 2867 in
930 2804 1048 2867 hoc
1103 2806 1378 2882 saeculo,
1428 2824 1574 2869 cum
1624 2805 1880 2869 easdem
1928 2806 2187 2870 semitas
2236 2806 2516 2869 inierunt
2561 2805 2749 2886 primi

454 2910 782 2975 hominum
827 2914 1142 2992 parentes,
1180 2913 1289 2993 qui
1327 2913 1862 2993 praeuaricatione
1900 2913 2056 2995 inpii
2096 2913 2390 2976 manibus
2430 2915 2497 2976 et
2533 2911 2747 2976 uerbis

458 3016 881 3080 arcessierunt
943 3022 1233 3095 mortem,
1301 3022 1375 3082 ut
1438 3038 1653 3083 omnes
1720 3020 1785 3084 in
1850 3020 2051 3083 Adam
2118 3023 2559 3083 morerentur?
2625 3039 2749 3082 non

456 3122 622 3186 enim
678 3142 749 3187 ex
797 3142 920 3206 quo
971 3125 1239 3207 quisque
1295 3126 1357 3189 in
1416 3127 1531 3190 hac
1590 3127 1727 3189 uita
1781 3127 2091 3208 adparuit,
2141 3126 2604 3209 computandus
2654 3130 2752 3189 est

458 3248 758 3294 numerus
824 3249 1129 3295 annorum
1194 3232 1330 3296 eius
1395 3236 1529 3296 tam
1591 3252 1847 3314 ρει-11116,
1915 3233 2025 3297 sed
2092 3252 2164 3298 ex
2227 3254 2350 3315 quo
2414 3232 2583 3296 facta
2655 3234 2754 3296 est
2788 3258 2842 3298 25

455 3334 659 3417 prima
721 3335 1007 3400 mortalis
1073 3337 1394 3402 natiuitas.
1463 3357 1610 3401 cum
1675 3338 1840 3403 enim
1906 3338 2083 3403 uerbi
2149 3339 2352 3421 gratia
2405 3342 2594 3402 natus
2652 3340 2753 3403 est

455 3442 794 3519 Abraham,
831 3447 986 3507 tunc
1024 3461 1240 3508 omnes
1287 3444 1350 3508 in
1388 3445 1497 3508 illo
1537 3445 1807 3509 Hebraei
1857 3445 1988 3509 nati
2034 3449 2204 3509 sunt.
2254 3464 2553 3509 numerus
2603 3462 2749 3527 ergo

455 3548 799 3631 unicuique
837 3569 1137 3615 annorum
1177 3553 1421 3615 multus
1460 3557 1559 3616 est
1597 3552 1946 3617 secundum
1974 3552 2383 3616 mortalitatis
2423 3551 2747 3635 originem,

460 3673 618 3737 quae
684 3659 895 3720 exorta
957 3660 1057 3720 est
1117 3658 1181 3720 111
1249 3658 1495 3722 semitis
1561 3659 1896 3740 inpiorum.
1963 3657 2104 3740 quis
2171 3662 2386 3722 autem
2460 3657 2753 3721 meminit

459 3760 659 3825 fuisse
708 3781 775 3826 se
823 3764 954 3839 aut,
1003 3781 1148 3828 cum
1197 3767 1388 3841 esset,
1437 3765 1600 3829 scire
1646 3764 1859 3846 potuit
1896 3782 2034 3828 esse
2075 3783 2142 3827 se
2179 3763 2241 3826 in
2279 3763 2515 3827 lumbis
2553 3761 2749 3845 patris
2787 3792 2839 3831 so

640 3988 673 4040 2
711 3988 775 4043 cs.
814 3988 968 4041 Rom.
1011 3989 1057 4052 1,
1096 3990 1159 4043 21
1275 3991 1306 4043 9
1345 3989 1546 4059 Ephes,
1584 3992 1634 4053 5,
1674 3991 1706 4043 8
1822 3990 1887 4043 10
1924 3989 2020 4042 Iob
2060 3990 2145 4050 38.
2184 3989 2254 4043 20
2366 3990 2432 4043 12
2472 3989 2597 4058 Sap.
2636 3989 2685 4053 8,
2719 3990 2743 4041 l

465 4078 532 4131 14
569 4077 666 4131 Iob
706 4078 791 4140 38,
830 4079 899 4131 20
1008 4079 1076 4132 23
1116 4079 1181 4132 cf.
1220 4079 1373 4132 Rom.
1413 4081 1463 4144 ὃ,
1507 4079 1572 4133 12
1681 4080 1749 4131 27
1790 4079 1857 4132 cf.
1900 4078 2121 4144 Quaest.
2162 4078 2227 4132 de
2268 4077 2400 4132 Gen.
2438 4077 2591 4131 XXII

533 4203 568 4254 4
605 4201 933 4255 nisi—locus
970 4219 1070 4256 om.
1115 4202 1161 4257 G
1266 4206 1298 4257 5
1338 4207 1423 4257 est
1458 4203 1551 4256 ille
1588 4202 1697 4256 PC
1804 4205 1867 4256 15
1908 4205 1986 4271 es]
2025 4219 2142 4257 eras
2180 4203 2324 4256 Hier
2433 4205 2498 4256 19
2537 4219 2643 4272 qua
2679 4201 2749 4254 bd

463 4290 532 4343 20
569 4290 646 4343 ibi
683 4291 738 4344 P
861 4293 930 4345 22
967 4292 1203 4345 omnium
1240 4293 1516 4346 hominum
1558 4293 1631 4346 bd
1764 4294 1833 4346 23
1872 4296 2212 4346 accerserunt
2245 4293 2300 4345 P
2334 4296 2665 4345 arcesserunt
2707 4291 2751 4343 C

465 4384 827 4437 accersierunt
862 4382 938 4435 bd
1042 4382 1112 4435 24
1152 4385 1235 4434 est
1270 4397 1374 4434 om.
1419 4381 1520 4433 ΤΡ
1627 4382 1696 4435 28
1735 4398 1992 4434 annorum
2030 4382 2323 4451 unicuique
2362 4381 2435 4435 bd
