3076 4976
400 491 528 554 304
1111 484 1164 538 S.
1223 482 1494 537 Aureli
1550 481 1986 551 Augustini

402 682 633 765 quibus
700 680 1229 745 intermitteretur
1280 679 1613 744 incensum
1673 681 1802 755 aut,
1862 677 1916 742 si
1971 677 2129 741 illud
2184 676 2520 741 intermitti
2576 696 2697 741 non

400 793 640 871 posset,
691 787 859 870 quod
908 786 1159 851 nonnisi
1214 806 1325 870 per
1381 805 1704 851 summum
1762 784 2152 850 sacerdotem
2211 803 2469 849 necesse
2531 786 2702 849 esset

402 896 638 980 inponi,
678 913 797 960 non
847 892 1027 958 fieret
1069 893 1412 957 inmundus
1462 892 1635 956 coitu
1684 891 2002 975 coniugali
2050 891 2275 956 merito
2323 889 2700 973 praecipuae

406 999 925 1067 sanctificationis
985 1018 1158 1064 suae.
1239 1002 1349 1063 aut
1405 998 1460 1063 si
1516 997 1709 1062 etiam
1765 997 1841 1061 ad
1898 997 2107 1079 ipsum
2173 996 2468 1080 pertinet,
2533 996 2700 1079 quod

406 1109 482 1173 de
549 1106 839 1172 omnibus
905 1106 1054 1170 filiis
1111 1107 1320 1170 Aaron
1377 1105 1439 1169 in
1499 1104 2041 1186 consequentibus
2107 1103 2281 1177 dicit,
2348 1104 2423 1168 ut
2485 1103 2700 1167 nullus
2762 1120 2788 1159 5

407 1234 623 1279 eorum
674 1212 935 1278 accedat
980 1213 1059 1277 ad
1108 1216 1343 1289 sancta,
1395 1212 1448 1276 si
1499 1212 1601 1276 cui
1650 1211 1892 1293 aliquid
1931 1210 2229 1275 acciderit
2264 1209 2701 1285 inmunditiae,

407 1321 567 1387 illud
618 1321 901 1404 profecto
949 1323 1152 1384 restat
1197 1319 1497 1400 accipere,
1556 1318 1725 1401 quod
1780 1318 2100 1382 nonnullis
2158 1316 2381 1380 diebus
2440 1335 2563 1381 non
2611 1315 2702 1379 in-

409 1427 763 1509 ponebatur
809 1426 1155 1489 incensum.

495 1533 839 1597 LXXXIII.
928 1532 1112 1612 Quod
1179 1537 1390 1596 autem
1459 1551 1648 1614 super
1713 1531 1901 1596 funus
1969 1532 2167 1614 patris
2235 1531 2335 1596 sui
2410 1549 2701 1595 summus

410 1639 704 1704 sacerdos
752 1640 1126 1722 prohibetur
1170 1639 1422 1716 intrare,
1472 1638 1689 1722 quaeri
1736 1641 1968 1721 potest,
2021 1638 2338 1721 quomodo
2385 1639 2513 1703 iam
2560 1656 2699 1702 esse
2743 1655 2793 1693 ιο

409 1748 663 1828 poterat
710 1766 1000 1810 summus
1050 1746 1343 1810 sacerdos
1391 1746 1671 1809 nondum
1717 1749 1967 1810 mortuo
2016 1749 2192 1828 patre
2236 1766 2370 1822 su0,
2411 1765 2553 1809 cum
2596 1763 2704 1809 eos

411 1852 699 1935 patribus
750 1852 1087 1917 succedere
1136 1853 1373 1917 iubeat.
1450 1852 1590 1916 ideo
1641 1872 1900 1917 necesse
1950 1858 2084 1916 erat
2129 1853 2405 1917 nondum
2454 1852 2703 1934 sepulto

412 1979 661 2024 summo
720 1958 1046 2023 sacerdote
1104 1959 1400 2024 continuo
1460 1960 1766 2023 substitui
1825 1960 2217 2024 sacerdotem
2264 1962 2519 2042 propter
2564 1978 2705 2023 con-

411 2066 786 2131 tinuationis
843 2067 1195 2142 incensum,
1255 2065 1422 2147 quod
1477 2085 1590 2147 per
1646 2086 1966 2130 summum
2025 2066 2419 2130 sacerdotem
2475 2065 2706 2130 cotidie

416 2173 747 2255 oportebat
792 2173 1024 2255 inponi.
1101 2193 1480 2254 quamquam
1544 2176 1607 2237 et
1662 2172 1774 2237 illa
1830 2173 2118 2254 quaestio
2178 2172 2254 2236 de
2312 2171 2705 2255 aegritudine
2751 2188 2796 2227 ¹⁵

414 2279 649 2344 summi
698 2280 1044 2343 sacerdotis
1085 2283 1321 2361 manet,
1361 2280 1416 2343 si
1453 2279 1559 2343 uel
1597 2279 1975 2343 moriturum
2013 2297 2269 2344 necesse
2309 2281 2444 2343 erat
2481 2277 2705 2342 diebus

417 2386 737 2469 aliquibus
789 2390 1145 2469 aegrotare;
1194 2385 1318 2449 nisi
1366 2387 1524 2450 forte
1575 2390 1639 2450 et
1684 2386 1804 2449 hoc
1851 2386 1941 2450 ita
1988 2387 2296 2462 soluatur,
2345 2390 2419 2449 ut
2464 2385 2709 2449 dicatur

415 2512 535 2557 non
610 2494 809 2557 solere
877 2511 1159 2556 summos
1228 2492 1588 2555 sacerdotes
1654 2492 1776 2555 nisi
1844 2493 2057 2558 subito
2123 2493 2283 2557 mori
2348 2512 2467 2557 non
2535 2512 2708 2573 prae-

417 2600 681 2663 cedente
741 2598 1154 2681 aegritudine,
1215 2598 1384 2662 sicut
1440 2598 1513 2662 de
1570 2599 1711 2680 ipso
1768 2599 1973 2663 Aaron
2041 2600 2353 2682 scriptura
2417 2603 2706 2664 testatur.

506 2706 886 2769 LXXXIIII.
933 2704 1409 2769 Aduertendum
1450 2708 1550 2768 est
1589 2706 1879 2786 quotiens
1920 2705 2107 2770 dicit:
2158 2727 2298 2790 ego
2339 2707 2707 2772 dominus
2746 2728 2798 2766 20

421 2812 556 2894 qui
607 2812 1054 2876 sanctifico
1106 2830 1295 2889 eum,
1343 2812 1609 2894 loquens
1660 2812 1735 2876 de
1784 2814 2130 2890 sacerdote,
2171 2834 2314 2878 cum
2353 2815 2473 2878 boc
2512 2815 2702 2878 etiam

590 2971 624 3022 4
665 2969 729 3025 cf.
770 2970 898 3022 Leu.
929 2969 1014 3030 21,
1057 2969 1122 3021 17
1163 2986 1279 3038 sqq.
1368 2971 1401 3022 9
1439 2969 1568 3023 Leu.
1596 2970 1682 3032 21,
1717 2971 1809 3034 11;
1849 2970 2086 3028 Retract.
2125 2972 2179 3024 11
2218 2975 2286 3026 55
2324 2973 2571 3042 Itemque
2610 2971 2703 3025 ubi

417 3058 720 3127 quaesitum
760 3062 843 3111 est
882 3057 1147 3127 quomodo
1187 3058 1492 3127 prohibitus
1529 3063 1676 3112 esset
1704 3075 1864 3129 super
1892 3060 2052 3113 funus
2082 3061 2250 3130 patris
2280 3061 2529 3116 sacerdos
2560 3078 2702 3114 sum-

415 3164 534 3200 mus
572 3148 790 3209 intrare,
832 3163 949 3201 cum
991 3163 1110 3199 eum
1150 3147 1264 3199 fieri
1303 3147 1639 3201 sacerdotem
1669 3179 1735 3187 —
1768 3148 1983 3216 quando
2023 3166 2158 3202 unus
2200 3153 2314 3202 erat
2342 3182 2411 3190 —
2438 3151 2541 3203 nisi
2583 3153 2706 3220 post

415 3239 641 3287 mortem
689 3232 984 3288 sacerdotis
1032 3235 1201 3304 patris
1250 3253 1355 3288 non
1408 3239 1697 3304 oporteret,
1739 3236 1849 3290 dixi
1886 3243 2109 3307 propter
2144 3239 2245 3292 hoc
2282 3255 2500 3292 necesse
2537 3239 2704 3292 fuisse

416 3323 651 3376 nondum
690 3324 902 3392 sepulto
943 3329 1096 3393 patre
1137 3325 1324 3376 statim
1363 3328 1490 3394 post
1528 3325 1644 3377 eius
1682 3328 1909 3378 mortem
1947 3326 2115 3380 filium
2157 3328 2272 3381 cius
2312 3328 2569 3380 constitui
2613 3328 2705 3397 qui

415 3411 725 3466 succederet
771 3413 912 3481 patri
960 3417 1182 3481 propter
1229 3413 1394 3466 etiam
1442 3414 1865 3468 continuationis
1905 3414 2179 3468 incensum
2220 3417 2364 3485 quod
2401 3416 2485 3470 bis
2524 3417 2579 3469 in
2618 3415 2703 3471 die

416 3518 632 3554 necesse
691 3505 807 3554 erat
854 3501 1028 3554 offerri
1077 3503 1168 3571 qui
1217 3502 1465 3555 sacerdos
1514 3519 1676 3572 super
1721 3508 1948 3557 mortem
1998 3504 2234 3558 nonduin
2283 3506 2482 3576 sepulti
2534 3507 2705 3575 patris

415 3589 732 3659 prohibetur
767 3589 984 3642 intrare.
1025 3590 1120 3643 sed
1149 3607 1335 3660 parum
1366 3591 1588 3645 adtendi
1619 3593 1861 3662 potuisse
1891 3593 1992 3646 hoc
2022 3594 2257 3664 praecipi
2288 3596 2461 3664 magis
2486 3598 2708 3664 propter

415 3678 536 3731 illos
575 3680 665 3747 qui
691 3679 860 3731 futuri
891 3678 1106 3732 fucrant
1132 3680 1326 3732 summi
1357 3679 1664 3733 sacerdotes
1691 3697 1797 3733 non
1827 3680 2076 3751 patribus
2108 3683 2328 3735 summis
2358 3683 2705 3737 succedentes

418 3767 512 3820 sed
558 3771 739 3820 tamen
788 3785 848 3821 ex
895 3768 1039 3831 filiis,
1079 3768 1136 3821 id
1185 3774 1268 3821 est
1315 3787 1376 3821 ex
1416 3770 1646 3838 posteris
1680 3769 1877 3833 Aaron,
1917 3773 1961 3824 si
2003 3770 2141 3824 sorte
2181 3789 2419 3826 summus
2457 3772 2707 3826 sacerdos

417 3859 510 3909 aut
558 3856 699 3909 filios
747 3874 852 3910 non
903 3855 1130 3909 haberet
1177 3859 1272 3909 aut
1320 3857 1399 3910 ita
1443 3856 1697 3926 reprobos
1744 3856 1987 3922 haberet,
2030 3865 2091 3912 ut
2128 3861 2306 3914 nullus
2345 3878 2526 3914 eorum
2564 3864 2708 3931 patri

418 3944 640 3997 deberet
684 3944 995 3997 succedere:
1047 3946 1186 3998 sicut
1237 3947 1452 4000 Samuel
1500 3962 1709 4002 summo
1758 3948 2026 4002 sacerdoti
2075 3950 2200 4002 Heli
2256 3951 2529 4014 successit,
2588 3968 2709 4005 cum

418 4033 712 4087 sacerdotis
761 4034 902 4087 filius
951 4035 1066 4102 ipse
1115 4052 1222 4087 nou
1271 4041 1414 4088 esset
1461 4036 1557 4089 sed
1593 4040 1776 4090 tamen
1817 4054 1875 4090 ex
1914 4038 2057 4098 filiis,
2098 4038 2200 4093 hoc
2238 4043 2322 4093 est
2369 4057 2429 4093 ex
2476 4043 2708 4110 posteris

421 4125 564 4175 esset
600 4122 778 4175 Aaron
893 4125 956 4177 19
997 4124 1062 4176 cf.
1105 4124 1264 4178 Num.
1306 4126 1390 4188 20,
1431 4125 1646 4179 26-29
1757 4127 1825 4180 20
1864 4128 1994 4181 Leu.
2037 4130 2122 4193 21,
2165 4131 2228 4182 15

490 4230 522 4281 5
563 4227 697 4281 dicit
733 4231 817 4298 ut]
857 4227 1064 4308 dicitur
1092 4230 1159 4283 N
1280 4233 1311 4286 6
1352 4233 1622 4286 accederit
1666 4233 1713 4287 C
1845 4236 1875 4287 7
1915 4235 2175 4305 profecto]
2216 4241 2534 4306 propeccato
2572 4237 2716 4291 P²V

423 4317 487 4368 12
526 4333 739 4371 succere
779 4318 825 4371 S
933 4320 997 4374 16
1038 4319 1084 4373 si
1123 4321 1233 4389 uel]
1277 4322 1322 4374 si
1363 4321 1450 4374 uel
1493 4323 1534 4389 (1
1573 4338 1615 4376 s.
1657 4323 1692 4377 l.
1732 4340 1799 4376 m.
1840 4327 1875 4374 2
1914 4324 2065 4390 add.)
2105 4325 2160 4378 P
2196 4326 2311 4379 siue
2360 4326 2412 4379 V
2524 4328 2587 4381 21
2629 4327 2710 4381 lo-

422 4422 552 4474 qucs
599 4405 644 4459 C
677 4423 777 4461 om.
818 4407 864 4461 S
1003 4408 1106 4462 hoc
1145 4426 1246 4464 om.
1287 4409 1332 4466 Β
