3076 4976
576 529 1052 594 Quaestionum
1090 527 1200 581 lib.
1239 528 1295 582 11
1336 526 1625 592 (Quaest.
1668 528 1740 581 de
1779 528 2038 593 Exodo).
2321 532 2443 594 117

177 745 417 810 graecus
479 722 823 809 ἀποσκευὴν
879 725 1089 801 habet,
1146 724 1256 789 ubi
1322 724 1902 800 „substantiam“
1967 724 2202 787 latinus
2259 725 2446 788 inter-

175 836 438 914 pretatus
487 836 606 906 est,
658 831 825 914 quod
873 831 1208 913 aliquando
1266 837 1641 906 „censum“
1691 830 2178 912 interpretamur
2225 833 2445 908 nostri,

174 938 324 1002 sicut
380 957 547 1002 nunc
612 939 1142 1012 „instructu1n“
1209 937 1415 1001 dicere
1472 936 1816 1010 uoluimUS,
1877 937 2028 1001 dum
2092 940 2301 1002 tamen
2371 958 2443 1002 eo

170 1046 403 1109 nomine
444 1049 510 1109 et
549 1045 836 1109 homines
876 1049 938 1109 et
974 1045 1259 1108 iumenta
1295 1044 1399 1106 uel
1448 1044 1656 1107 omnia
1702 1063 1929 1124 pecora
1972 1044 2443 1128 intellegantur.

119 1175 141 1213 ⁵
171 1152 265 1216 ubi
312 1153 501 1216 etiam
555 1156 765 1216 utrum
816 1155 881 1216 et
926 1170 1147 1215 uxores
1196 1151 1445 1232 possint
1499 1150 1787 1233 intellegi
1844 1151 2076 1217 nescio.
2155 1156 2444 1215 sescenta

167 1264 357 1323 tamen
423 1259 603 1323 milia
669 1257 953 1340 peditum
1024 1277 1169 1320 cum
1235 1256 1548 1338 scriptura
1604 1261 2052 1321 commemoret
2097 1258 2330 1322 addens
2380 1263 2445 1323 et

168 1365 393 1430 dicens:
454 1369 764 1447 excepto
824 1365 1211 1428 instructu
1262 1364 1365 1427 uel
1415 1383 1643 1427 censu
1692 1364 1796 1427 uel
1857 1365 2291 1429 substantia
2338 1367 2443 1430 uel

167 1473 212 1534 si
264 1491 381 1552 quo
439 1473 567 1536 alio
626 1471 819 1536 uerbo
876 1471 1103 1535 melius
1161 1470 1610 1553 interpretatur
1656 1468 1984 1554 ἀποσκευῇ,
2034 1472 2440 1536 manifestum

166 1582 253 1642 est
304 1584 365 1642 et
420 1579 712 1643 homines
771 1578 1160 1660 significatos
1219 1577 1354 1641 siue
1401 1577 1462 1640 in
1514 1578 1715 1641 seruis
1774 1577 1911 1642 siue
1960 1578 2021 1641 in
2070 1579 2440 1642 mulieribus

93 1687 286 1749 msiue
342 1686 403 1748 in
464 1686 567 1749 his
639 1684 974 1762 aetatibus,
1042 1704 1200 1765 quae
1260 1684 1527 1747 militiae
1586 1703 1704 1747 non
1769 1688 1984 1749 essent
2036 1685 2318 1756 idoneae,
2370 1689 2442 1750 ut

164 1797 432 1857 sescenta
482 1794 662 1856 milia
707 1793 993 1875 peditum
1043 1792 1103 1855 in
1156 1792 1244 1855 eis
1295 1792 1448 1855 solis
1507 1793 1975 1874 intellegamus,
2025 1793 2133 1874 qui
2178 1797 2440 1874 possent

163 1899 397 1963 militari
446 1900 702 1983 agmine
749 1899 993 1963 armari.

239 2005 459 2085 Quaeri
532 2011 747 2071 autem
815 2008 998 2083 solet,
1066 2011 1279 2070 utrum
1346 2005 1425 2068 ad
1481 2009 1731 2069 tantum
1788 2026 2118 2070 numerum
2167 2007 2438 2070 Hebraei

160 2118 465 2194 peruenire
516 2114 842 2195 potuerint
886 2133 997 2196 per
1044 2133 1151 2177 eos
1201 2132 1395 2176 annos
1442 2113 1503 2175 in
1537 2115 1848 2196 Aegypte,
1899 2133 2057 2194 quos
2107 2113 2437 2176 ostendere

88 2242 128 2280 15
159 2221 579 2284 consideratus
634 2221 697 2283 in
758 2221 1085 2301 scripturis
1142 2239 1442 2283 numerus
1499 2224 1729 2302 potest.
1808 2221 1912 2302 qui
1972 2220 2246 2300 primum
2296 2221 2437 2283 anni

156 2330 297 2405 quot
356 2328 597 2392 fuerint
661 2347 782 2390 non
848 2347 1043 2408 parua
1107 2328 1394 2409 quaestio
1462 2331 1579 2391 est.
1657 2327 1812 2391 dicit
1885 2327 2048 2390 enim
2127 2327 2281 2390 deus
2359 2328 2436 2391 ad

155 2431 472 2511 Abraham,
537 2453 682 2499 cum
740 2434 979 2498 factum
1037 2438 1207 2499 esset
1250 2434 1411 2498 illud
1460 2433 1839 2498 sacrificium
1889 2435 1962 2498 de
2011 2453 2205 2499 uacca
2250 2435 2436 2499 trima

157 2542 212 2602 et
244 2560 421 2623 capra
471 2544 539 2604 et
575 2541 771 2604 ariete
820 2544 883 2603 et
919 2544 1164 2605 turture
1214 2545 1277 2605 et
1316 2542 1627 2617 columba,
1670 2545 2006 2623 antequam
2055 2561 2175 2605 non
2226 2543 2433 2606 solum

154 2647 313 2711 Isaac
360 2648 475 2712 sed
524 2666 642 2713 nec
688 2648 963 2711 Ismahel
1030 2648 1284 2729 quidem
1352 2651 1535 2712 natus
1607 2654 1803 2715 esset:
1864 2649 2168 2713 sciendo
2239 2651 2432 2713 scies

80 2780 123 2814 κο
154 2756 309 2835 quia
367 2755 857 2839 peregrinum
924 2755 1070 2818 erit
1130 2773 1380 2819 semen
1445 2758 1652 2819 tuum
1709 2756 1780 2819 in
1841 2760 2043 2820 terra
2090 2778 2228 2821 non
2278 2777 2433 2841 pro-

151 2861 314 2942 pria,
372 2867 447 2927 et
502 2863 577 2926 in
638 2861 1091 2925 seruitutem
1151 2861 1496 2945 redigent
1545 2881 1668 2925 eos
1721 2866 1792 2925 et
1841 2865 2220 2928 nocebunt
2267 2866 2430 2931 illis

153 2969 723 3053 quadringentis
783 2968 1013 3032 annis
1094 2968 1147 3032 si
1207 2988 1352 3051 ergo
1402 2968 1897 3051 quadringentos
1947 2990 2141 3034 annos
2192 2973 2283 3035 sic
2333 2993 2434 3037 ac-

151 3076 511 3156 ceperimus,
579 3081 651 3140 ut
715 3076 777 3139 in
846 3075 1154 3141 seruitute
1222 3076 1339 3139 sub
1390 3076 1722 3158 Aegyptiis
1790 3077 2259 3161 intellegantur,
2310 3101 2429 3145 non

150 3200 398 3261 paruum
475 3182 755 3264 spatium
829 3181 1134 3265 temporis
1202 3182 1344 3257 fuit,
1412 3201 1535 3263 quo
1612 3182 1701 3245 ita
1772 3184 2046 3264 populns
2126 3186 2430 3267 multipli-

74 3309 119 3347 25
149 3294 394 3353 caretur.
447 3290 559 3352 sed
601 3291 699 3353 tot
736 3309 929 3353 annos
978 3308 1097 3353 non
1146 3288 1345 3351 fnisse
1393 3288 1791 3368 apertissimo
1839 3289 2070 3353 indicio
2121 3291 2432 3373 scriptura

144 3398 417 3461 testatur.

308 3660 371 3711 l‘c’
415 3658 482 3711 cf.
525 3658 658 3711 Gen.
704 3659 785 3719 15,
827 3660 858 3711 9
973 3659 1035 3711 19
1077 3658 1209 3713 Gen.
1256 3660 1335 3717 15,
1382 3660 1474 3713 13:
1517 3660 1582 3711 cf.
1626 3659 1690 3711 de
1731 3659 1832 3710 eiu.
1874 3658 1959 3710 dei
2005 3660 2084 3717 16.
2126 3662 2193 3712 24

212 3835 234 3885 1
275 3851 579 3903 aposceuen
627 3833 941 3887 CPSNVT
1083 3833 1393 3886 substantia
1437 3834 1483 3885 (J
1615 3836 1646 3885 2
1689 3833 2331 3903 quod—interpretantur
2367 3839 2428 3890 in

147 3937 235 3990 my,
271 3923 373 3990 ins.
414 3941 484 3979 m.
525 3927 567 3977 2
600 3924 647 3976 C
750 3924 787 3975 4
825 3923 1217 3991 intelleguntur
1252 3922 1317 3975 0¹
1418 3924 1450 3975 5
1490 3924 1694 3990 utrum]
1734 3923 1833 3975 uiri
1866 3922 1896 3975 b
2005 3931 2232 3991 possunt
2259 3926 2434 3979 PNJ·

145 4017 351 4076 possent
400 4012 505 4066 V¹b
617 4015 648 4066 5
691 4018 763 4077 (et
806 4013 892 4077 11)
934 4016 1184 4065 sexcenta
1220 4011 1510 4065 PSVde
1628 4013 1659 4063 6
1699 4016 2083 4064 commemorat
2121 4014 2231 4065 ΡΤ
2373 4020 2428 4067 et

146 4098 332 4153 addens
377 4102 427 4154 C
532 4102 565 4155 8
606 4102 733 4170 quo]
775 4118 834 4155 co
872 4102 919 4154 (J
1058 4118 1360 4170 aposceuue
1396 4100 1441 4153 C
1475 4117 1736 4169 aposceue
1765 4101 2037 4154 PSNVT
2071 4120 2362 4171 αποσκευην
2395 4102 2425 4154 b

146 4188 200 4239 ll
240 4196 467 4258 possunt
502 4190 570 4243 N
679 4191 744 4243 12
784 4190 978 4243 armati
1024 4189 1074 4242 T
1181 4192 1245 4243 16
1287 4190 1440 4257 quot]
1485 4189 1626 4257 quod
1668 4189 1770 4241 CN
1916 4194 1999 4242 est
2036 4207 2136 4243 om.
2179 4190 2208 4240 b
2357 4190 2424 4242 ad

143 4292 235 4330 om.
281 4279 329 4332 T
475 4281 538 4334 17
578 4280 875 4333 habraham
914 4278 960 4332 S
1099 4280 1227 4333 illuc
1266 4279 1320 4331 1>
1468 4282 1530 4331 18
1571 4283 1775 4331 turtore
1822 4279 1867 4331 0
2003 4279 2066 4331 19
2105 4278 2294 4330 ismael
2341 4278 2426 4331 Τά

144 4364 353 4421 hismael
392 4367 425 4419 b
570 4369 709 4422 scias
754 4368 874 4423 de
964 4369 1025 4421 21
1070 4369 1335 4421 seruitute
1366 4368 1532 4420 PVT
1620 4370 1687 4421 22
1727 4366 2152 4435 quadringentos
2190 4384 2356 4420 annos
2389 4368 2427 4420 d

142 4454 201 4505 23
238 4458 317 4523 ut]
359 4464 418 4511 et
456 4457 520 4510 N
661 4459 925 4511 seruitute
972 4457 1080 4510 CN
1185 4460 1250 4511 25
1292 4456 1491 4511 iudicio
1533 4457 1565 4509 b
