3076 4976
493 482 618 543 194
1192 479 1244 531 S.
1301 476 1580 531 Aureli
1637 479 2073 548 Augustini

577 673 823 739 CLVII.
894 672 1061 752 Quid
1110 676 1207 736 est
1256 674 1422 754 quod
1471 674 1703 738 dicitur
1758 674 1838 737 ad
1885 675 2179 758 Moysen:
2240 676 2561 741 adtende
2619 679 2784 757 tibi,

488 800 574 845 ne
634 780 931 863 quando
992 783 1220 861 ponat
1276 783 1813 845 testamentum
1870 782 1987 846 his
2047 782 2171 864 qui
2228 784 2498 847 sedent
2563 804 2789 868 super

483 887 798 955 terram?
871 907 991 951 non
1059 886 1225 950 enim
1290 887 1480 951 habet
1525 906 1790 971 graecus
1847 909 1958 963 „ne
2009 890 2256 971 quando
2305 898 2568 973 ponas“‚
2638 894 2781 958 sed:

487 1014 571 1058 ne
621 994 911 1077 quando
961 996 1205 1074 ponat.
1258 1013 1332 1057 an
1377 994 1540 1057 forte
1590 994 1666 1058 de
1711 995 1947 1076 populo
1988 997 2045 1059 ei
2085 995 2291 1060 dicere
2330 997 2557 1075 uoluit,
2599 1001 2783 1065 ouius

484 1101 621 1183 ipse
690 1102 914 1165 ductor
977 1100 1143 1163 fuit?
1210 1099 1323 1163 sed
1380 1118 1499 1164 non
1559 1100 1696 1181 ipse
1761 1101 2108 1165 introduxit
2160 1102 2468 1184 populum
2524 1104 2587 1168 in
2646 1125 2782 1170 eam
2848 1129 2876 1167 ⁵

481 1214 736 1285 terram,
794 1207 906 1270 ubi
961 1206 1258 1288 prohibet
1312 1206 1456 1289 poni
1514 1210 1969 1271 testamentum
2028 1227 2171 1273 cum
2230 1210 2321 1273 eis
2381 1211 2489 1292 qui
2553 1212 2614 1275 in
2670 1213 2785 1276 illa

481 1314 877 1377 habitabant.
953 1314 1183 1376 mirum
1241 1312 1456 1395 itaque
1512 1314 1852 1377 locutionis
1911 1334 2112 1398 genus
2170 1320 2270 1379 est
2325 1320 2388 1380 et
2442 1318 2645 1382 adhuc
2691 1318 2784 1383 in-

479 1425 809 1502 expertum
850 1421 949 1483 uel
991 1439 1109 1483 non
1151 1419 1694 1495 animaduersum3
1745 1419 1799 1483 si
1847 1423 2056 1484 tamen
2104 1422 2342 1486 locutio
2393 1426 2491 1487 est
2537 1443 2609 1487 ac
2656 1445 2778 1488 non

477 1547 708 1591 sensus
758 1526 1009 1607 aliquis.

571 1632 846 1698 CLVIII.
900 1632 1057 1698 Cum
1105 1634 1494 1716 praeciperet
1542 1633 1699 1697 deus
1748 1632 1825 1697 ad
1864 1634 2127 1717 Moysen
2174 1634 2465 1716 loquenS‚
2513 1639 2589 1699 ut
2633 1636 2779 1700 data
2818 1662 2875 1701 ιο

479 1745 644 1805 terra
697 1740 760 1803 in
820 1743 1135 1822 potestate
1184 1739 1384 1803 omnis
1432 1738 1727 1803 idolatria
1775 1743 2167 1803 euerteretur
2211 1760 2326 1804 nec
2374 1741 2780 1807 adorarentur

483 1848 544 1911 di
595 1847 804 1923 alieni,
856 1850 975 1911 ait:
1036 1848 1382 1911 dominus
1441 1848 1630 1910 enim
1692 1847 1871 1910 deus
1930 1847 2182 1911 zelans
2239 1867 2531 1924 nomen,
2592 1849 2774 1914 deus

479 1956 767 2019 zelator
804 1956 939 2030 est,
979 1954 1043 2017 id
1084 1962 1208 2017 est:
1251 1973 1477 2017 nomen
1515 1954 1749 2036 ipsum,
1784 1953 1953 2035 quod
1992 1953 2286 2018 dominus
2326 1955 2481 2018 deus
2523 1955 2775 2031 dicitur,

479 2062 685 2125 zelans
737 2064 854 2137 est,
906 2061 1052 2142 quia
1101 2061 1257 2124 deus
1307 2062 1545 2124 zelator
1592 2064 1706 2123 est.
1789 2059 1957 2141 quod
2004 2079 2125 2124 non
2176 2061 2486 2125 humanae
2535 2066 2775 2143 pertur-

476 2168 750 2233 bationis
800 2168 961 2232 uitio
1009 2168 1165 2231 facit
1212 2167 1369 2231 deus
1420 2186 1673 2247 semper
1719 2170 1909 2247 atque
1958 2167 2128 2230 omni
2183 2167 2369 2232 modo
2425 2168 2773 2232 incommu·
2814 2195 2868 2234 ιε

476 2275 694 2338 tabilis
753 2278 944 2356 atque
1001 2275 1418 2355 tranquillum
1478 2274 1591 2337 sed
1650 2274 1767 2337 hoc
1822 2273 2015 2336 uerbo
2074 2273 2312 2337 indicat
2364 2294 2484 2338 non
2540 2274 2774 2357 inpune

474 2381 725 2463 plebem
777 2400 958 2444 suam
1003 2400 1113 2462 per
1161 2379 1400 2442 alienos
1450 2379 1602 2441 deos
1650 2378 2117 2442 fornicaturam.
2167 2378 2430 2443 ductum
2469 2384 2570 2443 est
2606 2381 2771 2444 enim

475 2488 741 2552 uerbum
816 2491 996 2569 tropo
1071 2486 1442 2568 metaphora
1514 2506 1551 2549 a
1628 2487 1760 2549 zelo
1836 2485 2141 2562 maritali,
2220 2505 2342 2567 quo
2411 2487 2771 2550 castitatem

473 2595 757 2659 custodit
805 2594 1036 2669 uxoriS‚
1096 2593 1264 2675 quod
1313 2592 1492 2656 nobis
1538 2592 1857 2673 prodeest,
1907 2612 2026 2656 non
2077 2592 2215 2656 deo.
2273 2593 2416 2674 quis
2455 2593 2621 2657 enim
2658 2595 2772 2658 tali

474 2720 697 2784 genere
727 2700 1157 2764 fornicationis
1191 2699 1305 2761 deo
1338 2699 1669 2763 nocuerit?
1709 2698 1818 2762 sed
1858 2699 1981 2762 sibi
2020 2699 2385 2781 plurimum,
2427 2702 2500 2763 ut
2533 2703 2769 2782 pereat.
2808 2731 2866 2771 20

475 2808 644 2889 quod
693 2808 847 2871 deus
897 2807 1189 2888 prohibet
1234 2810 1465 2870 terrore
1516 2804 1896 2888 grauissimo
1946 2805 2253 2869 zelantem
2300 2824 2367 2869 se
2416 2806 2769 2888 appellans:

478 2915 582 2978 cui
635 2914 868 2978 dicitur
913 2914 974 2977 in
1024 2914 1297 2996 psalmo:
1355 2911 1767 2995 perdidisti
1828 2931 2111 2975 omnem
2169 2912 2294 2992 qui
2342 2913 2771 2976 fornicatur

475 3021 604 3083 abs
655 3023 755 3092 te;
806 3019 988 3083 mihi
1039 3022 1286 3082 autern
1336 3018 1742 3081 adhaerere
1790 3017 1922 3081 deo
1971 3017 2244 3081 bonum
2292 3021 2428 3082 est.
2498 3017 2768 3099 denique

471 3127 790 3208 sequitur:
866 3145 951 3189 ne
1007 3127 1203 3189 forte
1261 3143 1490 3207 ponas
1550 3126 2088 3188 testamentum
2144 3123 2260 3187 his
2318 3125 2445 3206 qui
2502 3124 2770 3189 sedent

474 3252 701 3316 super
748 3236 1017 3295 terram
1067 3234 1140 3295 et
1184 3231 1662 3295 fornicentur
1706 3234 1881 3312 post
1927 3230 2103 3293 deos
2154 3249 2427 3294 eorum.
2803 3265 2863 3304 2⁵

564 3338 870 3404 CLVIIII.
948 3337 1115 3416 Quid
1170 3338 1286 3400 ait:
1353 3357 1492 3400 non
1555 3335 1942 3400 uideberis
1999 3336 2071 3399 in
2130 3340 2538 3418 conspectu
2603 3356 2762 3401 meo

470 3445 761 3510 inanis?
827 3445 996 3508 sicut
1048 3444 1330 3508 indicant
1385 3444 1882 3518 circumstantia,
1934 3444 2009 3506 de
2058 3443 2290 3525 quibus
2338 3444 2640 3526 loquitur,
2690 3445 2763 3507 in

652 3656 675 3707 1
721 3653 816 3707 Ex.
857 3653 942 3715 34,
986 3653 1050 3705 12
1165 3654 1227 3704 10
1267 3652 1331 3704 cf.
1373 3651 1463 3704 Ex.
1505 3652 1592 3715 34,
1628 3652 1711 3706 13.
1745 3653 1808 3704 14
1924 3653 1990 3705 12
2028 3651 2121 3706 Ex.
2154 3653 2337 3712 34,14
2447 3653 2517 3706 22
2556 3652 2642 3706 Ps.
2672 3653 2758 3714 72,

467 3743 556 3795 27.
598 3741 667 3795 28
777 3743 844 3793 24
885 3741 975 3794 Ex.
1016 3741 1103 3801 34,
1146 3742 1211 3794 15
1322 3742 1390 3793 26
1430 3740 1524 3793 Ex.
1565 3741 1651 3801 34,
1692 3742 1762 3794 20

540 3868 573 3919 2
611 3883 780 3935 ponas
828 3865 875 3917 V
982 3865 1014 3917 3
1053 3866 1160 3932 θῇς
1207 3864 1276 3917 Ti
1381 3866 1415 3917 4
1455 3866 1503 3918 ei
1544 3882 1644 3918 om.
1685 3864 1870 3918 P¹SV
1973 3866 2006 3918 5
2046 3864 2234 3917 doctor
2262 3863 2468 3918 P¹S¹V
2578 3865 2641 3918 10
2680 3866 2758 3917 lo-

468 3972 638 4024 quens
669 3954 734 4006 ad
763 3970 980 4023 moysen
1005 3953 1160 4006 PSA·
1178 3954 1280 4006 VT
1389 3956 1449 4008 11
1492 3957 1768 4023 potestate
1796 3953 1843 4007 S
1966 3953 2254 4007 idolatriae
2284 3957 2592 4006 uerteretur
2617 3952 2760 4007 P¹S¹

468 4047 771 4097 uerteretur
818 4043 868 4095 V
990 4044 1053 4095 12
1094 4042 1170 4095 dii
1207 4042 1554 4096 128lede
1697 4043 1791 4095 alii
1838 4042 1888 4096 Τ
2027 4043 2170 4095 zelas
2210 4042 2255 4095 C
2382 4043 2446 4096 13
2485 4042 2760 4095 zelator—

468 4133 524 4187 id
565 4137 648 4186 est
687 4149 789 4187 om.
827 4132 892 4185 N
1028 4131 1206 4200 ipsum
1243 4147 1436 4184 nomen
1476 4131 1717 4184 1²1⁷de
1827 4133 1890 4184 17
1932 4131 2061 4184 deus
2090 4131 2155 4183 N
2261 4131 2327 4185 18
2363 4130 2629 4184 metafom
2659 4128 2770 4182 FN

466 4221 822 4291 methaphora
867 4220 915 4273 T
1090 4218 1236 4286 quod
1273 4218 1529 4273 P¹SVbd
1676 4221 1740 4273 19
1780 4218 1976 4288 prode·
2007 4227 2096 4284 (nv
2137 4218 2266 4275 aad.
2306 4238 2374 4273 m.
2414 4221 2475 4289 2)
2519 4219 2563 4272 C
2596 4217 2761 4289 prod-

468 4315 552 4363 est
589 4307 936 4364 PSNVde
1059 4308 1127 4361 20
1161 4305 1263 4360 sibi
1302 4323 1368 4360 ea:
1403 4306 1502 4361 sub
1544 4308 1597 4360 P
1721 4308 1789 4360 22
1828 4306 2126 4377 perdedisti
2159 4309 2203 4362 C
2344 4308 2683 4362 fornicantur
2708 4308 2765 4362 P

466 4400 536 4454 26
575 4397 732 4464 Quod
779 4397 962 4450 17de
1069 4397 1136 4450 27
1175 4395 1230 4448 in
1268 4412 1369 4449 om.
1412 4395 1455 4449 C
