3076 4976
659 533 1137 599 Quaestionum
1176 536 1287 590 lib.
1327 537 1353 589 Ι
1394 535 1680 604 (Quaest.
1724 536 1798 590 de
1841 538 2121 604 Genesi).
2451 542 2526 604 81

265 731 452 792 tuos.
509 730 663 793 haec
740 731 1028 812 repetitio
1096 751 1215 794 11011
1284 731 1764 812 praetermissae
1811 732 1921 807 rei,
1973 732 2050 795 ad
2113 752 2300 814 quam
2351 751 2534 815 saepe

264 836 508 899 obscure
555 857 670 917 per
732 837 1314 918 recapitulationem
1371 836 1631 914 reditur,
1684 837 1794 901 sed
1844 839 2092 901 omnino
2143 843 2354 919 aperta
2402 841 2532 912 est:

263 941 373 1004 iam
420 944 581 1007 enim
634 943 871 1007 dixerat
921 945 1232 1025 scriptura
1288 943 1603 1024 quomodo
1664 945 1952 1008 uenerint
2008 945 2084 1008 ad
2141 944 2530 1010 Pharaonem

262 1049 465 1112 fratres
513 1050 744 1131 Ioseph
797 1055 859 1114 et
907 1050 1058 1132 quid
1108 1053 1196 1114 eis
1248 1051 1473 1115 dixerit
1520 1052 1621 1115 uel
1673 1052 1747 1114 ab
1799 1052 1889 1114 eis
1932 1051 2222 1115 audierit.
2266 1053 2376 1116 sed
2415 1053 2530 1116 hos·

209 1180 228 1215 .-·.
260 1174 406 1220 nunc
454 1158 635 1221 uelut
682 1158 758 1220 ab
808 1159 987 1222 initio
1038 1159 1354 1240 repetiuit,
1404 1162 1476 1222 ut
1522 1159 1666 1222 inde
1717 1162 2072 1222 contexeret
2118 1161 2531 1223 narrationem

263 1263 329 1324 ab
375 1263 470 1326 bis
520 1265 756 1341 uerbi8‚
808 1285 966 1346 quae
1017 1266 1136 1329 soli
1176 1264 1403 1347 Ioseph
1444 1266 1688 1329 Pharao
1731 1265 1905 1330 dixit.
1949 1285 2216 1346 quorum
2252 1267 2530 1330 011111111111

259 1368 311 1431 111
365 1370 690 1435 codicibus
758 1373 1022 1456 graeciS,
1101 1373 1207 1453 qui
1276 1393 1310 1436 a
1381 1372 1887 1456 diligentioribus
1956 1373 2296 1454 conscripti
2365 1376 2531 1446 sunt,

257 1477 544 1555 quaedam
613 1478 926 1543 obeliscos
988 1479 1220 1543 habent
1267 1482 1331 1542 et
1391 1478 1752 1562 significant
1809 1499 1884 1543 ea
1928 1498 2086 1561 quae
2134 1479 2193 1542 in
2261 1479 2531 1543 hebraeo

257 1601 363 1646 1101]
436 1583 850 1649 inueniuntur
924 1589 988 1649 et
1060 1585 1121 1648 in
1201 1583 1618 1668 Septuaginta
1693 1584 2137 1658 inueniuntur.
2226 1584 2529 1666 quaedam

185 1707 223 1744 10
256 1690 597 1767 asterisc08‚
670 1691 901 1772 quibus
969 1710 1041 1754 ea
1107 1690 1543 1775 significantur
1604 1710 1761 1772 quae
1820 1691 2052 1754 habent
2108 1690 2359 1753 hebraei
2417 1709 2529 1753 nec

254 1794 471 1859 habent
519 1796 959 1880 Septuaginta.

334 1901 539 1968 CLVI.
575 1903 741 1983 Quid
777 1906 876 1968 est
914 1904 1082 1986 quod
1122 1903 1277 1967 dixit
1315 1904 1501 1968 lacob
1545 1905 1885 1968 Pharaoni:
1929 1904 2102 1968 dies
2144 1923 2528 1968 annorum

252 2010 460 2074 uitae
508 2030 749 2087 meae,
801 2030 1000 2092 quos
1049 2012 1371 2075 incolo?
1422 2012 1514 2075 sic
1567 2011 1732 2074 enim
1784 2011 2018 2075 habent
2065 2010 2294 2094 graeci,
2361 2009 2528 2091 quod

251 2115 412 2180 latini
460 2118 699 2181 habent
754 2125 975 2201 „ago“
1030 2119 1133 2181 uel
1192 2117 1267 2193 „h
1287 2118 1514 2181 abeo‘
1589 2118 1693 2180 uel
1742 2118 1794 2181 si
1845 2118 1995 2199 quid
2055 2118 2248 2181 aliud.
2316 2121 2531 2181 utrum

180 2242 218 2279 15
253 2241 385 2305 ergo
431 2223 575 2287 ideo
627 2223 814 2287 dixit:
866 2243 1065 2306 quos
1114 2223 1404 2301 incolo,
1456 2225 1605 2306 quia
1644 2224 1707 2287 in
1745 2228 1914 2288 terra
1949 2227 2136 2288 natus
2178 2226 2296 2300 est,
2338 2242 2527 2304 quam

249 2329 509 2393 nondum
562 2330 843 2412 populus
893 2330 1107 2393 diuina
1166 2331 1586 2411 promissione
1643 2330 2012 2394 hereditatis
2073 2334 2417 2412 acceperat,
2469 2334 2528 2394 et

248 2435 329 2498 ibi
399 2438 603 2502 uitam
680 2437 915 2501 ducens
983 2439 1203 2520 utique
1271 2439 1330 2502 in
1401 2438 1602 2502 aliena
1669 2442 1834 2502 terra
1900 2441 2059 2517 erat,
2128 2457 2246 2502 non
2320 2437 2527 2502 solum

249 2544 481 2624 quando
553 2545 1091 2629 peregrinabatur.
1161 2546 1331 2609 sicut
1387 2547 1447 2609 in
1495 2546 1981 2627 Mesopotamia,
2049 2564 2272 2609 uerum
2338 2545 2527 2607 etiam

249 2654 480 2732 quando
531 2652 622 2715 ibi
673 2655 805 2715 erat
853 2652 961 2715 ubi
1012 2656 1196 2716 natus
1247 2656 1389 2716 est?
1438 2672 1511 2715 an
1553 2652 1768 2735 potius
1809 2652 2156 2715 secundum
2195 2651 2258 2715 id
2299 2652 2526 2735 accipi-

171 2777 213 2815 20
248 2758 465 2821 endum
487 2763 608 2834 est,
634 2759 799 2840 quod
824 2760 913 2822 ait
941 2759 1302 2840 apostolus:
1342 2759 1720 2840 quamdiu
1755 2778 2027 2822 sumus
2058 2759 2132 2822 in
2166 2777 2524 2841 corpore,

245 2867 850 2949 peregrinamur
926 2885 960 2928 a
1037 2865 1404 2929 domino?
1482 2865 1827 2929 secundum
1905 2865 2024 2929 hoc
2102 2868 2165 2929 et
2237 2865 2398 2928 illud
2465 2865 2528 2927 in

244 2974 476 3051 psalmo
530 2973 771 3036 dictum
823 2972 1249 3056 intellegitur:
1292 2972 1759 3054 inquilinus
1802 2991 1945 3055 ego
1988 2992 2154 3036 sum
2197 2973 2526 3035 interra

244 3081 313 3141 et
365 3078 856 3161 peregrinus
925 3079 1147 3143 sicut
1204 3100 1469 3143 omnes
1528 3082 1804 3162 patres
1863 3079 2035 3144 mei.
2095 3100 2240 3143 nam
2296 3079 2526 3143 iterum

246 3182 389 3248 dicit
425 3186 501 3249 de
541 3184 703 3266 ipsis
745 3185 969 3250 diebus
1008 3187 1180 3251 uitae
1221 3208 1404 3251 suae:
1454 3208 1600 3251 11011
1645 3188 2197 3269 peruenerunt
2232 3186 2308 3248 in
2351 3185 2527 3247 dies

166 3312 211 3349 25
244 3310 618 3356 annorum
689 3292 912 3357 uitae
978 3297 1293 3377 patrum
1334 3314 1707 3371 meorum,
1769 3314 1965 3376 quos
2007 3294 2178 3357 dies
2218 3292 2524 3355 incolu-

245 3403 483 3463 erunt.
538 3418 659 3462 non
722 3399 889 3463 enim
956 3400 1059 3464 hic
1127 3400 1296 3464 aliud
1363 3401 1574 3464 uoluit
1639 3401 1924 3483 intellegi
1994 3420 2180 3482 quam
2228 3398 2292 3461 id
2360 3397 2527 3480 quod

240 3504 412 3568 latini
462 3504 717 3569 codices
794 3506 1027 3570 habent
1083 3507 1572 3582 „uixerunt“;
1643 3526 1712 3568 ac
1777 3524 1889 3587 per
1951 3505 2071 3568 hoc
2139 3503 2526 3587 significauit

243 3608 389 3674 hanc
429 3613 636 3677 uitam
674 3612 1021 3677 incolatum
1062 3631 1201 3676 esse
1242 3631 1432 3694 super
1469 3615 1720 3689 terram,
1760 3612 1825 3674 id
1866 3614 1963 3675 est
2002 3609 2523 3693 peregrinationis

244 3715 712 3783 habitationem.
774 3719 884 3782 sed
935 3719 1118 3783 credo
1179 3720 1416 3783 sanctis
1462 3718 1584 3782 hoc
1632 3720 1988 3795 conuenire,
2049 3718 2279 3800 quibus
2339 3717 2525 3780 aliam

165 3843 211 3885 so
242 3825 501 3903 patriam
580 3828 896 3889 aeternam
972 3825 1265 3890 dominus
1342 3825 1700 3909 pollicetur.
1778 3826 1943 3889 unde
2019 3824 2360 3888 uidendum
2430 3828 2527 3887 est

409 4052 442 4105 3
483 4052 550 4105 cf.
593 4050 728 4107 Gen.
765 4053 855 4111 45.
897 4052 1105 4106 16-20
1207 4052 1272 4105 12
1315 4052 1444 4107 Gen.
1484 4052 1573 4115 47,
1613 4054 1644 4105 9
1739 4052 1807 4105 20
1843 4051 1900 4105 11
1938 4050 2055 4106 Cor.
2097 4053 2151 4115 5,
2187 4052 2219 4105 6
2329 4050 2398 4103 22
2437 4049 2523 4104 ΡΒ.

241 4140 319 4205 38,
359 4142 424 4195 13
537 4141 605 4194 24
647 4141 780 4195 Gen.
816 4142 908 4205 47,
945 4142 977 4195 9

308 4275 329 4326 1
363 4274 777 4343 praetermissae
806 4275 904 4343 rei]
942 4276 1124 4344 potest
1161 4274 1373 4328 misceri
1403 4274 1434 4327 b
1527 4275 1559 4329 3
1599 4274 1864 4342 scriptura
1902 4273 2110 4325 dixerat
2134 4271 2248 4324 PT
2332 4270 2364 4321 ὃ
2395 4269 2522 4321 0110-

240 4360 389 4415 liscos
428 4362 531 4417 PS
564 4363 833 4427 oboelicos
870 4364 921 4416 V
1024 4365 1088 4418 13
1125 4364 1321 4434 incolo]
1362 4364 1535 4417 inloco
1565 4363 1632 4418 N
1663 4363 1834 4427 inloco
1877 4362 1959 4429 (in
1994 4378 2092 4429 my.
2135 4360 2264 4413 add.
2305 4358 2443 4425 colo)
2479 4357 2528 4409 T

244 4451 302 4504 15
338 4452 514 4505 inloco
552 4453 610 4506 N
717 4452 785 4505 28
822 4453 961 4506 hanc
1000 4470 1099 4507 om.
1146 4454 1193 4508 G
1332 4453 1601 4507 incolatus
1638 4449 1850 4505 PSVT

291 4575 483 4616 xxvm
511 4578 628 4625 Aug.
658 4581 767 4617 sect.
796 4578 865 4618 111
895 4588 998 4627 par,
1020 4579 1044 4615 3
2314 4556 2344 4606 6
