3076 4976
942 496 1467 550 Adnotationurn
1509 497 1573 549 in
1613 495 1726 549 Iob
1765 495 1939 549 liber
1976 496 2019 550 Ι.
2507 500 2637 563 569

337 692 503 756 enim
544 692 807 756 dicitur:
862 711 996 775 ego
1045 692 1118 756 in
1166 691 1303 756 illo
1354 695 1428 756 et
1474 691 1610 755 ille
1660 691 1731 755 in
1781 712 1919 768 me,
1973 692 2252 756 inuicem
2293 692 2418 757 sibi
2457 692 2638 775 quasi

334 801 479 865 loca
506 804 673 864 sunt.
705 800 864 882 ipse
913 799 1103 863 enim
1146 818 1353 863 omne
1395 799 1597 882 quod
1635 804 1751 863 est
1790 800 1926 864 sub
1968 801 2177 865 caelo
2228 801 2637 883 perspicit:

334 907 458 971 hoc
496 907 684 970 modo
726 926 796 970 ea
845 907 1045 983 nouit,
1096 925 1219 987 quo
1267 906 1439 983 fecit,
1490 911 1556 970 et
1601 925 1721 970 non
1774 905 2177 971 sensibiliter.
2228 911 2638 971 uentorum

334 1014 786 1077 libramenta
859 1016 1084 1095 atque
1160 1031 1584 1077 mensuras:
1660 1015 1798 1077 tota
1862 1016 2149 1077 creatura
2212 1032 2323 1096 per
2390 1019 2635 1096 partem

272 1141 299 1180 5
337 1121 749 1204 significatur.
801 1123 862 1184 et
908 1120 1065 1183 bene
1114 1120 1408 1201 pondere,
1461 1138 1758 1183 mensura
1805 1123 1869 1183 et
1916 1138 2174 1184 numero
2224 1120 2434 1184 omnia
2482 1119 2641 1183 dixit

334 1227 521 1300 facta,
580 1228 642 1291 in
704 1229 935 1311 quibus
994 1228 1392 1311 intellegitur
1458 1228 1718 1291 creator.
1788 1227 2083 1308 quando
2151 1226 2364 1304 fecit,
2433 1226 2638 1291 sicut

333 1334 559 1406 uidit,
611 1334 1112 1399 enumerauit:
1162 1353 1284 1398 non
1332 1336 1502 1397 extra
1551 1333 1715 1397 uidit
1760 1337 1833 1397 ut
1879 1334 2136 1410 faceret,
2177 1333 2289 1398 sed
2327 1333 2388 1396 in
2431 1338 2638 1398 semet

333 1440 472 1523 ipso
507 1441 676 1505 sicut
703 1441 943 1505 artifex.
986 1445 1060 1504 et
1097 1440 1293 1505 uiam
1341 1443 1883 1522 tempestatum
1943 1440 2298 1505 uocibus:
2359 1443 2635 1523 tempe·

333 1551 622 1613 statum
665 1567 775 1629 pro
835 1548 1253 1613 tentationum
1294 1548 1574 1630 positum
1612 1551 1742 1622 est3
1794 1547 2216 1611 tentationum
2264 1551 2478 1611 autem
2526 1566 2638 1629 pro

243 1678 295 1716 ιο
332 1655 432 1718 his
499 1656 606 1737 qui
675 1659 1016 1728 tentantur,
1098 1655 1412 1737 quomodo
1481 1654 1842 1718 dicerentur
1908 1673 2100 1720 uoces
2159 1654 2468 1738 naufragii
2526 1674 2635 1737 pro

338 1761 610 1827 uocibus
668 1762 1139 1846 naufragorum.
1200 1767 1377 1825 tunc
1438 1762 1640 1825 uidit
1695 1781 1848 1825 eam
1910 1764 1981 1824 et
2038 1761 2388 1843 exposuit
2444 1779 2633 1825 eam:
2681 1817 2700 1834 Ι

340 1869 401 1931 in
460 1868 1032 1950 praedestinatione
1092 1868 1383 1933 dominus
1444 1868 1608 1931 uidit
1663 1868 1859 1945 uiam,
1910 1887 2033 1951 quo
2083 1886 2152 1932 se
2200 1870 2638 1932 conuerterent

331 1975 581 2041 tentati.
641 1975 940 2058 parauit
996 1979 1068 2039 et
1123 1976 1665 2058 inuestigauit:
1727 1975 1787 2038 in
1847 1973 2446 2057 praedestinatione,
2511 1994 2633 2039 non

332 2081 395 2145 in
447 2081 712 2148 actione.

242 2210 293 2250 ιε
422 2188 748 2254 XXVIIII.
810 2189 1171 2268 Quisnam
1227 2209 1337 2252 me
1397 2188 1767 2253 restituet
1821 2189 1894 2252 in
1952 2207 2244 2253 menses
2303 2187 2635 2270 priorum

334 2295 673 2359 dierum?
730 2296 886 2360 haec
934 2315 1006 2359 ex
1054 2314 1323 2378 persona
1369 2295 1493 2359 dici
1543 2295 1843 2359 uidentur
1891 2295 2198 2359 ecclesiae
2247 2295 2439 2358 simul
2489 2313 2635 2358 cum

335 2402 541 2482 capite
600 2400 874 2477 Christe,
933 2405 1256 2482 tamquam
1316 2405 1490 2465 totus
1551 2402 1686 2482 ipse
1745 2402 1933 2465 homo
1989 2401 2289 2482 loquatur
2351 2404 2634 2482 tempore

332 2508 756 2573 abundantiae
794 2508 1277 2572 tribulationum
1321 2512 1385 2573 et
1423 2509 1868 2583 tentationum,
1899 2514 2224 2591 tamquam
2255 2508 2354 2572 his
2387 2508 2634 2585 diebuS,

332 2615 409 2679 de
449 2614 681 2696 quibus
730 2615 1022 2680 dominus
1072 2615 1257 2679 dicit:
1309 2615 1620 2680 uenient
1667 2616 1858 2692 dies,
1908 2615 2201 2697 quando
2251 2615 2633 2698 optabitis

236 2747 293 2784 ιο
333 2722 595 2785 uidere
671 2741 893 2786 unum
969 2722 1053 2785 de
1135 2723 1401 2786 diebus
1467 2722 1682 2799 istis,
1751 2726 1826 2787 et
1892 2741 2030 2787 non
2097 2722 2492 2786 uidebitis.
2561 2741 2632 2786 eo

332 2828 499 2892 enim
530 2830 832 2909 tempore,
863 2848 986 2910 quo
1028 2828 1321 2893 dominus
1363 2833 1497 2893 erat
1533 2830 1598 2892 in
1638 2832 1822 2906 terra,
1863 2830 2037 2893 nulla
2075 2833 2209 2893 erat
2246 2828 2633 2903 sollicitudo,

333 2934 627 3016 quamuis
676 2935 881 3000 adhuc
929 2955 1124 3017 paruo
1173 2935 1411 3018 populo
1462 2936 1829 3013 christiane,
1879 2936 1985 3016 qui
2035 2935 2370 3000 constabat
2417 2954 2487 2999 ex
2534 2936 2633 3000 bis

336 3041 444 3123 qui
493 3041 556 3104 in
608 3060 749 3105 eum
803 3042 1215 3118 crediderant,
1265 3062 1335 3106 ex
1386 3043 1617 3124 quibus
1669 3046 1846 3107 erant
1891 3044 2037 3125 plus
2079 3062 2268 3124 quam
2308 3042 2634 3127 quingenti

331 3148 579 3225 fratreS,
638 3148 870 3230 quibus
930 3150 1121 3212 etiam
1177 3153 1325 3230 post
1381 3149 1904 3215 resurrectionem
1970 3150 2265 3232 adparere
2334 3150 2633 3233 dignatus

238 3278 293 3318 25
333 3258 453 3331 est,
503 3255 672 3319 sicut
735 3255 1062 3337 apostolus
1129 3256 1303 3320 dicit.
1372 3257 1548 3319 nulla
1613 3275 1761 3339 ergo
1829 3260 1962 3320 erat
2025 3260 2177 3320 tunc
2242 3256 2631 3331 sollicitudO,

332 3379 410 3425 ne
467 3363 579 3424 aut
635 3381 670 3424 a
725 3361 910 3426 malis
960 3362 1123 3426 male
1172 3362 1629 3445 gubernaretur
1674 3362 1943 3427 ecclesia
1990 3366 2103 3426 aut
2147 3363 2481 3427 haeresum
2529 3361 2636 3426 uel

334 3468 752 3532 schismatum
808 3468 1153 3532 laniaretur
1199 3469 1471 3532 insidiis,
1521 3488 1665 3532 nam
1713 3488 1824 3532 nec
1874 3469 2045 3551 ipsas
2096 3470 2450 3551 corporales
2499 3488 2633 3552 per-

517 3677 541 3729 1
584 3675 698 3730 Ioh.
741 3676 824 3741 10,
864 3677 933 3731 38
1052 3679 1084 3731 2
1122 3676 1219 3731 Iob
1260 3679 1343 3740 28,
1384 3678 1454 3731 24
1574 3679 1606 3732 3
1645 3678 1742 3732 Iob
1781 3678 1867 3741 28,
1907 3678 1975 3731 25
2088 3682 2119 3733 5
2160 3678 2230 3736 cf.
2271 3679 2394 3748 Sap.
2439 3679 2520 3741 11,
2561 3679 2626 3731 21

332 3765 365 3819 6
403 3764 501 3819 Iob
542 3765 626 3829 28,
666 3766 734 3818 26
846 3765 878 3819 8
916 3765 1012 3820 Iob
1054 3765 1138 3828 28,
1178 3766 1246 3820 26
1335 3767 1393 3819 11
1439 3767 1535 3821 Iob
1577 3767 1661 3825 28.
1703 3767 1770 3820 27
1887 3767 1950 3819 13
1991 3766 2087 3819 Iob
2129 3767 2213 3829 28,
2255 3768 2321 3820 27
2429 3768 2494 3821 15
2533 3766 2629 3820 Iob

332 3856 418 3915 29,
458 3853 493 3906 2
605 3855 670 3907 19
708 3854 834 3908 Luc.
878 3855 961 3915 17,
1002 3857 1068 3908 22
1179 3856 1247 3908 23
1288 3855 1353 3909 cf.
1396 3856 1421 3909 I
1461 3856 1582 3910 Cor.
1627 3858 1710 3919 15,
1750 3856 1781 3908 6

403 3979 438 4031 4
478 3979 666 4046 atquc]
704 3994 876 4046 aquae
914 3976 1101 4031 SHier
1212 3980 1244 4031 6
1283 3978 1520 4047 quando]
1562 3997 1663 4048 que
1704 3980 1750 4033 S
1838 3982 1867 4033 7
1907 3979 2211 4032 numerauit
2250 3979 2281 4032 b
2392 3980 2425 4032 8
2462 3978 2628 4046 uiam]

328 4067 443 4120 uim
486 4065 672 4119 TCPb
778 4069 1121 4136 tempestatis
1168 4067 1453 4122 TGSHier
1533 4068 1896 4122 9tentatione
1941 4067 2072 4121 Tob
2180 4068 2540 4121 tentationem
2585 4068 2635 4121 T

335 4155 401 4209 10
441 4171 544 4224 que
591 4155 642 4208 T
733 4157 792 4209 11
834 4155 1237 4224 naufragiorum
1282 4157 1358 4210 Cb
1454 4158 1519 4211 12
1561 4174 1667 4225 qua
1705 4158 1779 4211 bd
1922 4161 2202 4211 conuertet
2241 4157 2272 4210 b
2369 4158 2432 4211 15
2471 4157 2628 4209 resti·

329 4243 441 4297 tuit
478 4242 526 4299 S
630 4245 828 4297 mensis
865 4245 910 4299 S
1018 4246 1307 4315 primorum
1353 4245 1400 4299 0
1507 4248 1571 4299 16
1610 4245 1829 4299 uidetur
1871 4245 1918 4299 0
2022 4247 2163 4314 cum]
2200 4246 2255 4298 in
2295 4245 2326 4299 b
2404 4246 2468 4299 17
2510 4262 2629 4298 cum

330 4333 533 4386 christo
573 4332 606 4386 b
684 4333 747 4387 18
787 4339 842 4387 et
878 4350 980 4389 om.
1022 4334 1052 4387 b
1140 4336 1203 4388 19
1243 4335 1378 4388 dixit
1423 4334 1470 4388 0
1575 4335 1789 4405 optabis
1834 4334 1880 4388 C
1956 4335 2024 4388 22
2063 4335 2263 4404 populo
2301 4351 2467 4403 paruo
2513 4334 2634 4388 de

332 4423 416 4477 cui
463 4422 539 4475 Cb
649 4422 719 4476 25
758 4427 886 4476 tunc
927 4426 1042 4475 erat
1078 4423 1207 4476 Pbd
1315 4425 1383 4476 26
1421 4423 1688 4476 haeresim
1733 4422 1780 4476 0
