3076 4976
899 475 1424 529 Adnotationum
1464 475 1527 527 in
1569 474 1681 527 Iob
1721 474 1894 527 liber
1929 473 1972 527 1.
2452 478 2581 541 545

292 671 455 736 nihil
492 671 613 736 feci
651 671 1017 754 impetrans,
1058 670 1296 734 furati
1344 673 1521 734 sunt
1570 670 1860 734 externi
1906 669 2097 733 bona
2142 688 2329 733 mea:
2376 668 2582 750 ipsam

293 778 835 855 inmortalitatem,
914 797 1038 860 qua
1112 777 1441 858 spoliatur,
1518 776 1855 860 significat,
1932 776 2041 858 qui
2115 775 2469 840 semiuiuus
2548 795 2583 839 a

292 884 643 948 latronibus
693 887 792 948 est
836 884 1121 949 relictus.
1172 883 1341 965 quis
1391 887 1508 947 est
1554 883 1744 947 iste?
1794 883 1902 964 qui
1951 881 2107 945 mihi
2149 881 2582 945 subuenturus

295 994 413 1065 est,
483 990 807 1055 dominum
884 990 1271 1075 significans.
1340 989 1450 1052 sed
1514 988 1657 1053 ideo
1724 989 1906 1053 dicit:
1977 988 2145 1070 quis
2213 991 2369 1052 est?
2437 987 2584 1069 quia

222 1122 253 1161 5
294 1098 461 1161 inter
514 1097 801 1161 homines
866 1098 1121 1161 futurus
1178 1099 1332 1175 erat,
1389 1098 1462 1158 ut
1518 1095 1621 1159 uix
1671 1096 1746 1159 ab
1806 1095 1897 1159 eis
1955 1095 2434 1159 discerneretur.
2497 1093 2581 1157 ad

291 1223 586 1268 manum
643 1223 875 1268 meam
932 1204 1251 1287 ligetur:
1306 1203 1564 1267 uinculo
1623 1203 1928 1278 caritatis,
1986 1206 2058 1266 ut
2107 1202 2428 1266 custodiat
2483 1221 2584 1265 me

294 1315 360 1375 et
397 1310 589 1374 ducat
627 1330 750 1392 quo
791 1311 951 1375 uult.
992 1310 1166 1392 quia
1206 1329 1331 1374 cor
1368 1329 1618 1375 eorum
1670 1308 2144 1375 abscondisti
2194 1327 2230 1371 a
2277 1307 2583 1389 pruden-

292 1416 429 1480 tia:
481 1416 587 1498 qui
638 1436 783 1480 eum
823 1436 944 1481 non
985 1421 1422 1500 cognouerunt
1457 1417 1867 1481 abscondisti.
1916 1419 2222 1499 propter
2268 1415 2401 1479 hoc
2444 1433 2581 1479 non

293 1522 672 1588 exaltabis
722 1543 880 1587 eos:
932 1523 1083 1606 quia
1128 1523 1405 1588 humiles
1455 1544 1577 1588 non
1624 1524 1901 1598 fuerunt,
1949 1523 2090 1587 ideo
2150 1523 2386 1587 caecati
2436 1527 2586 1588 sunt

188 1660 250 1698 ιο
292 1635 359 1694 et
413 1649 535 1694 non
602 1633 946 1713 potuerunt
1008 1625 1370 1694 humilitate
1421 1631 1661 1695 Christi
1709 1631 1986 1694 exaltari.
2052 1630 2249 1713 parti
2317 1629 2584 1693 adnun-

290 1738 585 1801 tientur
651 1739 867 1804 mala:
938 1737 1134 1819 quod
1201 1738 1531 1802 caecitas
1602 1757 1680 1801 ex
1737 1741 1949 1821 parte
2015 1736 2312 1800 Israhel
2380 1737 2583 1800 facta

292 1848 428 1918 est,
481 1844 619 1908 siue
668 1844 814 1927 quia
862 1843 953 1909 eis
992 1845 1161 1909 mala
1197 1845 1582 1909 uidebantur
1619 1865 1778 1928 quae
1819 1845 2111 1910 Christus
2151 1843 2583 1922 adnuntiabat,

289 1954 367 2015 ut
440 1949 751 2015 dicerent:
826 1951 1130 2016 seducit
1201 1952 1501 2028 turbas;
1583 1953 1721 2016 siue
1805 1972 1917 2033 per
1998 1951 2337 2033 prophetas
2424 1971 2584 2033 quae

292 2056 663 2121 adnuntiat-a
736 2062 887 2122 sunt
953 2057 1030 2122 de
1096 2058 1402 2122 caecitate
1467 2059 1730 2134 Israhel,
1789 2078 1909 2121 non
1978 2058 2199 2139 utique
2265 2057 2406 2133 toti,
2475 2057 2585 2122 sed

187 2194 246 2233 ιε
288 2162 457 2246 parti
499 2163 883 2229 acciderunt.
926 2168 999 2229 et
1047 2165 1251 2229 oculi
1300 2184 1530 2248 super
1576 2165 1789 2229 filios
1841 2184 2092 2228 eorum
2142 2165 2582 2230 tabuerunt:

290 2271 708 2335 admiratione
786 2271 1256 2348 miraculorum,
1336 2272 1571 2354 quibus
1648 2272 1890 2335 dictum
1970 2275 2097 2335 est:
2166 2272 2228 2335 si
2304 2291 2436 2356 ego
2513 2272 2584 2336 in

288 2377 721 2441 Beelzebub
771 2378 966 2442 eicio
1017 2378 1425 2456 daemonia,
1475 2377 1630 2442 filii
1672 2379 1914 2442 uestri
1953 2379 2023 2442 in
2065 2398 2205 2459 quo
2248 2377 2584 2442 eiciunt?

286 2484 627 2565 posuisti
687 2488 933 2549 autem
992 2505 1101 2550 me
1162 2485 1230 2549 in
1289 2485 1673 2568 loquelam
1732 2485 2204 2550 nationibus:
2263 2486 2582 2551 hominem

288 2611 480 2674 quem
520 2591 866 2669 redemisti,
905 2592 971 2656 id
1021 2597 1119 2657 est
1157 2594 1510 2671 ecclesiam,
1555 2594 1629 2657 de
1670 2614 1795 2676 qua
1830 2594 2238 2675 loquerentur
2275 2594 2584 2670 nationes»,

180 2731 244 2770 20
290 2699 432 2763 siue
483 2718 642 2779 quae
690 2700 1056 2782 loqueretur
1103 2700 1485 2766 nationibus
1538 2704 1612 2765 et
1656 2701 1728 2764 in
1778 2701 2012 2764 risum
2063 2700 2223 2764 illis
2285 2700 2582 2765 deueni:

288 2808 403 2867 aut
437 2803 820 2880 nationibuS‚
863 2825 1007 2870 cum
1049 2806 1104 2869 ei
1144 2806 1565 2884 detraherent,
1607 2811 1718 2871 aut
1745 2807 1997 2871 Iudaeis
2029 2807 2137 2890 qui
2164 2808 2590 2889 loquebantur

288 2911 678 2976 nationibus,
741 2912 1130 2976 obscurati
1182 2916 1357 2977 sunt
1405 2914 1490 2977 ob
1542 2914 1726 2977 iram
1778 2914 1980 2978 oculi
2029 2914 2201 2978 mei:
2262 2914 2586 2979 obscurati

288 3021 445 3081 sunt
494 3018 661 3082 oculi
719 3019 1045 3097 ecclesiae,
1094 3019 1158 3082 id
1208 3024 1309 3083 est
1355 3021 1650 3102 apostoli,
1702 3041 1845 3085 cum
1904 3021 2207 3084 intellecti
2268 3041 2388 3085 non
2440 3025 2588 3085 sunt

288 3126 368 3188 ab
420 3123 520 3188 his
569 3124 677 3207 qui
725 3125 842 3189 hac
900 3145 1101 3206 poena
1151 3131 1327 3191 erant
1383 3127 1703 3209 puniendi.
1765 3132 1838 3191 et
1894 3131 2365 3210 expugnatus
2425 3148 2584 3192 sum

174 3266 240 3304 25,
286 3230 514 3295 ualde
564 3232 648 3295 ab
700 3232 1072 3296 omnibus:
1124 3238 1251 3297 tam
1302 3234 1521 3298 Iudaei
1572 3235 1739 3298 enim
1781 3254 1970 3316 quam
2011 3238 2232 3318 gentes
2272 3254 2585 3317 expugna·

287 3343 525 3401 uerunt
582 3339 936 3402 ecclesiam.
1007 3343 1080 3402 et
1143 3340 1397 3404 mirati
1475 3345 1652 3404 sunt
1736 3360 1958 3423 super
2040 3341 2176 3405 hoc
2242 3360 2583 3405 ueraces:

475 3538 520 3590 1.
561 3537 593 3589 3
633 3537 731 3589 Iob
776 3538 857 3595 17,
897 3540 928 3591 3
1069 3540 1100 3591 5
1139 3538 1234 3592 Iob
1279 3540 1359 3599 17,
1400 3542 1432 3594 3
1582 3542 1629 3594 7.
1671 3544 1703 3594 8
1742 3540 1838 3593 Iob
1883 3542 1965 3601 17,
2005 3543 2039 3593 4
2189 3542 2252 3593 10
2292 3538 2388 3592 Iob
2432 3540 2514 3602 17,
2555 3541 2586 3593 5

290 3627 353 3679 11
402 3625 555 3677 Rom.
598 3627 679 3688 11,
719 3627 786 3680 25
937 3630 1000 3681 13
1040 3628 1153 3681 Ioh.
1195 3630 1243 3689 7,
1287 3630 1351 3682 12
1505 3631 1567 3684 15
1607 3630 1703 3682 Iob
1748 3632 1828 3691 11,
1871 3634 1902 3683 5
2051 3631 2115 3682 16
2152 3629 2350 3683 Matth.
2395 3630 2476 3689 12,
2518 3630 2582 3681 27

291 3713 359 3766 18
399 3713 495 3766 Iob
541 3716 620 3778 17,
661 3717 692 3768 6
768 3716 835 3769 20
874 3716 969 3769 Iob
1012 3718 1093 3781 17,
1132 3719 1165 3770 6
1240 3720 1307 3771 22
1347 3717 1442 3770 Iob
1486 3720 1569 3781 17,
1612 3720 1640 3771 7
1717 3720 1784 3771 24
1824 3719 1916 3771 Iob
1963 3719 2043 3779 17,
2086 3720 2114 3771 7
2194 3720 2260 3771 26
2300 3717 2396 3769 Iob
2439 3718 2522 3781 17,
2552 3720 2585 3769 ὅ

1782 3632 1810 3647 ,-

361 3854 395 3906 2
437 3870 596 3922 quarn
641 3853 691 3906 G
847 3856 1147 3924 expoliatus
1192 3857 1241 3910 G
1280 3857 1580 3926 expoliatur
1617 3858 1671 3909 P
1822 3858 2159 3925 significatur
2201 3856 2250 3910 G
2397 3857 2428 3908 3
2458 3862 2587 3925 post

285 3942 412 4012 quis
451 3950 535 3995 est
557 3944 702 3996 iste?
738 3944 800 3996 in
834 3944 1075 3998 GTPCb
1103 3946 1375 4013 sequitur:
1414 3945 1481 3998 ad
1517 3964 1731 3999 manum
1771 3964 1944 3999 meam
1983 3948 2201 4014 ligetur,
2240 3963 2381 4013 quae
2416 3946 2586 3998 uerba

285 4031 327 4083 d
363 4036 579 4083 secutus
614 4037 745 4098 post
790 4031 1183 4084 discerneretur
1229 4035 1289 4085 in
1337 4050 1499 4087 uersu
1544 4038 1577 4085 5
1617 4040 1742 4101 apte
1781 4036 1950 4102 posui
2236 4035 2267 4085 6
2306 4033 2508 4101 legitur
2546 4031 2591 4085 S

289 4121 320 4171 7
364 4117 527 4171 ducat
560 4135 647 4172 me
683 4119 729 4171 C
828 4120 893 4173 10
931 4121 1125 4189 partim
1162 4121 1404 4174 CGTPb
1551 4122 1941 4176 adnuntiantur
1979 4122 2024 4173 S
2125 4123 2181 4174 11
2226 4121 2279 4174 in
2321 4120 2484 4173 Israel
2516 4120 2589 4172 bd

288 4209 435 4260 sacta
474 4207 579 4274 est]
620 4208 722 4261 hoc
762 4212 845 4260 est
882 4209 1026 4261 facta
1066 4216 1150 4262 est
1192 4209 1242 4262 G
1339 4212 1401 4264 17
1439 4211 1754 4263 beelzebutz
1802 4212 1847 4263 C
1988 4210 2160 4263 deicio
2207 4210 2253 4262 C
2361 4210 2425 4261 19
2464 4208 2584 4261 red—

288 4297 423 4349 emit
470 4296 652 4349 TPCb
826 4299 887 4349 21
932 4300 1047 4366 aut]
1087 4303 1143 4350 at
1188 4298 1238 4351 G
1386 4300 1433 4351 ei
1473 4315 1574 4352 om.
1623 4298 1670 4352 O
1703 4300 1778 4351 eis
1819 4299 1849 4351 b
1987 4300 2054 4352 22
2095 4298 2161 4351 ob
2202 4299 2357 4365 iram]
2402 4297 2467 4349 ab
2508 4298 2587 4349 ira

285 4385 478 4440 SHier
585 4387 654 4438 24
694 4386 759 4439 iis
799 4386 837 4439 cl
945 4389 1011 4441 25
1051 4388 1191 4439 enini
1231 4404 1333 4441 om.
1372 4388 1403 4440 b
1514 4388 1583 4440 26
1622 4389 1887 4440 numerati
1928 4387 1958 4439 b
2104 4387 2236 4440 haec
2277 4387 2420 4440 Hier

399 4510 594 4549 xxvm
628 4511 743 4557 Aug.
776 4515 882 4549 sect.
914 4511 984 4550 111
1015 4522 1118 4560 pars
1150 4513 1174 4548 3
2375 4493 2446 4546 35
