3076 4976
472 496 600 559 258
1179 490 1230 543 S.
1291 490 1564 543 Aureli
1625 490 2057 559 Augustini

478 688 767 752 hircum
836 706 913 751 ex
982 687 1230 769 capris
1298 706 1523 750 unum
1588 704 1716 768 pro
1782 689 2125 767 peccatO,
2193 685 2437 767 reliqua
2503 686 2625 749 iam
2694 685 2773 748 ad

471 794 912 875 holocarposin
971 793 1282 876 peitinere
1342 793 1715 857 dicerentur.
1793 792 1958 874 quod
2016 811 2168 857 uero
2226 792 2513 877 adiungit
2576 793 2772 867 ,sine

472 902 834 977 macula“,
884 901 961 964 ad
1013 900 1223 964 omnia.
1267 900 1480 964 referri
1528 904 1763 982 potest.
1842 920 1984 965 cum
2043 918 2191 984 ergo
2251 899 2618 984 ambiguum
2670 901 2772 977 sit,

477 1008 796 1090 quomodo
839 1008 1051 1091 aptius
1093 1008 1544 1092 distinguatur,
1583 1008 1694 1072 illa
1729 1027 1828 1072 res
1870 1008 2147 1084 adducit,
2188 1012 2261 1072 ut
2298 1009 2417 1072 tria
2455 1007 2776 1090 superiora

475 1135 584 1198 pro
634 1117 893 1197 peccato
944 1114 1415 1197 intellegantur,
1457 1113 1757 1195 quoniam
1808 1114 2098 1197 superius
2146 1134 2256 1197 pro
2305 1117 2562 1196 peccato
2610 1114 2773 1194 prin·
2842 1140 2867 1177 5

477 1222 635 1305 cipis
695 1220 941 1285 hircum
997 1221 1190 1285 iussit
1245 1221 1451 1285 offerri
1510 1224 1576 1285 et
1632 1240 1742 1303 pro
1802 1225 2060 1303 peccato
2129 1221 2437 1303 cuiusque
2502 1219 2774 1302 proprio,

477 1350 622 1395 cum
671 1332 894 1411 peccat
965 1332 1108 1391 ante
1170 1328 1494 1391 dominum
1557 1327 1840 1391 faciendo
1899 1347 2096 1391 unum
2155 1347 2223 1391 ex
2281 1327 2379 1391 his
2438 1346 2597 1409 quae
2654 1345 2776 1389 non

479 1439 746 1518 opoltet.
808 1435 1128 1517 praecepit
1185 1435 1467 1512 arietem,
1524 1454 1637 1517 pro
1685 1438 1943 1517 peccato
2002 1453 2153 1498 uero
2211 1434 2543 1498 uniuersae
2599 1451 2778 1516 syna·

474 1562 673 1627 gogae
741 1542 1040 1606 uitulum.
1110 1542 1444 1624 oportebat
1512 1561 1680 1625 ergo,
1749 1545 1841 1613 ut,
1910 1561 2055 1605 cum
2114 1540 2361 1604 senatui
2413 1541 2779 1621 loqueretur

478 1650 631 1731 quid
709 1649 1045 1712 uniuersus
1130 1649 1408 1729 populus
1476 1649 1693 1713 offerre
1763 1647 2008 1719 debeat.
2077 1651 2141 1711 et
2205 1647 2419 1711 hircus
2484 1646 2780 1710 iubeatur
2822 1670 2871 1707 ιο

473 1759 731 1839 propter
804 1754 1120 1838 principes
1188 1758 1251 1818 et
1316 1741 1477 1817 aries
1554 1758 1811 1837 propter
1873 1753 2196 1837 proprium
2272 1754 2778 1834 uniuscuiusque

474 1865 805 1946 peccatum
868 1865 931 1925 et
988 1862 1234 1926 uitulus
1290 1866 1548 1944 propter
1603 1865 1937 1944 peccatum
1996 1862 2331 1925 uniuersae
2398 1879 2775 1944 synagogae.

477 1969 649 2033 aliud
700 1973 799 2033 est
845 1969 1013 2033 enim
1061 1968 1228 2051 quod
1277 1968 1339 2031 in
1389 1968 1623 2051 populo
1673 1968 1863 2031 habet
1911 1968 2179 2049 quisque
2217 1973 2547 2050 peccatum
2590 1986 2777 2031 suum

475 2075 798 2160 proprium
867 2078 932 2137 et
997 2077 1267 2155 possunt
1342 2075 1571 2138 habere
1648 2093 1863 2139 omnes
1938 2075 2208 2157 propria,
2258 2074 2461 2138 -aliud
2531 2073 2778 2156 quando

485 2200 818 2245 commune
866 2186 1195 2262 peccatum
1248 2185 1365 2257 est,
1407 2180 1570 2262 quod
1625 2199 1748 2244 uno
1797 2180 2005 2244 animo
2054 2180 2126 2243 fit
2171 2182 2235 2243 et
2280 2199 2405 2243 una
2450 2182 2779 2244 uoluntate
2821 2207 2872 2245 ιε»

482 2288 722 2368 aliquid
769 2287 1182 2352 multitudine
1232 2291 1592 2368 comparata
1639 2287 2075 2352 committitur.

575 2394 759 2473 Quod
828 2412 978 2459 uero
1046 2393 1355 2458 sacrificia
1421 2394 1720 2458 salutan's
1785 2393 2064 2457 uitulum
2131 2395 2195 2457 et
2259 2393 2514 2457 arietem
2580 2394 2779 2486 iubet,

483 2503 636 2566 haec
685 2501 867 2566 iubet
912 2520 1072 2584 quae
1120 2500 1458 2583 praecipua
1516 2509 1691 2575 sunt3
1752 2501 2033 2565 uniuersi
2092 2500 2259 2565 enim
2314 2502 2532 2584 populi
2592 2519 2783 2565 causa

485 2611 605 2672 est.
679 2607 1068 2691 praecipiens
1118 2611 1330 2671 autem
1379 2610 1563 2671 antea
1612 2607 1685 2670 de
1735 2607 2059 2672 sacrificiis
2107 2607 2403 2672 salutaris
2459 2607 2782 2671 undelibet

481 2714 680 2779 iussit
726 2713 933 2778 offerri
985 2714 1122 2777 siue
1169 2715 1528 2778 masculum
1590 2714 1726 2778 siue
1782 2714 2099 2790 feminam,
2159 2714 2307 2778 dum
2364 2717 2574 2778 tamen
2632 2733 2779 2778 non·
2811 2738 2866 2777 ρο

481 2821 605 2884 nisi
664 2821 738 2884 de
795 2820 1005 2884 bubus
1064 2824 1128 2884 et
1185 2820 1260 2884 de
1318 2821 1549 2885 ouibus
1607 2825 1672 2885 et
1727 2821 1927 2904 caplis
1987 2822 2369 2886 offerrentur.
2456 2821 2510 2884 si
2569 2824 2779 2885 autem

485 2927 810 3009 quaeritur
876 2945 1066 3008 quare
1133 2927 1257 2992 duo
1324 2928 1664 3010 praecepit,
1731 2928 2008 2991 uitulum
2066 2931 2130 2991 et
2184 2927 2464 3004 an’etem,
2524 2927 2781 2991 difficile.

482 3038 581 3098 est
635 3033 948 3109 inuenire3
1016 3033 1139 3098 nisi
1197 3035 1359 3098 foite
1417 3035 1694 3098 uitulum
1760 3033 1970 3098 uoluit
2035 3034 2417 3098 sacrificium
2486 3033 2783 3098 salutaris

481 3140 766 3205 uniuersi
814 3140 1057 3223 populi,
1108 3141 1367 3205 arietem
1419 3144 1631 3205 autem
1689 3160 1800 3223 pro
1859 3159 2236 3223 unoquoque
2293 3145 2615 3221 tamquam
2670 3157 2781 3221 pro

487 3247 760 3330 singulis
829 3247 1205 3329 quibusque,
1275 3248 1422 3330 quia
1486 3247 1742 3311 uidetur
1802 3247 1989 3311 etiam
2052 3247 2343 3328 superius
2410 3247 2590 3329 quasi
2657 3246 2781 3311 duo
2818 3270 2877 3309 25

485 3372 712 3436 genera
764 3352 1063 3417 salutaris
1113 3354 1406 3418 sacrificii
1453 3354 1878 3437 praecepisse:
1938 3374 2153 3430 unum,
2203 3353 2367 3436 quod
2419 3355 2602 3418 uelut
2648 3353 2784 3417 uni-

487 3478 812 3523 uersorum
866 3464 1056 3532 esset,
1098 3460 1447 3542 appellauit
1485 3460 1860 3525 sacrificium
1904 3460 2221 3535 salutariS,
2263 3463 2529 3524 alterum
2569 3464 2781 3524 autem

489 3566 599 3629 ubi
659 3565 843 3628 dixit:
913 3566 974 3630 si
1043 3567 1366 3648 quisque
1435 3567 1815 3632 obtulerit
1880 3567 2351 3631 sacrificium
2418 3567 2781 3632 salutaris

485 3673 626 3736 sui.
706 3672 816 3736 ubi
875 3671 1068 3736 etiam
1127 3673 1541 3737 differentiam
1590 3674 2080 3755 reperiebamus,
2131 3673 2278 3756 quia
2322 3673 2385 3737 in
2433 3672 2566 3749 illo,
2616 3671 2785 3754 quod

663 3866 694 3917 5
735 3862 801 3919 cf.
842 3864 972 3917 Leu.
1011 3866 1061 3918 4.
1102 3865 1169 3918 23
1307 3866 1341 3918 6
1380 3863 1446 3917 cf.
1487 3866 1618 3918 Leu.
1658 3867 1707 3927 5,
1750 3865 1815 3919 18
1950 3866 1980 3916 S
2021 3864 2087 3920 cf.
2128 3864 2257 3921 Leu.
2296 3866 2349 3926 4,
2395 3866 2459 3918 14
2607 3864 2668 3917 21
2716 3862 2780 3915 cf.

483 3951 614 4005 Len.
654 3953 705 4013 3,
750 3953 948 4016 1-11;
994 3954 1200 4008 12-17
1314 3953 1382 4005 27
1424 3953 1489 4006 cf.
1529 3952 1662 4008 Leu.
1702 3953 1753 4019 3,
1796 3956 1823 4007 1
1926 3952 1994 4007 28
2031 3953 2161 4006 Leu.
2203 3955 2251 4017 7,
2295 3954 2358 4007 19
2401 3953 2514 4020 (29)
2610 3953 2677 4006 29
2718 3952 2783 4004 cf.

485 4040 613 4093 Len.
655 4041 703 4104 7,
744 4039 828 4094 20.
870 4041 933 4093 21
980 4041 1086 4109 (30.
1127 4042 1217 4109 31)

563 4148 586 4199 1
629 4146 738 4199 iam
778 4162 881 4199 om.
927 4146 979 4199 T
1156 4148 1186 4200 7
1226 4164 1392 4201 unum
1432 4164 1571 4202 eras.
1617 4148 1663 4201 C
1839 4150 1873 4201 8
1909 4147 2176 4217 praecipit
2213 4148 2279 4200 N
2421 4164 2547 4200 uero
2586 4163 2687 4200 om.
2728 4146 2793 4199 N

488 4235 554 4287 14
593 4250 778 4286 omnes
815 4233 1016 4287 habere
1062 4234 1114 4287 T
1186 4237 1250 4289 16
1291 4235 1357 4288 ad
1400 4235 1608 4304 aliquid
1649 4235 1721 4289 bd
1799 4235 1862 4289 18
1900 4236 2054 4305 haec]
2093 4239 2149 4288 et
2183 4235 2522 4292 GPSNV¹T
2591 4236 2656 4288 21
2688 4233 2785 4287 bo-

483 4322 585 4375 bus
633 4322 813 4375 1⁷de
956 4321 1022 4375 de
1061 4324 1234 4392 capris
1273 4325 1337 4377 N
1465 4325 1761 4378 offerentur
1799 4324 2005 4378 S¹NV¹
2045 4327 2159 4378 ofer
2194 4329 2409 4378 rrentur
2444 4324 2499 4377 P
2598 4325 2665 4377 29
2704 4340 2785 4376 re-

485 4410 828 4479 periebaumr
870 4410 917 4464 0
