3076 4976
410 430 538 492 536
1110 428 1160 482 S.
1219 426 1493 480 Aureli
1550 426 1987 495 Augustini

411 622 487 682 et
553 621 959 696 emiserit,
1030 620 1316 702 perdet
1382 624 1761 685 euertens
1838 622 2165 684 terram:
2247 620 2472 684 multis
2541 619 2702 684 enim

410 726 801 809 sapientibus
851 728 1037 791 factis
1103 726 1529 790 turbabuntur
1592 729 1976 809 peccatores.
2053 726 2186 807 qui
2250 724 2480 790 ducit
2538 744 2704 791 con·

412 835 777 897 sultores
837 834 1250 916 captiuos:
1320 831 1626 915 subiugat
1683 832 1846 895 enim
1916 832 2039 896 sibi
2106 851 2214 896 eos
2272 833 2382 913 qui
2440 852 2507 897 se
2565 851 2707 897 con-

415 941 654 1004 sulunt.
721 939 1042 1003 iudices
1092 942 1357 1003 autem
1409 942 1673 1001 terrae
1721 938 1795 1001 in
1844 958 2225 1021 pauorem
2273 939 2538 1003 misit:
2599 941 2709 1002 aut

410 1045 677 1110 Iudaeos
726 1051 838 1110 aut
884 1047 1166 1110 Pilatum
1215 1050 1326 1110 aut
1374 1065 1564 1109 sensu
1613 1050 1860 1109 terreno
1908 1045 2287 1110 iudicantes,
2365 1046 2497 1127 qui
2559 1045 2708 1110 col·
2774 1067 2802 1106 ε

411 1153 635 1218 locat
680 1172 916 1237 reges
966 1172 1208 1236 super
1254 1151 1520 1217 sedes:
1568 1152 1636 1215 id
1683 1153 1783 1216 est
1828 1152 2174 1236 apostolos.
2249 1155 2328 1216 et
2374 1153 2710 1217 circum·

414 1259 645 1324 dedit
711 1260 987 1323 balteo
1052 1259 1371 1323 lumbos
1438 1276 1740 1323 eorum:
1809 1258 1875 1323 id
1933 1261 2032 1323 est
2088 1259 2492 1324 continentia.
2572 1258 2709 1342 qui

414 1367 734 1431 emittit
773 1367 1246 1431 sacerdotes
1288 1366 1702 1446 captiuos:
1742 1369 1819 1429 ut
1853 1366 1929 1430 ab
1970 1366 2335 1430 hominibus
2363 1366 2706 1437 ducentum

414 1478 476 1538 et
536 1473 976 1557 significantur
1028 1473 1266 1537 Iudaei.
1350 1473 1485 1555 qui
1541 1474 1954 1555 permutat
2006 1472 2228 1536 labia
2289 1472 2706 1537 fidelium:

410 1584 733 1663 permutat
787 1581 848 1644 in
908 1580 1162 1656 bonum,
1224 1583 1298 1644 ut
1353 1599 1474 1643 non
1533 1579 1611 1643 de
1665 1579 1916 1650 iustitia
1981 1599 2117 1656 sua,
2184 1579 2296 1644 sed
2363 1580 2438 1643 de
2507 1581 2712 1663 gratia
2752 1603 2810 1642 ιο

416 1687 554 1752 eius
603 1689 1029 1770 praesumant.
1107 1691 1184 1752 et
1228 1687 1897 1771 intellegentiam
1947 1704 2223 1749 senum
2282 1687 2709 1770 cognouit:

416 1794 520 1858 cui
575 1796 788 1875 placet
841 1793 1281 1877 intellegentia
1338 1812 1583 1858 senum.
1669 1792 1836 1857 unde
1903 1795 2034 1857 est:
2112 1793 2432 1876 cogniti
2498 1793 2708 1858 estis

419 1919 454 1963 a
502 1900 668 1976 deo,
719 1900 820 1964 cui
870 1899 1303 1964 aduersarium
1354 1902 1485 1964 est:
1535 1919 1682 1964 non
1732 1899 1917 1963 noui
1965 1918 2128 1963 uos,
2187 1902 2252 1963 et
2295 1900 2453 1963 bene
2500 1901 2714 1981 coepit

418 2025 454 2070 a
504 2005 623 2070 fide
675 2010 741 2070 et
803 2007 1093 2088 peruenit
1158 2005 1234 2070 ad
1273 2005 1744 2089 intellegentiae
1783 2024 1992 2070 canos.
2044 2006 2168 2087 qui
2215 2006 2512 2070 reuelat
2554 2024 2712 2088 pro-

418 2112 647 2177 funda
695 2113 778 2177 de
826 2113 1194 2177 tenebris:
1254 2112 1588 2195 aperiendo
1646 2112 2028 2195 prophetias,
2105 2116 2177 2176 et
2230 2112 2586 2194 produxit
2640 2113 2710 2176 in
2753 2135 2805 2174 ιε

414 2219 659 2284 lucem
708 2221 1043 2284 umbram
1089 2220 1386 2284 mortis:
1445 2219 1509 2282 id
1558 2222 1658 2283 est
1702 2219 1873 2294 fecit,
1925 2223 1997 2282 ut
2043 2222 2533 2303 cognosceretur
2577 2219 2715 2284 uita

418 2327 563 2398 ista,
614 2327 766 2408 quia
809 2327 1035 2392 umbra
1082 2327 1304 2392 mortis
1355 2330 1471 2390 est.
1523 2325 1911 2407 decipiens
1963 2328 2225 2410 gentes
2275 2331 2349 2389 et
2392 2325 2709 2407 perdens

417 2453 572 2499 eas:
624 2437 920 2518 putantes
971 2433 1140 2517 quod
1187 2436 1484 2498 nocerent
1529 2432 1836 2499 ecclesiae
1885 2432 2006 2511 dei,
2048 2451 2192 2498 cum
2233 2432 2353 2497 sibi
2392 2434 2710 2509 nocerent,

420 2541 590 2623 quod
637 2540 714 2605 de
770 2542 960 2623 inpiis
1016 2540 1517 2624 intellegendum
1578 2543 1699 2606 est.
1784 2543 2130 2604 sternens
2190 2543 2453 2624 gentes
2511 2544 2585 2603 et
2638 2540 2707 2603 in

416 2648 620 2712 uiam
670 2647 952 2711 ducens
1002 2666 1152 2711 eas:
1213 2647 1289 2710 ad
1346 2647 1778 2711 humilitatem
1833 2650 2161 2728 tamquam
2208 2646 2390 2711 illum
2438 2647 2708 2710 asinum.
2749 2670 2805 2708 ιο

418 2753 936 2817 reconcilians
986 2754 1209 2819 corda
1254 2755 1679 2836 principum
1715 2754 1978 2836 populi
2016 2758 2287 2819 terrae:
2338 2753 2462 2818 sibi
2501 2773 2709 2818 recon-

419 2859 642 2923 cilians
684 2860 786 2923 uel
825 2859 1094 2923 Iudaeos
1143 2860 1246 2923 uel
1294 2879 1475 2943 reges
1522 2863 1746 2937 terrae,
1788 2861 1894 2942 qui
1932 2860 2133 2942 primo
2174 2861 2752 2943 persequebantur-

424 2966 780 3030 ecclesiam.
860 2965 1163 3030 seduxit
1209 2967 1458 3029 autem
1506 2985 1632 3031 eos
1680 2966 1752 3030 in
1800 2967 1997 3031 uiam
2046 2986 2256 3049 quam
2307 2987 2445 3031 non
2496 2986 2710 3033 noue-

418 3076 611 3137 rant:
680 3072 1038 3137 subruendo
1095 3071 1258 3155 legis
1317 3092 1532 3153 opera,
1585 3077 1659 3138 ut
1722 3073 2099 3155 simpliciter
2159 3074 2707 3157 intellege1·entur;

419 3179 567 3243 hinc
641 3180 732 3243 eis
808 3178 988 3243 uisus
1047 3181 1146 3243 est
1202 3182 1513 3262 peccator.
1601 3200 1725 3262 quo
1803 3200 2005 3245 errore
2080 3181 2462 3245 tenebrati
2538 3185 2809 3245 suntne

420 3292 799 3369 tamquam
849 3286 1131 3350 ebrius.

598 3497 632 3548 2
668 3495 766 3550 Iob
811 3498 893 3550 12.
935 3497 999 3549 17
1156 3500 1190 3550 4
1228 3498 1323 3551 Iob
1368 3498 1449 3561 12,
1496 3498 1562 3551 17
1691 3500 1739 3551 5.
1780 3501 1811 3553 6
1850 3498 1946 3551 Iob
1989 3500 2074 3561 12,
2115 3500 2180 3554 18
2309 3499 2340 3551 7
2382 3498 2479 3551 Iob
2524 3498 2605 3552 12.
2645 3496 2710 3549 19

420 3587 468 3639 9.
512 3585 571 3637 11
615 3584 710 3639 Iob
755 3587 836 3643 12,
875 3585 945 3638 20
1092 3587 1156 3639 12
1197 3586 1314 3639 Gal.
1353 3589 1406 3654 4,
1444 3588 1477 3640 9
1602 3586 1667 3639 13
1706 3587 2026 3654 Matth.·25‚
2070 3590 2135 3642 12
2284 3590 2348 3641 14
2383 3585 2476 3639 Iob
2521 3587 2605 3647 12,
2643 3586 2712 3639 22

424 3675 487 3726 15
526 3672 622 3725 Iob
667 3675 748 3732 12,
788 3674 858 3727 22
944 3674 1008 3727 17
1046 3672 1144 3725 Iob
1188 3673 1269 3737 12,
1309 3675 1375 3727 23
1468 3674 1535 3727 19
1573 3673 1669 3726 Iob
1715 3674 1796 3738 12,
1837 3675 1904 3728 23
1991 3675 2053 3728 21
2097 3675 2194 3728 Iob
2239 3676 2322 3738 12,
2361 3675 2430 3726 24
2507 3675 2575 3728 23
2611 3673 2711 3727 Iob

424 3762 504 3824 12,
546 3763 614 3815 24
723 3764 791 3815 25
828 3762 927 3816 Iob
969 3762 1051 3823 12,
1091 3764 1159 3815 25

497 3886 519 3937 l
564 3888 620 3937 et
656 3901 757 3938 om.
797 3885 939 3937 Hier
1117 3883 1367 3954 perdedit
1404 3884 1451 3939 S
1627 3885 1659 3937 2
1700 3884 2065 3939 consolatores
2109 3885 2158 3939 G
2198 3885 2534 3939 consiliarios
2571 3885 2717 3939 Hier

423 3974 455 4027 3
494 3972 788 4041 subiungat
830 3972 877 4025 C
1001 3975 1032 4027 6
1070 3973 1124 4027 id
1165 3977 1249 4027 est
1286 3988 1387 4029 om.
1432 3973 1483 4027 G
1594 3975 1624 4025 7
1664 3972 1885 4027 baltheo
1926 3973 1956 4027 b
2102 3974 2337 4043 lumbos]
2379 3990 2535 4027 renes
2573 3974 2718 4028 Hier

421 4061 454 4116 9
491 4063 784 4132 permutat]
826 4066 1014 4132 puetat
1052 4062 1096 4114 C
1240 4063 1304 4116 13
1345 4063 1525 4132 coepit
1564 4063 1615 4131 a]
1653 4066 1876 4132 accepta
1917 4061 1967 4116 G
2107 4064 2172 4116 15
2209 4061 2462 4131 producit
2504 4062 2555 4117 G
2593 4080 2716 4132 per·

423 4149 577 4204 duxit
618 4150 666 4204 0
827 4153 890 4205 16
930 4154 1312 4219 agnosceretur
1347 4151 1433 4204 Pb
1602 4152 1667 4204 18
1705 4152 1946 4205 ecclesiis
1989 4151 2037 4205 C
2203 4151 2268 4204 19
2307 4151 2354 4203 si
2389 4155 2636 4205 sternens
2676 4151 2723 4206 S

422 4241 491 4293 20
531 4240 620 4292 uia
666 4239 937 4293 deducens
982 4240 1125 4293 Hier
1170 4240 1312 4292 uiam
1362 4240 1631 4293 deducens
1670 4240 1714 4294 S
1822 4242 1889 4293 23
1938 4239 2124 4294 eduxit
2168 4240 2299 4293 TPb
2408 4240 2534 4293 illos
2573 4239 2720 4316 Hier

423 4330 515 4382 uia
552 4328 695 4383 Hier
800 4331 869 4383 24
902 4330 1317 4397 intellegeretur
1364 4328 1462 4382 TC
1569 4332 1636 4383 *25
1678 4334 1733 4383 et
1772 4328 2024 4383 errabant
2062 4330 2202 4383 sicut
2241 4328 2421 4383 ebrius
2459 4328 2648 4384 SHier
