3076 4976
639 477 1114 545 Quaestionum
1154 479 1264 532 lib.
1302 479 1406 533 VII
1450 479 1736 545 (Quaest.
1776 480 1851 533 de
1889 480 2278 549 Iudicibus).
2471 484 2601 547 473

403 676 565 739 XLI.
615 673 846 754 Quaeri
895 676 1062 740 solet
1108 675 1259 758 quid
1309 677 1393 741 sit
1449 677 1729 759 „ephud“
1780 677 1881 741 uel
1938 676 2200 759 „ephod
2251 677 2420 758 quod
2469 675 2604 758 qui-

316 782 456 846 dem
506 783 557 846 si
608 783 995 848 sacerdotale
1043 787 1142 847 est
1189 783 1648 860 indumentum,
1690 783 1858 866 quod
1895 784 2178 866 plerique
2219 783 2457 858 dicunt,
2498 781 2602 846 uel

316 890 531 971 potius
599 888 1251 971 superindumentum,
1320 890 1488 972 quod
1555 887 1853 972 ὲπὲνδυμα
1919 908 2138 972 graece
2204 888 2435 952 dicitur
2498 886 2605 950 uel

316 991 561 1079 ὲπωμίς,
610 997 781 1078 quod
835 996 1040 1080 magis
1099 995 1614 1079 superhumerale
1670 995 2066 1076 interpretari
2126 995 2318 1058 latine
2366 997 2600 1076 potest,

247 1131 272 1166 ⁵
315 1102 537 1167 merito
585 1105 806 1168 mouet
852 1103 1168 1184 quomodo
1220 1103 1295 1166 de
1341 1105 1516 1166 tanto
1567 1122 1718 1167 auro
1761 1101 2019 1167 Gedeon
2067 1101 2130 1165 id
2169 1101 2408 1165 fecerit.
2457 1119 2601 1163 uam

314 1206 405 1270 ita
452 1208 759 1290 scriptum
808 1210 937 1271 est:
1001 1210 1065 1271 et
1112 1207 1416 1272 factum
1474 1208 1600 1271 est
1653 1207 1964 1289 pondus
2027 1207 2432 1271 inaurium
2481 1225 2600 1269 au-

315 1332 623 1377 rearum
681 1333 879 1395 quas
934 1313 1299 1396 petierat
1346 1313 1537 1377 sicli
1588 1313 1814 1377 mille
1864 1313 2378 1397 septingenti
2427 1312 2600 1375 auri

314 1423 638 1501 praeter
694 1419 1155 1484 brachialia
1211 1424 1290 1484 et
1342 1424 1678 1502 torques
1738 1423 1813 1483 et
1871 1420 2377 1501 operimenta
2431 1438 2600 1502 pur-

313 1545 561 1607 purea
608 1546 807 1609 quae
855 1530 1087 1591 erant
1135 1546 1376 1609 super
1419 1545 1658 1610 reges
1707 1526 2048 1603 Madian,
2087 1530 2413 1611 praeter
2450 1528 2601 1589 tor-

227 1660 277 1698 ιο
316 1652 509 1714 ques
586 1652 784 1715 quae
862 1636 1091 1697 erant
1153 1632 1228 1697 in
1296 1631 1770 1697 ceruicibus
1840 1633 2329 1697 camelorum
2395 1633 2599 1715 ipso-

314 1759 499 1803 rum.
582 1742 660 1802 et
732 1739 939 1803 fecit
1012 1738 1226 1802 illud
1294 1738 1616 1804 Gedeon
1684 1738 1760 1802 in
1828 1739 2090 1822 ephud
2157 1743 2234 1803 et
2297 1740 2605 1802 statuit

313 1845 525 1908 illud
581 1845 656 1908 in
716 1845 1066 1910 ciuitate
1126 1846 1399 1910 suain
1456 1844 1742 1928 Ephra.
1811 1850 1888 1910 et
1952 1846 2416 1911 fornicatus
2477 1849 2603 1909 est

315 1953 570 2017 omnis
614 1952 933 2017 Israhel
980 1956 1169 2034 post
1212 1952 1425 2017 illud
1470 1952 1588 2016 ibi
1636 1956 1714 2017 et
1760 1953 2065 2017 factum
2113 1956 2239 2016 est
2278 1950 2599 2016 Gedeon

314 2062 391 2122 et
438 2059 702 2123 domui
754 2059 929 2124 eius
978 2059 1052 2123 in
1102 2059 1595 2124 scandalum.
1664 2060 1978 2143 quomodo
2027 2077 2176 2143 ergo
2224 2057 2349 2122 ista
2396 2059 2599 2122 uestis

224 2193 274 2230 ιε
314 2165 389 2229 de
435 2169 611 2229 tanto
661 2184 812 2231 auro
860 2165 994 2231 fieri
1041 2166 1301 2248 potuit?
1349 2186 1492 2230 nam
1543 2170 1608 2230 et
1652 2169 1855 2249 mater
1903 2164 2218 2230 Samuelis
2268 2164 2421 2228 fecit
2466 2163 2599 2228 filio

312 2292 450 2348 sue,
499 2272 668 2336 sicut
712 2272 1009 2356 legimus,
1051 2273 1264 2355 ephud
1309 2273 1439 2350 bar,
1490 2272 1659 2354 quod
1697 2272 1983 2336 nonnulli
2020 2270 2414 2352 interpretati
2452 2273 2603 2334 sunt

321 2378 568 2461 „ephud
613 2378 918 2455 li11eum“,
959 2379 1206 2462 quando
1248 2399 1392 2443 eum
1435 2378 1611 2442 dedit
1648 2378 1901 2443 domino
1940 2378 2003 2441 in
2044 2378 2282 2459 templo
2324 2376 2601 2440 nutrien-

312 2484 492 2549 dum:
550 2485 661 2549 ubi
718 2484 1079 2551 euidentius
1134 2486 1394 2570 adparet
1448 2485 1568 2551 hoc
1625 2505 1825 2569 genus
1885 2504 2023 2549 esse
2070 2483 2445 2547 indumenti.
2521 2502 2596 2546 an

311 2592 451 2656 ideo
502 2591 745 2656 dictum
793 2595 918 2657 est:
969 2594 1276 2657 statuit
1322 2592 1533 2656 illud
1592 2591 1667 2655 in
1724 2591 2077 2657 ciuitate
2125 2610 2286 2668 sua,
2335 2593 2409 2654 ut
2452 2589 2600 2654 hinc

217 2729 270 2766 8⁰
312 2699 790 2783 intellegeretur
844 2720 1106 2764 aureum
1165 2700 1359 2765 fuisse
1416 2701 1701 2764 factum?
1777 2718 1900 2764 non
1969 2698 2134 2762 enim
2201 2698 2444 2762 dictum
2502 2701 2602 2761 est

319 2807 640 2889 „posuit“,
691 2807 800 2871 sed
865 2806 1272 2884 „statuit“,
1330 2806 1629 2888 quoniam
1686 2806 1776 2870 ita
1832 2809 1965 2870 erat
2011 2804 2285 2869 solidum
2337 2808 2400 2868 et
2445 2804 2644 2868 uali·.

313 2913 485 2988 dum,
537 2915 609 2977 ut
655 2914 853 2978 statui
901 2918 1141 2996 posset,
1190 2915 1310 2979 hoc
1358 2916 1459 2979 est
1501 2914 1786 2996 positum
1837 2918 2020 2978 stare.

399 3020 540 3084 Hoc
589 3039 736 3103 ergo
785 3021 1103 3085 inlicitum
1152 3040 1294 3085 cum
1344 3021 1605 3085 fecisset
1645 3020 1922 3098 Gedeon,
1962 3020 2425 3084 fornicatus
2476 3022 2604 3082 est

310 3130 498 3208 post
553 3126 766 3191 illud
823 3128 1080 3192 omnis
1137 3127 1480 3207 Israhel,
1528 3128 1594 3191 id
1652 3131 1752 3191 est
1807 3126 2126 3208 sequendo
2176 3126 2336 3189 illud
2385 3130 2602 3189 contra

217 3261 271 3299 25
308 3233 520 3317 legem
569 3234 689 3298 dei.
739 3234 848 3298 ubi
895 3255 1016 3300 non
1064 3235 1301 3299 frustra
1346 3234 1691 3317 quaeritur,
1737 3253 1881 3298 cum
1929 3232 2171 3296 idolum
2218 3251 2341 3297 non
2390 3232 2600 3310 fuerit,

309 3340 374 3403 id
433 3344 533 3405 est
588 3341 967 3423 cuiusquam
1026 3341 1125 3405 dei
1174 3341 1320 3406 falsi
1368 3343 1432 3405 et
1480 3340 1667 3404 alieni
1718 3340 2154 3416 simulacrum,
2206 3339 2316 3403 sed
2367 3338 2598 3420 ephud,

310 3446 375 3510 id
424 3450 523 3511 est
558 3467 757 3512 unum
796 3448 872 3511 de
911 3448 1322 3512 sacramentis
1362 3447 1752 3511 tabernaculi
1791 3446 1958 3529 quod
1998 3446 2074 3510 ad
2112 3448 2361 3510 uestem
2401 3463 2600 3509 sacer-

310 3552 589 3617 dotalem
633 3553 992 3636 pertineret,
1044 3554 1359 3635 quomodo
1408 3552 1888 3618 fornicationem
1937 3553 2249 3636 scriptura
2287 3551 2458 3617 dicat
2493 3571 2601 3636 po-

489 3744 522 3797 6
559 3743 678 3798 Iud.
717 3744 770 3807 8,
804 3744 892 3798 26.
931 3746 997 3799 27
1113 3746 1177 3799 15
1216 3745 1281 3800 cf.
1318 3745 1346 3798 Ι
1382 3745 1515 3815 Reg.
1558 3748 1607 3807 2,
1651 3747 1717 3799 18

385 3869 409 3921 1
453 3867 580 3921 efud
621 3870 720 3932 (εἰσ
744 3868 867 3935 sere
901 3875 1124 3938 semper)
1164 3869 1319 3923 PSN
1334 3869 1437 3922 VT
1626 3869 1753 3923 efod
1790 3870 1888 3924 (sie
1912 3871 2036 3937 sere
2068 3874 2290 3937 semper)
2329 3867 2493 3921 PSN
2500 3867 2606 3920 VT

308 3955 529 4027 quidam
567 3957 626 4009 N
806 3958 839 4011 2
879 3958 923 4010 si
961 3974 1063 4013 om.
1104 3958 1164 4010 N
1312 3958 1665 4012 sacerdotalis
1701 3958 1764 4012 N
1940 3960 1972 4011 3
2012 3957 2294 4027 ependima
2331 3955 2493 4010 PSN
2505 3955 2604 4008 VT

303 4048 341 4100 4
381 4046 585 4114 epomis
623 4045 897 4100 PSNVT
1036 4047 1226 4116 latine]
1265 4047 1404 4100 solet
1443 4049 1761 4113 (semieras.)
1802 4047 1847 4101 S
1987 4052 2111 4117 post
2146 4044 2212 4099 N
2386 4047 2415 4098 7
2456 4042 2597 4112 sicli]

306 4132 475 4187 σι’-κλοι
512 4134 628 4187 cod.
667 4134 825 4188 Alex.
866 4141 915 4189 et
950 4135 1090 4204 Lay.
1237 4137 1269 4189 9
1306 4141 1696 4205 super—erant
1732 4152 1833 4191 om.
1881 4135 1931 4188 T
2082 4135 2146 4188 12
2186 4134 2297 4189 esra
2333 4133 2494 4188 PSN
2502 4132 2606 4190 VT

308 4223 377 4275 15
416 4222 708 4276 samuhelis
747 4222 847 4277 SV
990 4224 1101 4277 filio
1140 4241 1207 4278 ecc
1243 4225 1360 4277 suio
1401 4243 1466 4279 m.
1505 4228 1544 4277 2
1569 4226 1625 4279 P
1725 4225 1788 4277 16
1828 4223 2055 4278 efudbar
2080 4223 2294 4277 PNSV
2330 4224 2519 4279 esubar
2554 4224 2605 4278 T

309 4311 375 4364 17
417 4309 631 4364 domino
670 4327 772 4367 om.
822 4310 875 4363 V
1000 4314 1061 4366 18
1100 4313 1456 4367 euendentius
1504 4314 1574 4367 V²
1693 4315 1759 4367 25
1801 4300 1891 4366 (Ἡ
1929 4330 2006 4366 an
2044 4298 2135 4367 <iffi
2172 4314 2244 4367 eit
2282 4314 2507 4367 dubium
2555 4313 2606 4366 T

305 4400 377 4452 27
416 4398 473 4452 id
511 4416 581 4454 er.
620 4400 684 4452 in
719 4416 819 4470 my.
861 4400 991 4455 add.
1030 4418 1097 4455 m.
1139 4405 1178 4454 2
1227 4401 1276 4455 V
