3076 4976
271 1702 321 1739 10

274 2233 322 2271 15

620 522 1095 585 Quaestionum
1135 521 1244 574 lib.
1288 521 1332 573 V
1374 521 1669 589 (Quaest.
1712 522 1783 576 de
1823 523 2386 592 Deuteronomio).
2517 528 2646 591 395

358 718 737 797 tempore.
798 716 865 779 si
924 718 1187 779 autem
1243 735 1519 780 uerum
1576 719 1884 782 factum
1943 718 2056 782 sit
2109 718 2256 784 hoc
2313 722 2646 784 uerbum

360 824 437 884 et
471 841 615 887 non
650 822 1180 886 inueniantur
1208 823 1658 907 uirginalia
1685 825 2035 907 puellae,
2077 828 2154 889 et
2190 826 2650 908 producent

360 927 1073 994 adulescentulam
1155 930 1245 994 ad
1312 931 1629 995 ianuam
1700 932 1978 997 domus
2046 935 2310 1016 patris
2378 934 2646 1015 ipsius

360 1037 436 1097 et
481 1034 971 1122 lapidabunt
1019 1056 1178 1101 eam
1232 1037 1391 1101 uiri
1440 1038 1831 1102 ciuitatis
1883 1038 2057 1102 eius
2097 1039 2172 1102 in
2212 1038 2646 1120 lapidibus

361 1144 436 1204 et
481 1141 899 1211 morietur,
949 1143 1326 1224 quoniam
1375 1144 1583 1208 fecit
1627 1144 2239 1226 inprudentiam
2292 1145 2368 1208 in
2421 1145 2648 1210 filiis

357 1249 680 1312 Israhel
730 1249 1245 1331 prostituere
1295 1251 1607 1315 domum
1663 1252 1927 1332 patris
1978 1252 2132 1318 sui:
2185 1253 2262 1314 et
2318 1251 2647 1315 auferes

359 1354 803 1437 malignum
853 1374 934 1419 ex
985 1356 1221 1420 uobis
1288 1356 1521 1437 ipsis.
1593 1358 1747 1421 satis
1815 1357 1961 1421 hinc
2030 1357 2289 1439 adparet
2354 1357 2646 1439 quemad-

357 1461 617 1525 modum
696 1462 983 1526 subditas
1050 1462 1318 1526 feminas
1385 1461 1542 1526 uiris
1611 1465 1674 1526 et
1737 1481 1935 1544 paene
2001 1462 2273 1525 famulas
2345 1462 2444 1525 lex
2510 1482 2649 1527 esse

358 1569 635 1633 uoluerit
681 1588 924 1645 uxorea,
968 1570 1134 1651 quod
1176 1568 1388 1633 dicens
1431 1568 1738 1633 aduersus
1779 1587 2036 1633 uxorem
2074 1568 2175 1633 uir
2212 1568 2648 1633 testimonium

359 1675 523 1740 unde
569 1676 957 1758 lapidaretur
1002 1676 1132 1751 illa,
1184 1676 1237 1740 si
1286 1677 1406 1740 hoc
1453 1695 1677 1739 uerum
1729 1694 1868 1740 esse
1917 1675 2473 1752 demonstraretur,
2515 1676 2649 1757 ipse

358 1786 565 1846 tamen
614 1803 736 1847 non
782 1783 1072 1847 uicissim
1118 1783 1455 1865 lapidatur,
1508 1783 1562 1873 si
1613 1782 1730 1846 hoc
1787 1782 2023 1846 falsum
2072 1801 2211 1845 esse
2269 1782 2649 1857 constiterit,

361 1890 470 1953 sed
491 1889 929 1954 tantummodo
953 1890 1302 1973 castigatur
1323 1893 1386 1954 et
1408 1888 1848 1953 damnificatur
1867 1889 2050 1971 eique
2074 1892 2374 1970 perpetuo
2396 1887 2653 1953 iubetur

361 1993 692 2058 adhaerere
742 2013 864 2077 qua
911 2014 1117 2058 carere
1167 1995 1472 2059 uoluerat.
1522 1994 1588 2058 in
1637 1994 1778 2058 aliis
1828 1998 2040 2058 autem
2083 1995 2292 2058 causis
2333 2013 2501 2070 eum,
2543 1996 2651 2077 qui

360 2102 726 2166 testimonio
792 2103 954 2166 falso
1014 2100 1309 2183 cuiquam
1366 2100 1672 2176 nocuerit,
1724 2120 1870 2182 quo,
1919 2101 1975 2164 si
2020 2101 2411 2182 probaretur,
2460 2101 2653 2165 iussit

363 2207 583 2282 occidi,
633 2207 851 2272 eadem
898 2227 1098 2290 poena
1143 2208 1336 2290 plecti
1381 2207 1582 2281 iubet,
1635 2226 1758 2289 qua
1804 2207 2033 2284 fuerat,
2086 2207 2139 2271 si
2187 2227 2410 2272 uerum
2461 2212 2650 2285 esset,

361 2314 484 2378 iste
531 2315 927 2395 plectenduS.

450 2420 776 2484 XXXIIII.
829 2419 902 2486 Si
953 2425 1199 2486 autem
1249 2420 1635 2485 inuenerit
1693 2419 1977 2502 aliquis
2034 2422 2366 2504 puellam
2427 2423 2654 2505 uirgi-

359 2547 522 2592 nem
562 2547 746 2611 quae
788 2533 1149 2611 sponsata
1188 2547 1324 2593 non
1364 2532 1482 2592 est
1521 2532 1594 2592 et
1630 2527 1780 2591 uim
1819 2528 2111 2593 faciens
2151 2529 2218 2592 ei
2258 2529 2654 2594 dormierit

363 2654 524 2699 cum
586 2655 663 2699 ea
714 2639 786 2698 et
841 2635 1198 2700 inuentus
1255 2635 1511 2711 fuerit,
1573 2634 1784 2698 dabit
1837 2634 2053 2698 homo
2105 2636 2230 2717 qui
2288 2636 2653 2700 dormiuit

365 2759 524 2805 cum
574 2762 654 2806 ea
702 2743 902 2824 patri
950 2743 1249 2825 puellae
1309 2742 1857 2826 quinquaginta
1916 2740 2302 2825 didragma
2358 2743 2650 2826 argenti

364 2852 436 2911 et
482 2849 730 2931 ipsius
780 2849 923 2914 erit
970 2869 1167 2926 uxor,
1219 2849 1392 2932 quia
1440 2849 1890 2913 humiliauit
1937 2868 2122 2925 eam3
2173 2868 2310 2913 non
2370 2849 2655 2931 poterit

363 2955 754 3021 dimittere
805 2975 959 3020 eam
1006 2976 1135 3037 per
1181 2975 1388 3020 omne
1436 2960 1756 3037 tempus.
1805 2956 2032 3020 merito
2075 2954 2401 3036 quaeritur
2438 2959 2652 3019 utrum

359 3063 488 3127 ista
530 3082 733 3145 poena
780 3064 884 3134 sit,
934 3054 1174 3126 utnon
1223 3082 1359 3126 eam
1399 3063 1608 3145 possit
1647 3061 1967 3125 dimittere
2007 3080 2117 3143 per
2156 3080 2338 3126 omne
2377 3065 2652 3143 tempuS,

360 3189 553 3250 quam
601 3169 948 3234 inordinate
998 3173 1186 3251 atque
1231 3169 1475 3232 inlicite
1522 3168 1815 3233 uiolauit.
1867 3169 1921 3231 si
1970 3169 2135 3232 enim
2187 3168 2264 3232 ob
2314 3167 2433 3233 hoc
2471 3168 2653 3231 intel-

270 3305 325 3339 τε,
361 3276 572 3360 legere
622 3275 1013 3341 uoluerimus
1063 3295 1197 3340 eam
1248 3293 1368 3339 non
1426 3294 1638 3357 posse,
1688 3274 1752 3338 id
1803 3278 1901 3338 est
1955 3293 2076 3338 non
2138 3274 2364 3338 debere
2419 3274 2655 3339 dimitti

364 3402 473 3466 per
520 3402 699 3447 omne
756 3386 1032 3464 tempuS,
1093 3381 1240 3464 quia
1296 3401 1450 3446 uxor
1496 3382 1721 3445 effecta
1769 3384 1886 3455 est,
1937 3371 2226 3445 occurret
2278 3380 2436 3444 illud
2485 3381 2656 3462 quod

362 3488 656 3572 permisit
718 3489 976 3570 Moyses
1043 3488 1188 3552 dare
1252 3489 1547 3552 libellum
1612 3488 1861 3571 repudii
1928 3491 1990 3551 et
2038 3487 2372 3552 dimittere.
2439 3487 2501 3550 in
2552 3487 2652 3552 his

364 3598 573 3660 autem
615 3596 722 3678 qui
758 3596 1001 3660 inlicite
1038 3596 1268 3660 uitiant
1318 3596 1525 3660 noluit
1561 3595 1771 3670 licere,
1813 3614 1887 3659 ne
1927 3594 2004 3658 ad
2043 3593 2389 3659 ludibrium
2428 3594 2653 3659 fecisse

363 3701 657 3767 uideatur
701 3706 766 3766 et
810 3704 1026 3785 potius
1092 3703 1347 3767 finxisse
1415 3702 1586 3784 quod
1654 3721 1789 3766 eam
1838 3720 2095 3766 uxorem
2162 3700 2407 3766 duxerit
2464 3720 2653 3783 quam

548 3929 611 3981 17
650 3928 811 3981 Deut.
852 3928 939 3982 22.
980 3929 1065 3981 28.
1105 3928 1172 3981 29
1285 3928 1351 3980 27
1393 3926 1459 3980 cf.
1500 3926 1666 3980 Deut.
1704 3927 1792 3988 24,
1836 3928 1885 3980 3.
1926 3928 1959 3979 4
2000 3929 2070 3990 (l.
2112 3927 2194 3991 2);
2235 3925 2428 3979 Matth.
2468 3927 2518 3988 5,
2557 3926 2648 3988 31;

366 4016 450 4080 19,
491 4019 547 4081 73
586 4017 750 4071 Marc.
795 4017 875 4074 10,
915 4019 950 4070 4

438 4178 463 4229 1
521 4177 615 4245 sit]
662 4176 829 4229 fuerit
876 4175 924 4228 T
1064 4176 1098 4228 2
1150 4180 1205 4228 et
1242 4179 1371 4242 post
1416 4174 1629 4243 puellae
1678 4190 1795 4241 exp.
1833 4190 1900 4225 m.
1939 4175 1975 4224 2
2020 4171 2072 4223 V
2210 4169 2651 4240 5⁴inpudentia1n

361 4263 578 4318 NT²bd
674 4266 707 4318 8
745 4265 961 4318 feminis
998 4264 1052 4316 V
1150 4264 1213 4317 10
1252 4263 1708 4316 demonstrauerit
1741 4261 1795 4315 U
1801 4265 1810 4295 ¹
1915 4262 1978 4314 13
2017 4259 2254 4312 uoluerit
2281 4258 2327 4313 S
2417 4259 2482 4311 14
2522 4259 2649 4326 quo]

363 4370 522 4422 quem
578 4353 753 4407 11de
863 4355 925 4407 17
968 4353 1231 4421 uirginem
1270 4368 1371 4407 om.
1413 4351 1458 4405 S
1574 4352 1641 4405 19
1681 4349 1959 4403 dormierit
1996 4349 2042 4403 S
2145 4348 2214 4401 20
2253 4347 2560 4416 didragmas
2608 4346 2657 4399 T

364 4442 704 4512 didragmata
743 4442 816 4495 1²²
851 4442 1162 4496 didrachma
1192 4441 1266 4494 bd
1362 4441 1431 4494 22
1472 4457 1589 4493 earn
1629 4455 1730 4492 om.
1772 4437 1817 4491 S
1921 4440 1989 4493 26
2029 4437 2257 4491 occurrit
2296 4436 2369 4490 bd
