3076 4976
440 507 566 571 358
1144 506 1195 557 S.
1257 504 1525 558 Aureli
1581 504 2020 574 Augustini

440 699 557 762 dei
606 698 675 761 in
727 698 967 762 sulcis
1016 698 1426 774 uinearum,
1475 698 1799 763 maceria
1846 698 2018 762 hinc
2059 702 2131 762 et
2168 699 2496 764 maceria
2535 700 2727 764 hinc.

437 805 662 869 merito
704 805 1046 886 quaeritur,
1097 804 1152 868 si
1199 804 1342 869 hinc
1394 809 1582 888 atque
1629 805 1774 870 inde
1820 806 2128 870 maceriae
2175 806 2239 870 in
2287 806 2495 871 medio
2543 827 2731 890 pone-

436 912 590 976 bant
636 911 826 987 uiam,
877 911 1046 975 sicut
1091 910 1224 975 fieri
1274 911 1459 989 solet,
1501 911 1815 994 quomodo
1853 912 1942 976 ibi
1982 915 2156 977 stans
2194 914 2460 997 angelus
2500 913 2734 979 dicitur

438 1020 698 1083 stet-isse
738 1018 798 1081 in
820 1018 1037 1082 sulcis
1077 1018 1435 1092 uinearum3
1485 1037 1687 1100 neque
1735 1019 1901 1082 enim
1950 1019 2014 1082 in
2063 1020 2168 1084 uia
2212 1019 2380 1084 inter
2424 1021 2729 1085 macerias

436 1128 782 1209 potuerunt
838 1125 1001 1189 sulci
1057 1143 1197 1190 esse
1254 1126 1603 1189 uinearum.
1682 1124 1795 1188 sed
1853 1125 2001 1190 ordo
2058 1127 2397 1192 uerborum
2456 1132 2581 1192 est:
2649 1131 2733 1191 ut
2792 1153 2818 1192 5

440 1233 859 1317 corrigeret
905 1251 1060 1297 eam
1109 1232 1178 1296 in
1229 1232 1381 1309 uia,
1437 1232 1763 1297 maceria
1816 1232 1990 1296 hinc
2039 1237 2112 1297 et
2158 1234 2485 1298 maceria
2533 1234 2727 1300 hinc.

433 1340 495 1404 in
563 1340 680 1403 hac
747 1357 895 1422 ergo
961 1340 1067 1403 uia
1135 1340 1447 1423 corrigere
1510 1339 1722 1403 uoluit
1785 1339 2027 1404 asinam
2081 1340 2366 1416 Balaam,
2431 1344 2505 1405 ut
2566 1340 2732 1404 inter

433 1447 740 1511 macerias
789 1444 1160 1509 ambularet.
1234 1445 1685 1526 interpositum
1743 1449 1842 1509 est
1897 1451 2138 1510 autem:
2197 1449 2271 1510 et
2326 1447 2552 1512 stetit
2620 1467 2727 1510 an-

434 1555 652 1637 gelus
711 1552 829 1616 dei
886 1552 958 1615 in
1017 1552 1256 1616 sulcis
1314 1552 1731 1629 uinearum,
1788 1552 1850 1615 in
1910 1572 2034 1617 una
2082 1552 2331 1618 scilicet
2378 1554 2727 1631 uinearum,

443 1678 603 1741 quae
671 1660 733 1723 in
799 1658 1007 1723 medio
1069 1659 1386 1741 ponebant
1449 1659 1642 1722 uiam.
1738 1662 1811 1723 et
1885 1678 2045 1724 cum
2119 1660 2451 1741 uidisset
2523 1659 2818 1726 asinam

437 1766 790 1849 angelum
860 1765 1009 1841 dei,
1077 1765 1530 1846 compressit
1597 1785 1674 1829 se
1740 1765 1828 1829 ad
1893 1766 2289 1848 parietem,
2355 1766 2422 1828 id
2488 1770 2587 1830 est
2652 1766 2730 1828 ad

437 1872 770 1936 maceriam
821 1871 998 1936 illius
1047 1872 1270 1955 utique
1317 1872 1562 1948 uineae,
1610 1872 1671 1935 in
1723 1891 1847 1953 qua-
1892 1891 2014 1935 non
2063 1876 2197 1937 erat
2243 1874 2530 1956 angelus,
2579 1894 2731 1956 quo·

438 1979 601 2042 niam
653 1978 729 2042 ab
779 1979 901 2042 alia
950 1983 1127 2062 parte
1176 1984 1312 2043 erat
1357 1979 1418 2042 in
1471 1979 1669 2043 sulcis
1718 1978 2066 2043 uinearum.
2148 1983 2222 2043 et
2277 1981 2729 2063 compressit

438 2085 697 2167 pedem
747 2085 1049 2149 Balaam
1097 2086 1184 2149 ad
1231 2086 1628 2169 parietem3
1680 2088 1751 2150 et
1798 2085 2083 2150 adiecit
2129 2085 2370 2150 adhuc
2420 2086 2728 2151 caedere

441 2211 616 2257 eam.
695 2196 768 2257 et
826 2192 1184 2276 adposuit
1242 2194 1559 2278 angelus
1618 2192 1735 2257 dei
1794 2196 1866 2257 et
1922 2192 2181 2257 abiens
2240 2193 2603 2257 substitit
2655 2194 2728 2257 in
2768 2221 2819 2261 15

437 2300 604 2363 loco
667 2303 990 2383 angusto
1057 2338 1144 2346 ——
1209 2300 1335 2364 iam
1401 2320 1522 2364 non
1591 2300 1653 2363 in
1723 2300 1918 2364 sulcis
1984 2300 2334 2377 uinearum,
2394 2300 2504 2364 sed
2569 2301 2732 2365 inter

443 2405 617 2490 ipsas
667 2406 996 2482 macerias,
1043 2407 1108 2470 id
1151 2407 1347 2471 estin
1387 2408 1492 2471 uia
1531 2443 1616 2452 —
1657 2406 1729 2468 in
1780 2425 1920 2488 quo
1969 2426 2104 2471 non
2154 2407 2301 2471 fuit
2349 2406 2728 2471 declinare

441 2513 777 2577 dextram
816 2531 948 2577 nec
987 2513 1398 2578 sinistram.
1450 2516 1522 2577 et
1562 2533 1723 2577 cum
1762 2513 2097 2578 uidisset
2133 2514 2341 2577 asina
2380 2515 2727 2597 angelum

438 2619 587 2695 dei,
649 2619 1000 2684 consedit
1058 2620 1193 2683 sub
1242 2619 1566 2683 Balaam.
1643 2638 1825 2684 caesa
1872 2619 2037 2684 enim
2083 2622 2247 2683 retro
2296 2639 2415 2684 non
2464 2620 2619 2694 ibat,
2666 2620 2728 2684 in

440 2725 746 2808 parietem
814 2745 934 2789 non
1003 2745 1069 2790 se
1144 2726 1493 2806 premebat,
1574 2726 1873 2808 quoniam
1946 2744 2065 2789 non
2134 2726 2211 2789 ab
2287 2727 2482 2789 altera
2555 2728 2730 2809 parte
2768 2757 2823 2796 20

436 2831 812 2908 terrebatur,
864 2831 977 2895 sed
1024 2831 1084 2895 in
1134 2831 1343 2896 media
1380 2832 1486 2896 uia
1523 2832 1587 2896 in
1627 2836 1896 2916 angusto
1937 2833 2201 2916 angelus
2241 2837 2401 2909 erat3
2450 2832 2731 2897 restabat

444 2957 592 3021 ergo
640 2943 713 3002 ut
761 2937 1140 3002 subsideret.
1210 2942 1281 3002 et
1326 2939 1569 3003 iratus
1619 2942 1734 3003 est
1779 2940 2086 3003 Balaam
2133 2943 2204 3003 et
2248 2938 2728 3022 percutiebat

447 3043 737 3108 asinam
806 3043 1043 3128 uirga.
1130 3048 1203 3108 et
1268 3046 1568 3128 aperuit
1624 3045 1813 3109 ,deus
1881 3065 1960 3110 os
2027 3046 2279 3109 asinae
2345 3049 2419 3110 et
2482 3044 2589 3109 ait
2642 3045 2729 3107 ad

444 3150 783 3215 Balaam:
826 3150 1004 3232 quid
1043 3152 1192 3215 feci
1222 3152 1388 3227 tibi,
1422 3153 1597 3233 quia
1635 3152 2095 3234 percussisti
2132 3171 2242 3216 me
2281 3152 2509 3217 tertio
2547 3152 2726 3215 hoc?

440 3261 516 3322 et
555 3258 994 3323 aitBalaam
1037 3258 1320 3323 asinae:
1362 3259 1532 3340 quia
1562 3259 1916 3323 inlusisti
1945 3259 2146 3323 mihi.
2190 3263 2263 3324 et
2292 3259 2352 3323 si
2383 3259 2727 3323 haberem
2767 3294 2820 3334 2⁵

443 3364 785 3448 gladium
832 3365 902 3429 in
952 3385 1166 3429 manu
1214 3384 1401 3440 mea,
1450 3365 1595 3430 iam
1643 3365 2202 3431 transfixissem
2257 3370 2350 3433 te.
2427 3366 2726 3430 nimirum

436 3470 558 3535 iste
606 3474 781 3536 tanta
831 3472 1180 3554 cupiditate
1227 3472 1563 3549 ferebatur,
1613 3477 1686 3536 ut
1731 3491 1846 3536 nec
1892 3473 2052 3536 tanti
2099 3473 2367 3537 monstri
2420 3472 2728 3538 miraculo

435 3580 779 3642 terreretur
843 3582 907 3643 et
968 3579 1377 3662 responderet
1442 3579 1625 3661 quasi
1690 3578 1768 3642 ad
1832 3580 2155 3645 hominem
2228 3581 2517 3662 loquens,
2584 3599 2727 3644 cum

436 3683 593 3748 dens
651 3686 873 3769 utique
932 3705 1052 3750 non
1110 3686 1321 3751 asinae
1380 3686 1656 3749 animam
1712 3686 1776 3749 in
1836 3690 2125 3751 naturam
2172 3686 2545 3751 rationalem
2592 3705 2727 3750 uer-

619 3878 686 3932 10
721 3878 884 3931 Num.
921 3878 1007 3940 22,
1046 3877 1258 3931 25—27
1369 3878 1438 3931 22
1476 3876 1638 3931 Num.
1677 3878 1763 3941 22,
1802 3878 2014 3931 27-29

513 3984 537 4036 1
571 3999 662 4051 pr.
703 3983 971 4037 macherie
1014 3982 1062 4035 C
1156 3984 1189 4037 2
1227 3983 1410 4036 modio
1447 3984 1493 4038 S
1593 3986 1622 4037 7
1664 4002 1725 4039 ac
1767 3984 1816 4038 C
1936 3984 2229 4053 corrigeret
2259 3983 2303 4036 C
2427 3984 2579 4037 asina
2607 3981 2709 4037 SV
2713 3983 2728 4016 ¹

436 4073 471 4125 9
511 4071 596 4124 dei
635 4086 736 4124 om.
785 4071 831 4125 0
918 4073 985 4126 10
1022 4072 1260 4142 ponebat
1302 4071 1368 4126 0¹
1486 4072 1729 4126 audisset
1774 4073 1825 4127 Τ
1939 4073 2093 4127 asina
2134 4073 2182 4126 0
2270 4073 2337 4125 12
2373 4072 2651 4126 uinearum
2688 4072 2734 4125 C

440 4162 508 4215 15
546 4160 732 4214 abiens
769 4161 993 4229 scnpsi:
1027 4161 1266 4215 adiciens
1306 4159 1438 4215 libri
1545 4160 1798 4215 subsistit
1832 4161 2026 4216 CPSV
2056 4161 2310 4224 subsistit
2338 4160 2390 4214 T
2486 4161 2551 4213 17
2591 4176 2651 4213 co
2688 4159 2735 4213 C

440 4265 546 4318 qua
583 4249 628 4302 S
703 4249 766 4302 18
806 4266 978 4319 neque
1016 4249 1300 4304 PSVde
1408 4251 1559 4303 asina
1604 4250 1650 4304 0
1720 4251 1785 4305 19
1823 4251 1877 4304 in
1915 4253 2060 4304 retro
2088 4248 2386 4305 PSV¹NT
2453 4249 2523 4303 20
2553 4249 2728 4318 parie-

438 4339 572 4406 tem]
612 4344 822 4409 partem
859 4339 1099 4394 PSV¹N
1237 4340 1301 4393 21
1363 4343 1596 4408 angusta
1641 4338 1687 4393 G
1825 4339 1895 4393 26
1951 4338 2133 4408 gladio
2178 4338 2227 4392 Ο
2364 4338 2433 4392 27
2489 4341 2643 4392 tante
2688 4337 2737 4392 G

439 4427 507 4480 28
544 4427 884 4498 responderit
925 4429 971 4483 C
1074 4430 1142 4483 29
1179 4429 1557 4484 rationabilem
1600 4427 1647 4481 0
