3076 4976
536 481 562 513 Γ

533 480 661 542 024
1239 474 1291 528 S.
1349 474 1624 528 Aureli
1680 474 2115 544 Augustini

529 673 737 735 anima
782 675 1073 734 metuens
1122 668 1338 733 uenire
1387 668 1467 733 ad
1515 686 1645 733 eos.
1714 671 1792 732 et
1848 686 1884 731 a
1938 672 2194 733 morte
2252 687 2435 733 ossa
2490 688 2664 733 mea
2721 688 2825 732 re·

527 779 734 862 puli:
802 797 943 840 nam
1002 776 1204 840 ierant
1257 775 1319 839 in
1376 779 1645 840 mortem
1706 793 1851 839 ossa
1907 794 2068 853 mea,
2135 775 2257 840 nisi
2322 775 2422 841 his
2488 775 2825 841 exterritus

526 885 750 950 fortior
796 902 1000 948 essem
1050 887 1113 946 et
1150 882 1418 964 patien8‚
1458 881 1630 964 quod
1669 886 1768 946 est
1808 881 2050 946 ossium
2087 881 2374 947 firmitas,
2422 902 2571 947 non
2622 881 2825 946 enim

525 993 602 1056 in
655 989 1245 1071 sempiternum
1293 988 1561 1053 uiuam
1610 992 1697 1052 ut
1732 989 2152 1070 patienter
2186 989 2470 1053 feram:
2510 989 2825 1053 breuitate

528 1099 698 1162 uitae
738 1107 803 1160 et
838 1099 1014 1160 metu
1054 1096 1277 1160 mortis
1317 1115 1416 1159 me
1456 1095 1712 1159 correxi.
1762 1095 1929 1160 unde
1967 1095 2468 1160 inconuertibilis
2508 1094 2824 1169 diabolus,
2883 1117 2907 1156 ⁵

529 1204 677 1286 quia
749 1221 871 1267 non
944 1202 1242 1276 moritur,
1319 1201 1428 1266 sed
1506 1201 1859 1265 damnatur.
1945 1200 2277 1265 initium
2363 1200 2825 1283 sapientiae

528 1311 773 1375 timor
836 1308 981 1373 inde
1048 1311 1166 1372 est.
1232 1306 1567 1371 discede
1634 1327 1669 1371 a
1733 1326 1880 1383 me3
1947 1326 2151 1371 uana
2208 1311 2332 1371 est
2387 1307 2594 1371 enim
2651 1307 2829 1370 uita

528 1435 725 1480 mea:
795 1414 945 1497 quia
997 1433 1120 1479 non
1178 1414 1407 1478 suffero
1466 1413 1871 1478 tentationes.
1941 1417 2077 1477 aut
2133 1415 2322 1495 quia.
2386 1433 2630 1478 sensu
2689 1416 2825 1477 tuo

528 1520 973 1586 intendisti
1023 1520 1096 1584 in
1146 1523 1359 1584 eum‘?
1398 1523 1654 1602 propter
1690 1519 1859 1602 quod
1896 1520 2223 1584 rationalis
2262 1524 2379 1584 est.
2428 1520 2597 1584 unde
2635 1520 2824 1584 illud:

529 1648 670 1693 nos
737 1630 1003 1691 autem
1084 1646 1405 1691 sensum
1483 1626 1785 1690 domini
1859 1625 2269 1693 habemus,
2344 1627 2606 1691 rationis
2673 1645 2827 1691 uero
2864 1652 2908 1692 ιο

527 1754 763 1799 munus
831 1733 990 1798 dicit
1044 1733 1472 1798 extensionem
1536 1733 1927 1797 intellectus,
1997 1736 2074 1796 et
2136 1733 2212 1796 in
2278 1732 2560 1815 requie
2626 1732 2827 1796 iudi·

532 1840 758 1905 cabis
817 1844 1034 1905 eum?
1095 1839 1359 1922 dignum
1413 1839 1653 1920 requie.
1701 1857 2124 1922 usquequo
2184 1858 2297 1903 me
2356 1859 2503 1904 non
2563 1838 2827 1904 dimit·

531 1949 691 2016 tis?
751 1949 1039 2012 uinctum
1095 1947 1637 2011 tribulationibus,
1694 1965 1948 2029 neque
2007 1946 2342 2022 deseri8‚
2403 1946 2654 2010 donec
2714 1945 2827 2009 de-

532 2053 882 2140 glutiam
931 2054 1276 2118 saliuam
1323 2057 1615 2117 meam?
1663 2054 1725 2118 in
1767 2054 1982 2120 dolore
2031 2073 2102 2118 ac
2149 2053 2421 2137 flagellis
2471 2052 2828 2118 contineam

532 2165 598 2226 et
652 2161 1021 2226 absorbeam
1078 2160 1483 2242 uoluptatum
1542 2161 1746 2224 fluxus
1793 2181 1905 2243 per
1952 2161 2394 2225 tribulationes
2442 2159 2825 2224 admonitus,
2862 2185 2910 2225 ιε.

537 2268 602 2332 si
653 2285 794 2350 ego
844 2266 1206 2349 peccaui,
1257 2265 1446 2347 quid
1493 2286 1825 2349 possum
1872 2266 2030 2330 tibi
2077 2266 2394 2330 facere?
2451 2284 2679 2330 sensus
2727 2264 2831 2328 hic

534 2378 661 2439 est:
721 2374 776 2438 si
833 2373 1115 2456 peccaui,
1172 2373 1331 2436 nihil
1387 2391 1653 2456 possum
1709 2373 1827 2437 tibi
1882 2372 2106 2437 facere.
2175 2393 2251 2437 an
2309 2372 2470 2437 foite
2513 2371 2830 2454 loquendo

537 2481 793 2546 molesti
850 2480 969 2545 tibi
1028 2485 1178 2545 sunt
1230 2480 1563 2546 homines?
1627 2485 1696 2545 tu
1754 2499 1900 2565 ergo
1960 2481 2067 2563 qui
2125 2480 2250 2546 scis
2308 2499 2588 2553 sensum,
2639 2498 2831 2561 quare

534 2587 925 2653 constituisti
973 2589 1313 2666 hominem,
1362 2592 1436 2653 ut
1480 2590 1849 2671 loqueretur
1895 2588 2202 2653 aduersus
2250 2591 2333 2665 te,
2377 2591 2450 2650 ut
2495 2590 2671 2651 esset
2712 2586 2833 2652 tibi

534 2694 750 2759 oneri?
818 2694 872 2757 si
930 2699 1143 2759 autem
1200 2697 1537 2776 peccatum
1598 2694 1870 2759 hominis
1927 2713 2042 2759 nec
2097 2695 2264 2760 facto
2322 2713 2434 2759 nec
2494 2693 2667 2759 dicto
2714 2694 2831 2757 tibi
2862 2722 2909 2761 ιο

533 2804 737 2877 nocet,
787 2820 977 2882 quare
1024 2820 1144 2864 non
1196 2799 1592 2865 obliuisceris
1638 2805 1971 2884 peccatum
2019 2802 2179 2879 eiuS‚
2229 2802 2339 2866 sed
2385 2820 2623 2885 purgas
2671 2800 2830 2865 illud

534 2907 771 2991 potius,
818 2907 940 2970 nisi
990 2908 1139 2988 quia
1175 2906 1287 2970 illa
1325 2924 1485 2989 quae
1526 2926 1718 2990 supra
1756 2907 1925 2972 dicta
1963 2912 2111 2972 sunt
2149 2908 2228 2972 ad
2263 2908 2613 2972 bonitatem
2653 2910 2829 2971 tuam

532 3013 932 3077 referuntur?
982 3012 1175 3095 quid
1223 3016 1348 3077 est
1395 3012 1599 3076 enim
1639 3013 1890 3091 hom0‚
1933 3014 2140 3096 quod
2181 3014 2575 3078 exaltasti
2615 3012 2829 3080 eum?

536 3138 695 3202 quae
760 3137 882 3183 non
949 3118 1393 3202 intellegentes
1459 3119 1649 3183 amici
1715 3120 1852 3185 eius
1914 3124 2303 3202 putauerunt
2366 3120 2441 3184 ab
2510 3139 2582 3184 eo
2641 3120 2828 3183 deum

534 3223 926 3307 reprehendi.
984 3224 1038 3288 si
1097 3225 1262 3288 enim
1319 3244 1438 3291 11011
1495 3229 1824 3308 propterea
1878 3227 2036 3290 facis
2092 3227 2250 3291 mihi
2305 3226 2712 3304 tentationeS,
2760 3228 2831 3289 ut
2861 3255 2905 3293 2⁶

535 3332 864 3396 cohibeam
912 3332 1110 3397 fluxos
1159 3337 1369 3397 motus
1417 3352 1616 3410 meos,
1665 3336 1738 3396 ut
1783 3334 1940 3398 mihi
1987 3334 2078 3398 ita
2123 3334 2440 3412 consulem,
2490 3352 2651 3415 quae
2710 3333 2830 3397 alia

537 3457 729 3503 causa
776 3441 893 3515 est,
943 3442 1017 3502 ut
1065 3439 1363 3522 corripias
1411 3439 1776 3504 hominem?
1824 3458 1943 3504 non
1993 3439 2160 3504 enim
2201 3458 2421 3505 nocere
2461 3440 2579 3503 tibi
2616 3444 2832 3522 potest

718 3647 741 3699 1
782 3646 880 3700 101>
920 3647 969 3702 7.
1013 3647 1077 3699 15
1188 3648 1220 3701 3
1258 3647 1353 3700 101>
1395 3648 1442 3709 7,
1486 3647 1553 3700 16
1654 3648 1686 3700 6
1725 3646 1888 3701 secu.
1932 3649 1978 3713 1,
2022 3648 2088 3702 14
2192 3649 2222 3701 7
2260 3647 2358 3701 101>
2398 3648 2447 3707 7,
2499 3647 2559 3702 16
2661 3648 2696 3701 e
2732 3646 2827 3702 1012

536 3737 586 3799 7,
629 3736 692 3789 17
772 3736 837 3789 10
874 3736 900 3789 1
939 3734 1057 3790 Cor.
1099 3735 1148 3799 2,
1192 3737 1256 3790 16
1334 3736 1396 3789 11
1437 3736 1534 3789 101>
1577 3737 1625 3799 7,
1669 3736 1733 3789 18
1820 3738 1900 3790 12.
1945 3737 2010 3790 13
2048 3736 2144 3790 101>
2185 3737 2233 3801 7,
2276 3738 2340 3790 19
2428 3736 2492 3791 16
2529 3736 2627 3790 Iob
2671 3738 2719 3801 7,
2758 3737 2826 3790 20

534 3825 603 3879 23
640 3823 738 3877 Iob
779 3825 828 3891 7,
871 3825 934 3877 17

609 3948 639 3999 1
677 3946 868 4016 repelli
904 3946 951 4001 S
1052 3946 1086 3998 2
1124 3950 1295 4000 morte
1340 3945 1388 3999 0
1525 3947 1559 4001 3
1599 3952 1656 4001 et
1691 3963 1792 4002 om.
1839 3946 1889 4001 0
2055 3950 2086 4002 7
2123 3948 2248 4002 inde
2288 3949 2392 4018 est]
2435 3947 2639 4002 domini
2678 3954 2761 4002 est
2796 3948 2826 4001 b

530 4041 658 4104 post
696 4035 813 4087 uita
848 4051 970 4088 mea
1004 4036 1275 4103 sequitur.-
1316 4036 1445 4104 quid
1485 4040 1571 4089 est
1608 4037 1749 4089 enim
1787 4037 1948 4089 homo
1985 4053 2094 4106 sqq.
2134 4038 2196 4090 in
2231 4053 2395 4090 uersu
2431 4040 2512 4089 23
2546 4037 2610 4089 in
2647 4037 2828 4091 SHier

536 4124 571 4178 8
607 4139 730 4176 mea
768 4124 859 4191 qui
900 4140 960 4177 ex
1000 4122 1046 4178 S
1168 4125 1200 4177 9
1236 4123 1315 4192 in]
1358 4124 1424 4176 ad
1471 4124 1754 4179 TCSHier
1891 4125 1956 4178 12
1994 4143 2100 4179 11011
2137 4142 2223 4179 me
2261 4124 2309 4179 S
2433 4127 2498 4180 13
2537 4125 2751 4180 deseres
2787 4123 2829 4179 S

538 4213 607 4265 14
648 4210 874 4280 glutiam
915 4212 1056 4265 Hier
1202 4214 1266 4266 16
1304 4211 1407 4265 tibi
1445 4230 1663 4283 possum
1702 4213 1748 4268 S
1885 4214 1990 4267 tibi
2029 4230 2130 4269 om.
2171 4215 2202 4268 b
2348 4214 2824 4285 sensus—peccaui

536 4314 638 4354 om.
685 4298 732 4353 0
850 4301 914 4354 17
954 4300 1055 4353 tibi
1095 4317 1310 4370 possum
1358 4301 1411 4354 T
1549 4302 1613 4355 21
1657 4302 1986 4357 obliuisceris
2025 4319 2126 4357 om.
2173 4303 2222 4357 (J
2360 4304 2428 4357 22
2468 4320 2604 4373 quae
2642 4319 2743 4358 om.
2786 4301 2829 4355 C

537 4389 606 4443 23
647 4404 765 4442 eum
805 4392 861 4443 et
899 4396 1077 4443 cetera.
1120 4389 1251 4443 TCb
