3076 4976
485 492 603 555 XX
1407 488 1843 542 Praefatio,

486 684 699 748 addita
746 684 1093 748 uerisimile
1143 683 1214 746 fit
1258 683 1668 759 „libramenta
1713 687 1896 767 atque
1940 691 2302 747 mensuras“
2347 683 2784 766 Augustinum

484 791 723 874 legisse
770 809 998 872 meque
1047 791 1360 854 errauisse
1409 791 1518 855 illo
1565 791 1708 854 loco
1758 791 2163 854 dissuadente
2209 789 2302 851 El
2358 797 2629 870 ,,αᾳιιιιιειι
2676 808 2785 871 pro

495 901 745 977 μάραθ’ί
818 899 1305 972 restaurantem3
1375 896 1661 962 conferas
1726 897 1923 961 uelim
1987 897 2165 959 XXX
2222 898 2307 959 24
2374 916 2521 961 cum
2586 900 2634 959 t.
2702 897 2784 959 43

483 1023 630 1087 pag.
680 1003 807 1067 727
867 1002 1245 1084 (secundum
1304 1003 1470 1066 hunc
1526 1003 1742 1067 locum
1799 1003 2068 1067 fortasse
2118 1022 2265 1067 cum
2314 1002 2531 1067 codice
2581 1001 2632 1064 S
2673 1022 2785 1084 pro

493 1118 848 1190 „royarem“
903 1128 1122 1191 royarc
1179 1113 1241 1172 et
1296 1129 1407 1191 pro
1475 1113 1602 1183 „effi
1675 1128 1822 1173 cum
1876 1109 2259 1191 Hieronymo
2319 1113 2458 1186 „nst
2514 1109 2786 1173 scriben-

486 1215 640 1280 dum
688 1214 875 1297 erat);
930 1216 1008 1279 cf.
1058 1216 1367 1279 XXXIIII
1416 1218 1499 1279 30
1551 1235 1697 1280 cum
1734 1215 1846 1281 lib.
1887 1215 1962 1279 de
2001 1215 2245 1279 Natura
2282 1215 2432 1280 boni
2470 1235 2615 1299 pag.
2657 1216 2784 1279 870

484 1320 627 1407 (Zy)
676 1325 741 1385 et
788 1321 864 1385 de
915 1321 1190 1386 Ciuitate
1241 1323 1342 1387 dei
1388 1323 1420 1386 I
1466 1324 1596 1387 230
1645 1322 1882 1397 Domb;
1930 1322 2233 1386 XXXVII
2280 1324 2359 1385 21
2413 1341 2557 1385 cum
2606 1325 2652 1385 t.
2703 1324 2785 1386 36

485 1447 631 1513 pag.
663 1430 820 1502 534;
861 1429 1195 1492 XXXVIII
1238 1431 1272 1493 7
1316 1448 1458 1494 cum
1498 1430 1658 1493 libro
1700 1430 1774 1493 de
1816 1428 2008 1494 Ciuit.
2050 1429 2152 1493 dei
2188 1430 2217 1492 I
2256 1429 2414 1504 473;
2454 1428 2785 1492 XXXVIII

487 1537 527 1599 8
577 1556 721 1600 cum
770 1536 1049 1601 Retract.
1100 1543 1146 1602 t.
1189 1539 1271 1600 32
1321 1556 1464 1620 pag.
1506 1538 1658 1600 633.
1708 1536 1928 1601 eadem
1975 1536 2135 1600 ratio
2184 1535 2539 1611 intercedit,
2580 1535 2635 1600 si
2683 1535 2786 1599 alii

483 1642 609 1708 loci
676 1662 747 1706 ex
801 1643 1149 1727 Augustini
1218 1642 1473 1725 scriptis
1532 1641 1807 1727 (praeter
1859 1642 2121 1723 Adnot.)
2192 1662 2334 1706 cum
2402 1642 2786 1724 Hieronymo

485 1753 598 1813 aut
656 1748 708 1813 S
770 1749 985 1813 codice
1045 1749 1502 1832 composueris
1570 1750 1724 1813 haec
1791 1749 2178 1833 comparatio
2244 1754 2480 1825 monet,
2546 1752 2620 1812 ut
2680 1749 2787 1811 ille

488 1856 778 1937 quisquis
826 1856 1283 1938 Hieronymum
1344 1856 1430 1920 sit
1487 1856 1777 1920 editurus
1824 1856 2174 1940 Augustini
2219 1855 2681 1920 Adnotationes
2729 1857 2788 1917 et

489 1960 540 2024 S
580 1961 907 2043 respiciat3
958 1982 1103 2026 nam
1150 1964 1447 2043 plurimis
1496 1964 1655 2028 locis
1702 1964 1928 2028 horum
1978 1962 2291 2045 scriptura
2336 1966 2410 2026 ut
2465 1981 2583 2025 non
2643 1981 2782 2025 cum

484 2070 663 2132 textu
711 2068 961 2150 qualem
999 2069 1274 2133 Vallarsi
1324 2070 1576 2134 exhibet
1623 2071 1712 2134 ita
1759 2090 1903 2134 cum
1952 2070 2089 2134 eius
2137 2069 2531 2134 uariantibus
2567 2069 2786 2133 lectio-

487 2174 674 2238 nibus
742 2175 1126 2239 amicissime
1195 2176 1555 2241 concordat.
1623 2177 1740 2241 hac
1808 2177 2141 2241 occasione
2209 2175 2356 2239 data
2419 2176 2600 2240 fateri
2667 2195 2782 2237 non

488 2285 753 2345 cunctor
818 2283 1347 2362 comparationem
1406 2302 1613 2347 meam
1673 2283 2045 2365 Hieronymi
2099 2282 2238 2346 Iobi
2304 2301 2424 2345 non
2494 2281 2785 2346 omnibus

489 2406 560 2449 ex
605 2386 892 2468 partibus
944 2386 1253 2451 sufficere.
1304 2387 1369 2451 id
1416 2388 1734 2469 quomodo
1783 2389 2026 2452 factum
2073 2388 2161 2451 sit
2204 2388 2330 2451 iam
2379 2387 2639 2453 docebo.
2700 2390 2787 2451 at·

489 2513 610 2574 que
655 2493 1112 2575 Hieronymum
1162 2514 1307 2558 cum
1355 2498 1532 2559 textu
1581 2496 1903 2578 Migniano
1953 2494 2216 2571 contuli,
2263 2495 2374 2559 ubi
2416 2494 2786 2558 multotiens

489 2599 905 2680 expositionis
953 2619 1144 2665 uoces
1193 2601 1254 2664 in
1303 2601 1518 2665 locum
1564 2601 1892 2679 biblicum,
1942 2603 2292 2683 scripturae
2338 2601 2532 2665 uerba
2581 2600 2644 2664 in
2693 2620 2786 2664 ex·

487 2704 872 2788 positionem
919 2710 1172 2789 recepta
1221 2711 1395 2782 sunt3
1455 2707 1623 2771 idem
1670 2708 1733 2772 in
1783 2708 2122 2773 editionem
2170 2708 2517 2790 principem
2564 2711 2628 2771 et
2674 2708 2791 2771 Be-

488 2813 952 2876 nedictinorum
1002 2813 1191 2890 cadit,
1230 2814 1413 2877 uelut
1450 2814 1479 2876 Ι
1517 2816 1557 2878 3
1597 2815 1788 2878 donec
1833 2835 2044 2878 eorum
2087 2834 2386 2877 numerus
2422 2814 2792 2894 inpleretum

491 2920 584 2983 VI
636 2921 715 2983 13
765 2919 933 3002 (pag.
985 2921 1135 2996 519,
1187 2922 1299 3001 26)
1348 2942 1485 2982 cum
1529 2920 1687 2983 milei
1732 2921 1879 2985 bene
1925 2926 2111 2997 essct;
2157 2921 2250 2984 XI
2299 2923 2381 2985 15
2428 2919 2598 3005 (pag.
2640 2921 2790 2994 534,

495 3026 603 3109 19)
640 3047 815 3105 pura
862 3027 1235 3090 conscientia
1281 3046 1423 3108 pro:
1481 3049 1648 3107 aqua
1683 3048 1888 3108 pura:
1938 3027 2354 3102 conscientia;
2412 3027 2659 3091 XXIIII
2709 3029 2792 3090 24

492 3132 666 3216 (pag.
717 3135 866 3211 560,
922 3132 1031 3217 14)
1079 3133 1344 3196 altitudo
1391 3135 1557 3209 (ἠως,-
1613 3135 1922 3198 XXXIIII
1973 3137 2055 3199 26
2105 3144 2277 3220 (pag.
2329 3135 2478 3211 583,
2544 3135 2648 3214 17)
2706 3134 2794 3196 Iu-

489 3260 623 3302 cere
667 3239 789 3302 sibi
834 3239 1245 3314 uidebantur:
1299 3240 1571 3304 XXXVI
1620 3244 1702 3305 30
1751 3241 1922 3324 (pag.
1975 3243 2124 3318 592,
2178 3241 2288 3324 19)
2345 3261 2472 3304 ecce
2532 3240 2798 3318 effundit

489 3366 679 3428 super
724 3348 935 3410 onmia
982 3346 1175 3410 luc-em
1223 3347 1364 3413 alia.
1434 3348 1657 3412 deinde
1707 3367 1852 3412 cum
1902 3348 2185 3412 codicem
2236 3346 2286 3410 S
2329 3349 2592 3424 contuli,
2642 3347 2796 3430 quid

491 3453 864 3535 scripturae,
915 3453 1069 3534 quid
1118 3453 1529 3534 expositionis
1581 3457 1751 3518 esset
1796 3454 1952 3517 uidi.
2011 3456 2233 3519 multis
2280 3455 2440 3519 locis
2487 3454 2797 3538 Hierony·

492 3579 670 3623 mum
725 3562 836 3622 aut
884 3557 934 3622 S
989 3559 1172 3640 sequi
1230 3560 1521 3642 apposita
1577 3559 1885 3643 expositio
1934 3561 2196 3625 uetabat
2250 3580 2372 3634 me,
2420 3562 2604 3625 uelut
2647 3581 2794 3644 pag.

495 3669 645 3740 551,
699 3668 780 3730 10
812 3666 1111 3748 sulyebiQ
1166 3668 1315 3742 562,
1375 3670 1459 3731 20
1516 3667 1687 3744 solii,
1747 3686 1906 3749 quae
1961 3668 2150 3732 lectio
2198 3668 2262 3731 in
2309 3668 2656 3751 Vulgatam
2704 3687 2796 3732 re-

495 3775 681 3854 cepta
727 3775 842 3837 est.
889 3772 1031 3835 aliis
1080 3772 1238 3837 locis
1286 3773 1545 3856 longius
1594 3792 1630 3836 a
1677 3773 2002 3837 codicibus
2041 3775 2469 3848 recessissem,
2509 3773 2633 3837 nisi
2669 3775 2797 3839 Au-

495 3878 738 3962 gustini
789 3878 1104 3943 confessio
1155 3897 1314 3961 quae
1362 3878 1424 3942 in
1473 3880 1676 3944 fronte
1721 3882 1969 3961 prostat
2013 3885 2087 3943 ut
2134 3869 2421 3944 cauerem
2481 3879 2795 3945 suaderet.

494 3985 596 4048 hic
662 3986 842 4049 locus
908 3985 1279 4067 aptissimus
1346 3986 1501 4050 mihi
1568 3986 1823 4051 uidetur
1886 3987 1996 4051 ubi
2054 3987 2360 4070 quaedam
2428 3986 2799 4070 corrigenda

494 4111 869 4176 proponam:
927 4112 1070 4176 pag.
1122 4094 1272 4169 583,
1324 4096 1407 4157 23
1464 4097 1521 4156 et
1576 4098 1791 4157 cmztra
1839 4099 2080 4176 ¹qentem-
2136 4115 2245 4176 pro
2305 4093 2591 4170 „addidi·
2649 4094 2797 4158 scri-

494 4199 641 4262 bere
690 4198 1027 4263 debebam:
1069 4199 1294 4261 addidi
1330 4221 1468 4262 eum
1507 4198 1589 4276 S,·
1626 4219 1772 4284 pag.
1813 4201 1962 4275 567,
2007 4203 2088 4265 13
2129 4202 2191 4264 in
2232 4202 2537 4284 apparatu
2577 4200 2796 4264 critico

500 4303 899 4369 adiciendum
961 4308 1119 4368 erat:
1180 4305 1256 4368 ad
1302 4307 1555 4388 scripsi:
1616 4307 1691 4370 ab
1748 4306 1912 4372 libri.
1980 4308 2080 4372 his
2131 4307 2432 4389 expositis
2483 4306 2562 4370 ad
2607 4306 2798 4371 tradi-

495 4410 733 4475 tionem
784 4411 1191 4475 enarrandam
1240 4415 1658 4477 transeamus,
