3076 4976
440 433 571 496 380
1154 431 1207 484 S.
1264 430 1536 484 Aureli
1595 431 2029 500 Augustini

440 643 643 706 quae
693 624 766 688 in
819 624 1055 690 corde
1103 629 1239 690 tuo
1290 629 1510 700 sunt;
1563 646 1682 691 non
1723 626 1888 690 enim
1931 625 2053 690 ait:
2110 629 2736 709 „etcognosce1·et“;

441 731 615 811 quod
664 731 919 812 quidem
969 732 1022 795 si
1072 731 1354 807 dixisset,
1392 732 1891 816 intellegendum
1931 736 2066 797 erat
2110 732 2402 817 „cognita
2439 733 2739 797 faceret‘·‘.

535 838 739 902 XIIII.
806 839 902 902 Et
961 838 1176 903 scies
1234 839 1474 904 hodie
1536 840 1724 922 quia
1781 858 1930 904 non
1979 843 2312 922 propter
2356 839 2740 903 iustitias

443 948 628 1008 tuas
707 944 1081 1009 dominus
1159 945 1352 1010 deus
1419 948 1610 1010 tuus
1679 945 1813 1010 dat
1876 946 2035 1010 tibi
2098 949 2394 1010 terram
2461 947 2741 1011 bonam

447 1052 691 1115 istam
735 1050 1224 1128 hereditare,
1258 1052 1632 1134 quoniam
1669 1056 2022 1136 populus
2063 1053 2244 1117 dura
2284 1053 2605 1118 ceruice
2646 1072 2741 1117 es,
2809 1076 2837 1116 5

443 1160 615 1221 certe
664 1157 772 1221 isti
824 1161 993 1232 sunt,
1044 1159 1153 1240 qui
1189 1164 1522 1242 propterea
1561 1178 1682 1223 non
1721 1164 2090 1225 meruerunt
2126 1160 2329 1243 perire
2368 1160 2430 1222 in
2473 1158 2743 1237 deserto,

444 1265 597 1346 quia
652 1266 1013 1332 nescierunt
1067 1268 1320 1332 dextera
1376 1273 1488 1333 aut
1545 1269 1819 1333 sinistra.
1906 1287 2050 1332 ecce
2105 1267 2230 1332 iam
2290 1267 2446 1331 dura
2501 1268 2745 1332 ceruice

445 1371 865 1453 appellantur.
959 1373 1127 1438 unde
1201 1374 1546 1439 uidendum
1615 1380 1712 1441 est
1774 1375 1938 1439 illud
1999 1375 2062 1438 in
2141 1377 2532 1439 sacramento
2607 1392 2747 1438 esse

446 1477 715 1547 dictum.
765 1498 885 1543 non
937 1480 1107 1561 quod
1153 1481 1423 1545 istorum
1481 1483 1710 1547 merita
1765 1483 2202 1547 commendata
2258 1482 2406 1547 sint.
2479 1500 2624 1545 nam
2671 1499 2748 1544 ne

448 1584 593 1666 quis
662 1585 984 1649 existimet
1047 1587 1260 1651 subito
1326 1587 1488 1653 istos
1559 1588 2015 1670 uituperabiles
2073 1588 2299 1665 factm,
2357 1587 2464 1669 qui
2522 1587 2746 1650 merito
2789 1613 2842 1652 ιο

449 1691 729 1757 fuissent
777 1695 921 1755 ante
970 1692 1233 1770 laudati,
1292 1695 1481 1777 paulo
1530 1697 1679 1777 post
1725 1696 1816 1759 eis
1866 1694 2131 1759 dicitur:
2195 1713 2492 1758 memor
2550 1695 2747 1768 esto,

452 1816 544 1863 ne
596 1797 1141 1863 obliuiscaris
1183 1805 1483 1882 quanta
1521 1800 2037 1866 exacerbasti
2078 1801 2481 1866 dominum
2522 1800 2747 1864 deum

452 1906 679 1968 tuum
718 1904 793 1969 in
835 1904 1198 1971 deserto:
1240 1925 1320 1970 ex
1360 1927 1510 1988 qua
1550 1907 1674 1972 die
1715 1907 2010 1973 existis
2052 1908 2134 1972 de
2173 1911 2372 1973 terra
2402 1905 2748 1990 Aegypti,

458 2010 709 2074 donec
751 2011 1116 2076 uenistis
1155 2012 1231 2076 in
1271 2013 1537 2077 locum
1576 2013 1801 2089 hunc,
1843 2013 2252 2078 increduli
2289 2030 2750 2095 perseuera-

451 2116 669 2181 batis
739 2136 939 2199 quae
1010 2117 1101 2182 ad
1168 2118 1593 2184 dominum.
1679 2118 1909 2202 quodsi
1976 2119 2232 2201 quidam
2299 2137 2514 2183 eorum
2589 2117 2752 2182 tales
2790 2145 2841 2185 ιε

452 2226 651 2299 erant,
704 2223 961 2305 quidam
1009 2245 1159 2290 uero
1208 2225 1430 2289 fideles
1478 2229 1545 2290 et
1589 2226 1757 2303 boni,
1808 2225 1998 2290 etiam
2048 2226 2139 2290 sic
2186 2244 2306 2290 non
2349 2222 2577 2307 ‘utique
2622 2223 2752 2287 illis

452 2331 643 2395 datur
710 2335 875 2395 terra
938 2334 1408 2415 promissionis,
1477 2333 1585 2415 qui
1651 2332 1947 2397 nesciunt
2020 2332 2234 2397 dextra
2299 2334 2411 2396 aut
2476 2331 2752 2405 sinistra,

459 2441 533 2503 ut
580 2437 699 2504 hoc
748 2439 841 2504 sic
887 2439 1334 2525 intellegamus
1384 2440 1566 2523 quasi
1612 2459 1733 2504 non
1784 2438 2156 2505 offenderint
2213 2439 2423 2504 deum.
2501 2457 2645 2503 nam
2692 2441 2756 2501 et

456 2550 672 2627 patres
732 2565 969 2621 eorum,
1020 2548 1127 2630 qui
1175 2548 1409 2612 mortui
1457 2550 1609 2611 sunt
1655 2566 1768 2611 nec
1813 2547 1876 2610 in
1927 2545 2185 2610 eandem
2242 2549 2469 2610 terram
2527 2543 2754 2609 intrare

461 2652 759 2734 permissi
836 2656 1014 2730 sunt,
1088 2653 1250 2717 tales
1325 2652 1734 2716 inueniuntur
1809 2651 2035 2726 fuisse,
2112 2655 2187 2715 ut
2257 2651 2322 2714 in
2389 2650 2479 2715 eis
2543 2652 2759 2715 essent
2791 2685 2846 2727 20

459 2758 720 2840 quidam
767 2759 959 2824 etiam
1007 2759 1176 2824 boni.
1249 2761 1507 2841 propter
1564 2758 1732 2840 quod
1791 2758 2120 2840 apostolus
2176 2777 2297 2822 non
2356 2775 2597 2835 omues,
2646 2756 2757 2820 sed

462 2865 770 2946 quosdam
849 2884 1062 2930 eorum
1141 2865 1297 2929 dicit
1361 2865 1719 2942 offendisse,
1786 2865 1850 2928 in
1918 2865 2149 2946 quibus
2217 2883 2434 2929 eorum
2498 2865 2758 2947 peccata

461 2975 936 3037 commemorat.
987 2972 1231 3038 similes
1282 2973 1515 3055 quippe
1563 2973 1724 3036 istos
1770 2972 2140 3055 parentibus
2189 2972 2324 3036 suis
2370 2972 2461 3035 ita
2509 2971 2757 3035 euiden-

463 3078 595 3143 tius
645 3079 831 3144 docet
880 3085 943 3144 et
987 3080 1113 3144 ista
1161 3081 1474 3163 scriptura
1519 3079 2021 3156 Deuteronomii,
2081 3080 2247 3160 quod
2305 3081 2760 3161 consequenter

466 3185 762 3269 adiungit
809 3190 873 3250 et
919 3185 1109 3251 dicit:
1168 3190 1247 3251 et
1292 3188 1368 3251 in
1417 3186 1670 3252 Coreb
1720 3185 2284 3251 exacerbastis
2334 3185 2755 3249 dominum.
2793 3218 2846 3258 25

464 3293 577 3356 ubi
625 3297 791 3359 certe
838 3294 933 3358 illi
982 3295 1538 3372 exacerbauerunt‚
1591 3295 1699 3377 qui
1744 3297 2001 3377 propter
2048 3293 2268 3357 eadem
2314 3294 2479 3357 mala
2536 3291 2759 3356 merita

467 3419 583 3463 sua
632 3420 752 3464 non
802 3405 952 3465 sunt
996 3401 1059 3465 in
1105 3405 1336 3466 terram
1384 3401 1824 3484 promissionis
1871 3399 2135 3464 inducti.

558 3505 698 3571 XV.
751 3506 834 3570 In
884 3507 1036 3570 illo
1085 3511 1449 3590 tempore
1498 3505 1708 3570 dixit
1747 3505 2116 3570 dominus
2157 3506 2246 3569 ad
2285 3525 2432 3570 me:
2484 3504 2758 3569 excide

465 3611 629 3675 tibi
679 3611 873 3676 duas
922 3613 1252 3678 tabulas
1301 3611 1674 3695 lapideas
1725 3609 2388 3694 quemadmodum
2445 3610 2758 3694 priores

653 3803 684 3856 3
723 3803 884 3856 Dent.
926 3805 975 3867 9,
1017 3805 1049 3857 6
1170 3806 1199 3858 7
1240 3802 1309 3859 cf.
1347 3804 1510 3857 Deut.
1556 3804 1603 3866 1,
1643 3803 1712 3857 39
1827 3802 1885 3856 11
1929 3802 2096 3857 Deut.
2137 3803 2186 3866 9,
2226 3803 2257 3855 7
2363 3802 2426 3855 21
2472 3800 2537 3855 cf.
2574 3800 2603 3854 1
2640 3799 2757 3855 Cor.

473 3892 556 3954 10,
597 3892 735 3945 6-9
846 3893 913 3947 25
953 3894 1113 3948 Deut.
1154 3895 1204 3956 9,
1244 3892 1277 3946 8
1387 3893 1456 3946 28
1494 3893 1657 3946 Deut.
1702 3891 1783 3954 10,
1828 3892 1965 3945 1-4

537 4015 570 4068 3
610 4016 747 4070 scias
785 4016 916 4070 Pbd
1042 4019 1072 4071 7
1114 4017 1299 4071 dextra
1334 4016 1400 4070 N
1406 4016 1511 4070 UT
1547 4016 1820 4070 dexteram
1859 4015 1933 4069 bd
2094 4014 2368 4068 sinistram
2407 4011 2482 4065 bd
2601 4009 2669 4064 10
2706 4014 2760 4064 et

468 4104 649 4158 subito
700 4105 750 4157 V
848 4107 910 4159 11
954 4107 1002 4160 ei
1039 4103 1103 4158 N
1200 4107 1266 4159 12
1306 4109 1511 4174 quantu
1559 4104 1609 4158 T
1750 4103 2076 4157 exaceruasti
2114 4101 2215 4155 PS
2323 4101 2388 4153 14
2427 4099 2528 4161 ἕως
2565 4095 2760 4169 ἤλθετε

450 4183 585 4246 eod.
624 4193 781 4247 Alex.
966 4194 1380 4264 perseuerabitis
1418 4193 1483 4246 N
1490 4193 1558 4246 V²
1605 4192 2049 4262 perseuerauistis
2098 4190 2227 4244 1²²1*
2267 4187 2654 4260 perseuerastis
2691 4185 2764 4239 bd

478 4285 537 4336 15>
579 4297 714 4351 quae
752 4298 869 4351 exp.
917 4283 968 4337 T
1126 4284 1189 4336 16
1229 4299 1332 4336 non
1372 4282 1448 4336 sic
1486 4282 1550 4336 N
1709 4283 1771 4335 17
1813 4279 2086 4334 dexteram
2125 4279 2199 4333 bd
2377 4277 2652 4330 sinistram
2690 4273 2764 4328 bd

467 4367 538 4422 20
578 4371 904 4438 pernlissunt
941 4371 996 4424 P
1102 4373 1170 4426 25
1209 4371 1334 4424 oreb
1373 4369 1422 4424 S
1455 4370 1652 4425 choreb
1702 4370 1753 4423 V
1784 4368 1964 4422 Horeb
2007 4367 2080 4422 bd
2186 4367 2253 4419 27
2294 4370 2436 4419 terra
2473 4363 2538 4418 N
