3076 4976
219 1654 271 1692 10

219 2185 273 2224 15

217 2718 272 2756 20

215 3252 271 3290 85

921 477 1445 530 Adnotationum
1484 477 1548 529 in
1586 477 1701 530 Iob
1740 476 1921 529 liber
1959 476 2002 529 Ι.
2474 480 2597 543 611

306 673 524 756 lingua
577 671 976 746 inuenimus3
1036 690 1178 734 nam
1236 671 1581 735 hebraeum
1641 691 1780 736 esse
1837 690 2063 735 nornen
2124 671 2279 735 satis
2346 671 2605 752 adparet

309 815 395 826 —-
444 778 534 841 ita
582 778 749 841 enim
800 797 834 840 a
880 782 1055 860 parte
1104 780 1313 840 totum
1360 777 1759 860 intellegitur
1807 780 1871 841 et
1918 777 2083 859 quod
2125 778 2432 860 scriptum
2474 781 2604 841 est:

309 887 490 948 ante
564 883 1004 948 luciferum
1081 883 1322 966 genui
1396 887 1491 947 te.
1565 902 1687 947 non
1764 884 1930 947 enim
2006 884 2231 948 lucifer
2304 885 2366 947 in
2437 884 2605 948 omni

311 995 596 1055 creatura
657 990 829 1072 prior
896 994 994 1054 est
1060 989 1373 1068 condituS,
1431 993 1503 1053 ut
1562 996 1705 1053 ante
1759 990 2097 1055 luciferum
2155 994 2298 1055 ante
2355 1010 2605 1055 omnem

311 1105 660 1161 creaturam
721 1097 959 1160 dictum
1019 1096 1342 1170 uideatur;
1406 1096 1517 1161 sed
1573 1115 1685 1179 per
1738 1096 2079 1160 luciferum
2136 1097 2346 1161 omnia
2403 1097 2608 1160 sidera

309 1241 395 1250 ·--
455 1203 620 1285 quod
682 1206 779 1267 est
835 1222 871 1266 a
924 1205 1103 1284 parte
1162 1205 1373 1266 totum
1427 1241 1513 1250 —
1576 1206 1640 1266 et
1693 1223 1804 1286 per
1860 1203 2070 1267 omnia
2125 1203 2331 1268 sidera
2397 1204 2607 1267 omnia

309 1313 594 1390 tempora
640 1309 1099 1391 intelleguntur
1146 1345 1232 1354 —
1282 1307 1357 1371 de
1407 1306 1724 1371 sideribus
1774 1308 1941 1371 enim
1992 1307 2299 1390 scriptum
2352 1311 2481 1372 est:
2532 1312 2611 1371 et

312 1416 611 1479 sintin
675 1415 942 1499 signis
1003 1414 1201 1478 etin
1250 1413 1770 1496 temporibus
1820 1451 1904 1461 —
1954 1417 2027 1478 ut
2074 1414 2369 1478 dominus
2418 1418 2605 1479 natus

310 1527 454 1585 ante
513 1522 724 1586 omnia
778 1524 1066 1603 tempora
1122 1541 1240 1585 non
1303 1521 1524 1603 utique
1575 1523 1760 1584 natus
1809 1521 1869 1582 in
1920 1523 2202 1602 tempore
2252 1524 2315 1584 et
2363 1520 2440 1585 ob
2487 1520 2606 1585 hoc

308 1629 471 1711 patri
549 1632 919 1692 coaeternus
994 1627 1440 1691 insinuaretur.
1518 1627 1796 1691 Pleiadis
1873 1647 2020 1711 ergo
2099 1630 2162 1691 et
2226 1626 2473 1692 Orionis
2545 1631 2610 1691 et

308 1736 644 1801 Mazuroth
695 1737 759 1798 et
802 1733 1068 1816 Vesperi
1118 1736 1632 1798 commemoratio
1674 1737 1903 1799 cuncta
1940 1734 2147 1798 sidera
2183 1734 2611 1819 intellegenda

311 1844 386 1907 de
435 1842 804 1924 compendio
854 1841 1214 1924 persuadet.
1267 1840 1322 1905 si
1369 1840 1532 1904 enim
1583 1861 1706 1906 uno
1755 1841 2068 1919 Lucifer0,
2118 1845 2352 1923 quanto
2401 1841 2607 1926 magis

309 1953 409 2015 tot
453 1949 794 2013 nominatis
843 1949 1034 2013 etiam
1088 1953 1294 2012 cetera
1341 1948 1543 2030 accipi
1589 1968 1702 2031 per
1747 1948 1939 2011 huius
1987 1947 2159 2012 modi
2218 1948 2608 2013 locutionem

307 2056 491 2119 licet!
577 2075 689 2119 cur
760 2074 905 2138 ergo
974 2055 1124 2118 alibi
1193 2055 1435 2118 dictum
1505 2058 1605 2118 est
1677 2054 2224 2130 „intellexisti
2292 2063 2604 2134 nexus“,

311 2162 461 2225 alibi
517 2162 1030 2243 „aperuisti“,
1080 2159 1231 2225 alibi
1288 2161 1701 2242 „aperiens
1748 2161 1826 2224 in
1885 2163 2248 2242 tempore
2307 2170 2486 2225 suo‘
2545 2166 2612 2226 et

311 2268 464 2332 alibi
528 2286 807 2348 „super
863 2267 1543 2331 aedificationem
1601 2267 1776 2331 eius
1842 2266 2282 2334 induces?“
2355 2267 2611 2350 propria

311 2378 460 2438 sunt
511 2374 640 2437 ista
696 2374 1094 2456 singulorum
1156 2394 1225 2436 ex
1287 2374 1502 2438 ordine
1563 2376 2226 2439 commemoratorum.
2293 2394 2369 2437 an
2433 2378 2606 2438 recte

311 2481 435 2545 dici
483 2483 705 2563 posset
752 2480 976 2544 etiam:
1035 2484 1323 2562 „septum
1373 2480 1650 2545 Pleiadis
1700 2480 2040 2563 aperuisti“
2090 2484 2153 2545 et
2201 2479 2608 2557 „intellexisti

309 2606 503 2651 nexus
575 2585 921 2651 Orionis‘?“
989 2592 1178 2669 atque
1236 2588 1326 2651 ita
1385 2590 1449 2651 et
1505 2587 1629 2651 alia
1687 2588 1810 2652 duo
1870 2587 2248 2651 commutari
2306 2590 2602 2669 possunt,

314 2694 482 2758 sicut
537 2693 699 2757 illud
754 2694 819 2757 in
874 2694 1155 2776 psalmo:
1206 2694 1342 2775 qui
1388 2694 1721 2758 habitat
1765 2694 1841 2758 in
1893 2694 2152 2758 caelis
2201 2693 2609 2758 inridebit

312 2821 465 2878 eOS,
508 2803 582 2865 et
632 2800 1000 2865 dominus
1042 2800 1592 2864 subsannabit
1629 2820 1783 2865 eos.
1825 2800 1983 2865 nihil
2013 2800 2361 2864 sententiae
2393 2800 2608 2882 deper-

308 2908 446 2984 iret,
498 2908 747 2971 etiamsi
803 2907 895 2970 ita
951 2906 1298 2971 diceretur:
1360 2906 1466 2988 qui
1522 2907 1772 2971 habitat
1815 2907 1879 2970 in
1931 2907 2144 2984 caelis,
2194 2907 2614 2972 subsannabit

310 3034 438 3089 e08,
490 3017 554 3079 et
591 3014 884 3078 dominus
923 3012 1224 3076 inridebit
1262 3032 1389 3077 eos,
1446 3014 1617 3078 sicut
1655 3014 1820 3077 enim
1862 3012 1970 3096 qui
2009 3013 2255 3077 habitat
2289 3013 2350 3076 in
2393 3013 2606 3090 caelis,

309 3122 449 3203 ipse
508 3123 607 3185 est
663 3120 976 3197 domium,
1035 3120 1146 3197 ita,
1206 3120 1343 3183 siue
1399 3120 1679 3184 Pleiadis
1738 3139 1967 3184 nomen
2024 3120 2163 3184 siue
2223 3118 2495 3197 Orionis,
2542 3120 2607 3183 in

311 3226 530 3289 eadem
606 3225 1068 3309 significatione
1144 3227 1264 3302 est,
1343 3225 1396 3289 si
1475 3245 1586 3308 per
1659 3226 2035 3290 utrumlibet
2109 3225 2317 3289 omnia
2402 3226 2613 3290 sidera

306 3332 787 3416 intelleguntur.
839 3332 1120 3396 omnium
1168 3332 1382 3413 itaque
1432 3333 1715 3396 siderum
1762 3333 2012 3397 nomine
2052 3351 2271 3398 omnes
2311 3332 2373 3397 in
2413 3333 2610 3397 eccle-

307 3438 403 3502 sia
480 3439 639 3502 tales
714 3436 1126 3519 intellegendi
1202 3438 1369 3510 sunt,
1448 3437 1557 3520 qui
1635 3437 2180 3501 conuersationem
2248 3437 2481 3502 habent
2541 3438 2607 3502 in

309 3544 524 3609 caelis.
574 3562 822 3606 nexus
872 3561 1090 3606 eorum
1135 3542 1617 3626 intelleguntur,
1668 3543 1901 3625 quibus
1952 3545 2016 3606 et
2060 3542 2334 3606 inuicem
2384 3546 2505 3610 sibi
2547 3549 2615 3610 et

488 3790 520 3842 3
557 3788 647 3843 Ps.
691 3790 809 3851 109,
850 3790 883 3842 3
995 3790 1024 3842 7
1066 3789 1198 3843 Gen.
1241 3790 1286 3853 1,
1332 3790 1398 3842 14
1507 3788 1577 3841 20
1613 3788 1703 3842 Ps.
1742 3788 1794 3852 2,
1832 3789 1868 3841 4
1976 3790 2044 3843 27
2086 3787 2151 3843 cf.
2189 3787 2331 3844 Phil.
2373 3789 2422 3853 3,
2463 3790 2533 3844 20

380 3945 412 3999 8
454 3947 552 4001 alt.
592 3947 646 4000 in
685 3963 786 4000 om.
835 3946 989 4000 TPC'
1131 3949 1194 4001 10
1240 3946 1438 4017 pliadis
1485 3947 1588 3999 TP
1630 3946 1839 4015 plyadis
1881 3948 1924 3999 G
2069 3948 2128 4001 11
2171 3948 2432 4001 maziroffi
2469 3948 2611 4003 Pcb

307 4035 487 4088 sidera
522 4036 788 4089 maziroth
828 4041 882 4088 et
920 4036 1130 4105 uesperi
1171 4035 1606 4089 commemoratio
1653 4034 1700 4088 C
1771 4035 1836 4089 12
1876 4036 2205 4105 persuadent
2244 4037 2283 4089 d
2357 4038 2420 4089 13
2457 4037 2606 4091 modi

305 4140 409 4177 om.
450 4124 480 4176 b
595 4126 658 4179 15
695 4125 817 4177 init.
859 4124 1026 4177 alibia
1062 4124 1093 4177 b
1207 4125 1272 4177 16
1310 4124 1568 4178 inducens
1616 4122 1747 4176 Tob
1861 4125 1926 4177 18
1964 4125 2137 4194 possit
2166 4124 2197 4176 b
2342 4142 2527 4194 sepum
2565 4128 2610 4178 0

306 4211 507 4284 pliadis
553 4213 654 4266 TP
688 4212 899 4283 plyadis
943 4212 991 4265 G
1167 4212 1485 4265 intellexisti
1524 4215 1582 4265 et
1618 4212 1879 4281 aperuisti
1918 4211 1950 4265 b
2134 4213 2199 4266 19
2238 4212 2366 4282 duo]
2414 4213 2532 4267 dico
2574 4215 2611 4267 b

308 4303 717 4356 commemorari
757 4302 788 4354 b
957 4302 1032 4365 ‚21
1077 4301 1398 4355 subsanabit
1438 4300 1483 4354 C
1661 4300 1931 4370 deriperet
1974 4300 2021 4355 0
2194 4301 2263 4355 23
2301 4302 2395 4355 ille
2442 4303 2534 4370 qui
2572 4302 2609 4355 b

307 4392 379 4444 24
418 4389 618 4460 pliadis
666 4391 716 4443 T
747 4389 956 4459 plyadis
996 4390 1041 4443 C

2391 4494 2490 4547 39*
