3076 4976
451 495 579 557 412
1156 491 1205 544 S.
1264 490 1540 544 Aureli
1597 490 2037 559 Augustini

452 686 508 751 si
556 686 698 768 quis
750 690 961 750 autem
1011 690 1202 760 esset,
1252 704 1396 749 eum
1445 685 1675 749 terruit
1730 683 2162 759 uehementer,
2220 702 2296 747 ne
2353 682 2514 747 forte
2574 682 2743 765 quis-

453 813 639 874 quam
701 793 939 858 dieeret
993 794 1055 856 in
1117 792 1302 857 corde
1366 811 1482 857 suo
1551 792 1814 855 audiens
1880 791 1992 855 illa
2056 790 2419 855 maledieta:
2487 794 2746 854 saneta

453 899 635 963 mihi
685 900 840 963 sint
888 896 1250 984 [maledicta
1296 904 1517 964 sancta
1562 898 1721 961 mihi
1760 896 1932 985 sint]‚
1985 897 2330 980 quoniam
2379 897 2448 962 in
2498 915 2744 961 errore

453 1007 702 1070 cordis
759 1008 904 1070 mei
961 1006 1257 1084 incedo,
1314 1007 1379 1070 id
1439 1009 1564 1070 est:
1634 1005 1832 1081 absit,
1887 1010 1964 1070 ut
2018 1005 2174 1068 mihi
2239 1004 2368 1068 ista
2422 1004 2742 1073 eueniant:

451 1133 573 1176 non
630 1112 786 1177 mihi
844 1112 972 1176 sint
1027 1112 1179 1176 haee
1234 1114 1424 1188 mala,
1474 1112 1586 1176 sed
1645 1115 1880 1188 sancta,
1936 1111 2001 1175 id
2058 1113 2157 1174 est
2209 1110 2483 1193 propitia
2538 1113 2604 1174 et
2655 1110 2746 1173 in·
2814 1133 2844 1169 5

453 1221 664 1298 noxia,
715 1218 1063 1301 quoniam
1116 1219 1187 1283 in
1237 1238 1484 1283 errore
1534 1218 1785 1283 cordis
1831 1218 1975 1282 mei
2022 1217 2317 1293 incedo,
2375 1217 2577 1281 eundo
2628 1217 2744 1280 sei-

450 1327 604 1391 licet
666 1328 815 1409 post
870 1325 1022 1389 deos
1082 1325 1367 1409 gentium
1426 1328 1491 1388 et
1549 1323 1638 1388 eis
1703 1328 2028 1406 tamquam
2094 1323 2326 1405 inpune
2392 1322 2745 1387 seruiendo.

451 1453 597 1511 non,
646 1432 875 1514 inquit,
919 1432 1038 1496 erit
1077 1432 1189 1495 sie.
1239 1452 1377 1496 non
1426 1431 1691 1514 perdat
1738 1430 1965 1493 simul
2012 1432 2365 1512 peccator
2411 1449 2570 1493 eum
2620 1431 2742 1511 qui

452 1540 613 1604 sine
659 1542 972 1621 peceato
1024 1541 1157 1613 est,
1209 1543 1532 1619 tamquam
1585 1537 1850 1602 diceret:
1900 1541 2144 1611 cauete,
2184 1555 2260 1600 ne
2310 1537 2411 1599 cui
2459 1540 2745 1600 uestrum

452 1646 606 1710 talia
653 1645 1053 1728 persuadeat,
1112 1646 1218 1728 qui
1278 1646 1433 1709 talia
1489 1645 1752 1728 cogitat.
1832 1644 2039 1708 nolet
2095 1643 2274 1707 deus
2332 1643 2747 1726 propitiare
2789 1665 2846 1703 ιο

453 1753 551 1827 ei,
609 1753 746 1815 siue
804 1752 959 1815 talia
1016 1751 1322 1837 cogitanti
1381 1752 1519 1815 siue
1577 1751 1700 1829 illi,
1760 1751 1864 1814 cui
1919 1751 2071 1815 talia
2125 1750 2361 1814 fueiint
2425 1768 2746 1832 persuasa,

457 1860 627 1924 sieut
672 1859 809 1941 ipse
859 1858 1154 1940 opinatus
1204 1860 1303 1922 est
1349 1857 1642 1921 dicendo:
1695 1860 1954 1922 sancta
2001 1855 2185 1919 mihi
2233 1856 2403 1931 sint,
2454 1860 2518 1919 et
2564 1854 2745 1937 quasi

454 1967 572 2030 hoc
638 1966 824 2029 modo
893 1964 1234 2028 auertendo
1295 1984 1330 2027 a
1387 1983 1455 2028 se
1510 1964 1646 2028 uim
1711 1963 1888 2028 illius
1953 1963 2299 2027 maledicti.
2385 1962 2512 2027 sed
2568 1966 2745 2026 tune

457 2070 919 2136 accendetur
982 2070 1090 2133 ira
1149 2069 1429 2134 domini
1489 2072 1561 2133 et
1618 2069 1826 2133 zelus
1885 2069 2049 2134 eius
2106 2070 2177 2131 in
2237 2069 2531 2133 homine
2587 2069 2745 2133 illo.

456 2178 705 2261 quando
762 2177 1016 2259 putabit
1074 2196 1207 2241 eam
1270 2196 1337 2240 se
1395 2178 1680 2239 auertere
1737 2176 1863 2239 ista
1915 2176 1978 2238 in
2039 2176 2223 2239 eorde
2291 2194 2407 2239 suo
2464 2176 2748 2240 dicendo.
2790 2196 2845 2235 τε

460 2289 532 2349 ot
608 2284 1129 2348 adhaerebunt
1203 2283 1275 2347 in
1353 2302 1433 2347 eo
1511 2283 1755 2347 omnia
1828 2282 2234 2346 maledicta
2309 2281 2747 2346 testamenti

464 2391 721 2466 huius,
790 2409 977 2472 quae
1045 2390 1331 2472 scripta
1397 2393 1575 2453 sunt
1639 2390 1707 2452 in
1773 2390 1968 2453 libro
2034 2389 2230 2473 legis
2298 2389 2542 2455 huius,
2627 2409 2746 2452 non

454 2501 728 2579 possunt
776 2498 1032 2580 quidem
1082 2498 1291 2561 omnia
1339 2497 1593 2561 euenire
1652 2497 1760 2561 uni
1817 2496 2086 2568 homini:
2154 2516 2275 2561 non
2335 2497 2503 2561 enim
2559 2496 2744 2559 etiam

454 2605 690 2668 totiens
740 2605 899 2669 mori
946 2607 1182 2686 potest,
1240 2607 1397 2686 quot
1454 2622 1686 2687 genera
1739 2603 1963 2668 mortis
2019 2603 2124 2666 hio
2181 2604 2349 2667 dicta
2407 2606 2580 2672 sunt:
2640 2602 2749 2665 sed

458 2711 699 2774 omnia
747 2711 903 2774 dixit
949 2730 1058 2792 pro
1108 2710 1605 2791 ,quibuslibet“‚
1656 2713 1729 2773 ut
1774 2730 1896 2774 non
1947 2710 2034 2774 sit
2078 2710 2380 2773 immunis
2428 2710 2503 2773 ab
2553 2709 2749 2773 omni-
2785 2732 2843 2770 20

455 2818 598 2894 bus,
649 2819 751 2881 eui
800 2818 1127 2881 euenerint
1173 2817 1385 2899 aliqua
1432 2835 1650 2880 eorum
1710 2817 1941 2898 quibus
1999 2821 2234 2899 pereat.
2314 2816 2482 2898 quod
2537 2822 2747 2880 autem

462 2925 579 2988 ait:
640 2929 724 2988 ut
780 2943 916 2986 non
980 2922 1205 2986 simul
1260 2923 1524 3004 perdat
1580 2928 1933 3005 peccator
1981 2942 2140 2987 eum
2192 2923 2315 3004 qui
2375 2922 2536 2987 sine
2591 2941 2748 3005 pee-

459 3036 624 3096 cato
677 3035 819 3107 est,
880 3030 1047 3111 quod
1098 3049 1359 3112 graecus
1410 3031 1601 3094 habet
1647 3027 2084 3114 ἀναμάρτητον,
2133 3050 2252 3094 non
2302 3029 2394 3093 sie
2441 3028 2747 3111 accipien-

458 3138 609 3200 dum
669 3141 786 3204 est.
846 3139 1169 3218 tamquam
1232 3136 1306 3199 ab
1367 3137 1534 3201 omni
1582 3154 1842 3218 prorsus
1890 3114 2150 3217 pecea'to
2198 3135 2507 3199 mundum
2554 3140 2617 3199 et
2660 3135 2749 3197 in-

457 3263 712 3307 munem
764 3243 865 3306 hie.
915 3241 1141 3305 dixerit
1187 3238 1625 3328 ἀναμάρτητον,
1674 3242 1736 3305 id
1787 3245 1886 3305 est
1933 3243 2065 3306 sine
2112 3246 2390 3325 peceato,
2431 3241 2543 3306 sed
2581 3261 2744 3305 eum.
2785 3263 2841 3302 25

458 3350 567 3431 qui
625 3349 757 3414 sine
815 3349 939 3414 isto
996 3354 1257 3431 peceato
1319 3354 1505 3424 esset,
1567 3349 1641 3412 de
1699 3369 1821 3430 quo
1888 3350 2294 3431 loquebatur:
2363 3350 2534 3413 sieut
2596 3349 2745 3412 dicit

533 3698 554 3748 1
601 3697 854 3750 interruit
906 3697 950 3747 V
1091 3698 1319 3767 quisque
1356 3697 1423 3750 N
1524 3699 1557 3750 2
1595 3696 1730 3750 mihi
1769 3701 1958 3749 saneta
1992 3695 2037 3749 S
2141 3697 2173 3749 3
2209 3702 2332 3764 post
2370 3697 2481 3748 sint
2520 3695 2650 3747 add.
2689 3694 2742 3746 id

458 3788 541 3836 est
571 3783 645 3837 bd
751 3784 1043 3839 maledicta
1072 3787 1261 3838 sancta
1289 3785 1421 3837 mihi
1454 3785 1567 3838 sint
1593 3785 1824 3852 repetita
1844 3789 1975 3851 post
1997 3783 2172 3847 „sint⁴‘
2197 3785 2258 3835 in
2286 3783 2440 3836 codd.
2462 3781 2744 3840 PSVUT.

455 3873 551 3926 sed
586 3873 647 3925 in
683 3873 795 3925 PT
830 3874 991 3927 lineis
1026 3873 1373 3941 superductis
1411 3872 1647 3926 delenda
1685 3872 1975 3940 assiynata
2013 3870 2215 3924 inclusi
2372 3872 2404 3922 4
2451 3870 2557 3923 iste
2595 3869 2745 3922 ueni·

456 3964 552 4015 ant
578 3962 653 4014 Ρι
764 3962 795 4014 6
825 3961 1014 4015 incedo
1046 3978 1112 4015 ec
1140 3962 1313 4031 incelo
1344 3979 1410 4014 m.
1441 3964 1477 4013 2
1504 3962 1559 4014 P
1664 3962 1696 4013 8
1729 3962 1832 4013 erit
1859 3976 1961 4013 om.
1992 3960 2055 4012 N
2168 3960 2232 4013 10
2262 3958 2645 4028 persuaderent
2672 3958 2741 4010 P·

462 4052 519 4103 11
562 4049 779 4104 fuerant
815 4049 880 4102 N
987 4052 1050 4104 15
1088 4051 1308 4119 putauit
1343 4050 1636 4104 PSNVU¹
1783 4051 1923 4118 eam]
1965 4066 2029 4102 ea
2066 4048 2136 4102 T2
2172 4064 2273 4101 om.
2313 4047 2365 4099 U
2474 4050 2538 4100 16
2575 4051 2746 4099 testa-

455 4143 636 4192 menta
676 4139 739 4191 N
882 4139 945 4191 18
1002 4139 1144 4191 enim
1182 4156 1284 4192 om.
1322 4139 1388 4192 N
1528 4141 1595 4192 19
1651 4140 1878 4208 totiens]
1919 4139 2096 4192 tocius
2132 4138 2196 4191 N
2372 4136 2517 4206 quod
2555 4135 2742 4190 PNL*

455 4227 555 4297 hec
592 4228 644 4280 U
748 4230 817 4280 20
857 4228 967 4279 sint
997 4228 1050 4280 P
1155 4228 1218 4280 21
1265 4227 1406 4296 quod
1447 4229 1653 4296 autern]
1697 4227 1970 4296 quodauid
2009 4226 2058 4279 T
2163 4228 2231 4279 :32
2268 4226 2453 4293 simul]
2489 4225 2659 4278 solum
2703 4223 2747 4275 V

458 4317 526 4369 23
556 4317 971 4369 unainartheton
1002 4316 1272 4370 PSVUT
1296 4316 1707 4371 anamarthaton
1742 4316 1803 4370 N
1906 4317 1975 4368 25
1999 4315 2102 4368 hoc
2135 4314 2478 4369 PSVUTbcl
2619 4330 2744 4365 ana-

457 4404 764 4457 niartheton
805 4404 1133 4458 PSA'VUT
1271 4407 1339 4458 26
1378 4406 1485 4458 isto
1524 4422 1626 4459 om.
1665 4405 1730 4457 N
1887 4411 2106 4474 peccato
2146 4405 2251 4457 isto
2292 4403 2366 4455 bcl
2526 4418 2641 4455 esse
2681 4401 2746 4454 8¹
