3076 4976
487 438 528 502 4
1190 436 1243 491 S.
1301 435 1578 490 Aureli
1634 434 2069 505 Augustini

488 632 922 697 dimissionem
971 631 1237 695 duorum
1285 630 1632 713 primorum
1680 628 2007 694 hominum
2057 628 2133 692 de
2178 628 2470 711 paradiso
2517 633 2783 695 tractari

484 738 925 820 multipliciter
986 741 1277 819 possunt,
1346 736 1422 801 de
1488 736 1722 819 quibus
1799 736 1977 808 alias,
2044 739 2349 816 quantum
2423 739 2782 818 potuimuS‚

487 845 925 921 disseruimus
1001 845 1155 909 haee
1231 846 1382 907 sunt
1454 862 1615 924 quae
1688 842 2052 927 legentibus
2127 842 2308 907 nobis
2385 846 2784 910 occurrentia

483 951 806 1017 noluimus
851 950 1084 1015 litteris
1133 950 1431 1016 adtinere.

574 1056 920 1136 QVAEST.
960 1058 1011 1126 I.
1053 1055 1384 1135 Quomodo
1425 1055 1577 1121 Cain
1617 1057 1898 1139 potuerit
1935 1057 2200 1121 condere
2239 1057 2586 1135 ciuitatem,
2625 1078 2784 1123 cum
2859 1072 2891 1109 ⁵

486 1166 716 1230 ciuitas
783 1164 976 1229 alicui
1040 1165 1262 1246 utique
1330 1164 1760 1228 constituatur
1814 1163 2145 1228 hominum
2198 1163 2618 1243 multitudini,
2676 1165 2786 1230 illi

483 1277 697 1337 autem
767 1272 889 1337 duo
957 1275 1246 1353 parentes
1314 1273 1378 1335 et
1442 1270 1565 1334 duo
1633 1269 1750 1333 filii
1813 1270 2014 1334 fuisse
2078 1271 2444 1347 referantur,
2505 1290 2782 1354 quorum

484 1380 759 1445 filiorum
798 1380 873 1443 ab
915 1379 1112 1443 altero
1153 1378 1315 1442 alter
1352 1378 1605 1442 occisus
1645 1381 1763 1455 est,
1803 1376 1864 1440 in
1906 1377 2086 1441 cuius
2126 1376 2318 1442 occisi
2357 1377 2570 1443 locum
2609 1378 2783 1443 alius

482 1490 669 1551 natus
718 1505 858 1551 esse
905 1488 1209 1549 narratur.
1260 1503 1333 1548 an
1381 1484 1524 1549 ideo
1575 1484 1863 1565 quaestio
1914 1486 2031 1561 est,
2072 1484 2368 1565 quoniam
2407 1484 2515 1567 qui
2549 1486 2786 1570 legunt

481 1596 708 1677 putant
754 1593 925 1657 solos
979 1596 1132 1657 tunc
1179 1591 1379 1656 fuisse
1426 1590 1717 1655 homines
1765 1609 1924 1672 quos
1981 1590 2199 1654 diuina
2246 1592 2559 1674 scriptura
2606 1611 2783 1656 com·
2829 1607 2886 1645 1⁰

481 1702 794 1765 memorat
846 1718 962 1764 nec
1018 1698 1357 1762 aduertunt
1413 1716 1520 1762 eos
1582 1697 1691 1779 qui
1743 1696 1919 1778 prius
1976 1699 2128 1761 sunt
2173 1697 2412 1761 conditi
2459 1698 2618 1764 duos
2667 1700 2777 1763 uel

388 1788 397 1793 ⁸
481 1828 591 1874 eos
630 1808 820 1873 etiam
861 1826 1019 1889 quos
1059 1807 1414 1889 genuerunt
1438 1810 1571 1869 tam
1601 1805 1707 1868 diu
1738 1804 1992 1877 uixisse.
2024 1807 2098 1868 ut
2125 1804 2362 1870 multos
2399 1804 2777 1889 gignerent?

481 1934 605 1979 non
672 1915 839 1978 enim
898 1917 962 1977 et
1006 1913 1209 1976 Adam
1274 1911 1412 1992 ipse
1478 1929 1587 1975 eos
1654 1910 1826 1975 solos
1893 1910 2133 1993 genuit,
2183 1929 2448 1992 quorum
2515 1912 2778 1976 nomina

478 2022 801 2106 leguntur,
851 2039 995 2085 cum
1045 2018 1122 2083 de
1166 2018 1279 2083 illo
1346 2017 1655 2099 scriptura
1723 2018 1991 2099 loquens
2046 2017 2135 2080 ita
2200 2017 2554 2094 concludat,
2603 2019 2776 2099 quod

479 2127 771 2212 genuerit
806 2126 970 2191 filios
1002 2128 1065 2190 et
1092 2125 1277 2189 filias.
1318 2123 1579 2208 proinde
1619 2142 1763 2188 cum
1799 2124 2002 2187 multo
2041 2123 2330 2206 pluribus
2369 2124 2464 2188 illi
2502 2124 2778 2189 uixerint
2820 2138 2878 2177 1⁵

481 2234 660 2299 annis
718 2253 906 2315 quam
963 2232 1334 2298 Israhelitae
1381 2230 1446 2294 in
1502 2231 1796 2314 Aegypto
1852 2229 2128 2303 fuerunt,
2189 2230 2331 2311 quis
2388 2248 2509 2294 non
2557 2230 2778 2296 uideat

482 2361 671 2424 quam
718 2340 909 2403 multi
955 2338 1245 2403 homines
1292 2338 1468 2401 nasci
1506 2339 1871 2420 potuerunt,
1929 2336 2093 2400 unde
2140 2337 2252 2402 illa
2300 2337 2526 2402 ciuitas
2572 2338 2773 2421 inple-

477 2449 670 2524 retur,
730 2447 784 2513 si
838 2446 1111 2511 Hebraei
1168 2444 1373 2510 multo
1431 2444 1672 2509 minore
1728 2446 2010 2526 tempore
2066 2444 2156 2508 ita
2203 2443 2615 2528 multiplicari
2660 2464 2773 2527 po-

477 2558 784 2620 tuerunt?

565 2662 650 2727 II.
710 2660 941 2741 Quaeri
998 2661 1163 2725 solet
1218 2659 1531 2741 quomodo
1580 2659 2012 2723 Mathusalam
2068 2660 2415 2723 secundum
2465 2679 2772 2725 annorum
2812 2675 2868 2714 20

480 2768 994 2851 conputationem
1059 2766 1275 2831 uiuere
1340 2768 1488 2847 post
1561 2764 1877 2828 diluuium
1953 2766 2251 2848 potuerit,
2328 2785 2472 2831 cum
2551 2786 2769 2832 omnes

482 2878 728 2956 praeter
785 2893 892 2939 eos
950 2874 1058 2955 qui
1112 2873 1177 2937 in
1238 2892 1443 2937 arcam
1490 2872 1769 2957 ingressi
1817 2876 1966 2937 sunt
2008 2873 2250 2955 perisse
2300 2872 2606 2937 dieantur.
2656 2873 2772 2938 sed

477 2983 638 3045 hanc
697 2981 1133 3064 quaestionem
1187 2980 1465 3062 plurium
1524 2979 1812 3044 codicum
1871 2979 2259 3044 mendositas
2313 2980 2578 3062 peperit.
2644 2999 2768 3044 non

479 3090 686 3152 solum
752 3088 985 3170 quippe
1052 3089 1115 3152 in
1180 3088 1469 3152 hebraeis
1534 3087 1721 3150 aliter
1781 3087 2106 3150 inuenitur
2171 3106 2394 3150 uerum
2459 3087 2649 3151 etiam
2703 3086 2768 3150 in

479 3194 895 3279 Septuaginta
956 3193 1471 3277 interpretatione
1532 3193 1967 3257 Mathusalam
2029 3193 2093 3257 in
2158 3192 2482 3258 codicibus
2555 3192 2769 3276 pauci·
2810 3206 2864 3246 2⁵

480 3301 694 3368 oribus
761 3303 874 3366 sed
937 3302 1368 3367 ueracioribus
1434 3319 1541 3364 sex
1609 3319 1801 3365 annos
1867 3302 2010 3365 ante
2076 3300 2392 3364 diluuium
2458 3301 2771 3381 reperitur

478 3407 675 3472 fuisse
723 3408 1082 3474 defunctus,

656 3619 688 3670 2
741 3618 806 3670 de
859 3617 1058 3671 Genesi
1101 3617 1227 3670 libri
1273 3617 1373 3670 ΧΠ
1556 3618 1588 3669 5
1638 3616 1703 3670 cf.
1745 3615 1878 3671 Gen.
1915 3617 1968 3680 4,
2009 3617 2072 3669 17
2259 3616 2326 3669 14
2363 3615 2430 3669 cf.
2469 3614 2601 3670 Gen.
2642 3615 2693 3680 5,
2731 3617 2770 3669 4

478 3705 547 3758 20
586 3704 652 3757 cf.
692 3703 823 3759 Gen.
865 3707 916 3767 5,
954 3704 1021 3759 27
1130 3704 1202 3759 23
1242 3704 1306 3758 cf.
1347 3704 1414 3759 de
1452 3705 1603 3760 ciuit.
1644 3705 1731 3757 dei
1769 3704 1866 3757 XV
1907 3705 1969 3758 11

552 3830 577 3882 1
619 3829 855 3897 priorum
891 3828 1066 3884 PVU
1237 3828 1513 3882 hominum
1552 3830 1842 3898 primorum
1883 3828 1914 3881 b
2100 3833 2230 3882 ante
2263 3828 2486 3881 tractari
2521 3828 2770 3882 inculcat

480 3933 583 3987 que
627 3918 674 3970 0
775 3920 811 3971 4
847 3920 1071 3972 attineri
1118 3919 1205 3972 Vd
1240 3919 1510 3988 attingere
1549 3919 1580 3972 b
1674 3921 1703 3972 7
1744 3919 2054 3972 referuntur
2087 3917 2154 3970 N
2237 3917 2271 3971 8
2310 3917 2469 3986 alter]
2507 3917 2679 3970 altero
2708 3917 2778 3971 N

482 4008 542 4060 11
584 4006 697 4059 sint
731 4006 935 4062 PUTb
1012 4009 1077 4061 12
1115 4009 1279 4061 etiam
1318 4025 1410 4061 eos
1449 4007 1495 4061 S
1567 4009 1631 4063 13
1670 4008 1740 4061 ad
1779 4008 1933 4061 adam
1971 4007 2036 4061 N
2138 4006 2285 4059 solus
2324 4006 2377 4059 V
2482 4008 2547 4060 14
2584 4006 2682 4060 illa
2708 4006 2778 4060 N

480 4096 546 4148 16
583 4095 787 4148 fuerint
823 4097 890 4150 N
1049 4098 1113 4150 17
1152 4098 1433 4166 potuerint
1467 4096 1534 4150 N
1695 4097 1758 4150 18
1798 4097 1944 4149 ebrei
1979 4094 2096 4148 PV
2238 4096 2308 4150 20
2345 4096 2672 4149 matusalam
2718 4094 2773 4150 U

475 4184 749 4238 Matusala
782 4186 910 4254 Euy
947 4185 1055 4251 (ed.
1094 4186 1304 4240 Knoell
1328 4204 1389 4254 p.
1421 4190 1556 4252 213)
1659 4186 1724 4239 21
1766 4184 2154 4255 conputatione
2183 4183 2249 4238 N
2327 4185 2395 4239 22
2434 4202 2558 4239 arca
2580 4184 2770 4255 NEuq

476 4273 701 4342 periisse
732 4274 806 4327 bd
877 4275 944 4328 23
975 4275 1231 4344 plurium]
1264 4275 1483 4343 plurimi
1510 4273 1655 4328 P¹S¹
1683 4275 1913 4345 plurima
1951 4273 2005 4326 V
2107 4272 2294 4327 codicu
2322 4272 2389 4327 N
2454 4275 2524 4326 25
2552 4273 2768 4327 mathu-

477 4361 645 4415 salem
683 4363 714 4415 b
753 4363 1023 4417 Matusala
1058 4364 1187 4433 Eu9
