3076 4976
622 496 1094 563 Quaestionum
1135 497 1245 553 lib.
1288 498 1333 551 V
1374 498 1663 565 (Quaest.
1706 500 1780 555 de
1819 502 2381 571 Deuteronomio).
2513 509 2636 572 401

351 713 548 776 eaque
603 693 1056 775 permanserint
1113 713 1315 776 nsque
1362 694 1426 758 in
1472 694 1681 761 finem.
1740 696 2032 778 quamuis
2092 699 2155 761 et
2201 697 2361 762 illud
2416 699 2646 764 meiito

353 801 567 883 quaeri
629 800 857 882 possit,
916 800 969 865 si
1017 800 1366 864 redduntur
1418 805 1732 884 peecata
1787 806 2081 885 patrum
2129 803 2202 866 in
2257 804 2464 868 filios
2524 807 2642 870 his

354 908 477 989 qui
526 907 844 972 oderunt
892 908 1100 982 deum,
1151 926 1261 971 our
1305 907 1366 971 in
1415 908 1668 972 tertiam
1718 913 1781 973 et
1828 913 2112 991 quartam
2173 912 2641 992 generationem

353 1016 455 1080 uel
502 1014 949 1097 praetermissa
1002 1014 1206 1097 prima
1253 1017 1319 1079 et
1364 1015 1642 1080 secunda
1697 1016 1801 1080 uel
1859 1034 1980 1081 non
2039 1017 2232 1080 etiam
2279 1017 2341 1081 in
2402 1022 2642 1084 cet-eras

280 1153 313 1189 ⁵
352 1125 750 1204 permanente
798 1121 1101 1203 inpietate
1150 1125 1213 1185 et
1258 1121 1614 1186 imitatione
1661 1122 1970 1186 malorum
2018 1126 2371 1204 parentum.
2422 1145 2496 1188 an
2535 1124 2654 1209 per'

352 1229 517 1292 hune
546 1247 900 1302 numerum,
934 1227 1231 1310 quoniam
1266 1229 1661 1310 septenarius
1701 1228 2115 1311 intellegitur,
2156 1228 2641 1295 uniuersitatem

353 1334 709 1418 significare
738 1334 947 1398 uoluit
984 1337 1049 1398 et
1085 1334 1226 1398 ideo
1267 1353 1389 1399 non
1429 1334 1640 1418 ipsum
1681 1335 1894 1417 potius
1936 1335 2364 1417 septenarium
2402 1338 2639 1418 posuit,

352 1447 423 1505 ut
471 1440 707 1505 diceret
760 1440 858 1516 „in
916 1440 1252 1522 septimam
1311 1441 1818 1525 generationen1“
1873 1459 1944 1505 ac
1994 1441 2087 1507 sie
2136 1442 2338 1506 omnis
2395 1443 2642 1508 intelle-

352 1551 622 1631 geretur,
691 1548 837 1629 quia
903 1564 1162 1611 eausam
1226 1548 1633 1629 perfeetionis
1698 1547 1890 1612 huius
1957 1548 2200 1612 numeri
2265 1549 2384 1613 hoe
2451 1550 2639 1615 modo

258 1689 313 1726 ιο
351 1655 562 1738 potius
609 1655 976 1719 intimauit?
1043 1654 1185 1719 ideo
1236 1675 1506 1737 namque
1551 1655 1922 1738 perhibetur
1967 1656 2309 1738 perfectus,
2374 1658 2522 1739 quia
2568 1677 2641 1721 ex

349 1762 450 1826 his
510 1762 758 1827 duobus
835 1766 1103 1838 constat,
1175 1763 1445 1826 ternario
1524 1762 1770 1827 scilicet
1843 1762 2048 1844 primo
2118 1763 2320 1845 inpari
2394 1767 2528 1829 toto
2579 1767 2643 1828 et

351 1870 746 1950 quaternario
803 1868 1003 1950 primo
1053 1869 1186 1950 pari
1233 1872 1390 1935 toto.
1448 1870 1617 1934 unde
1673 1888 1812 1934 esse
1862 1874 1924 1934 et
1980 1869 2140 1934 illud
2195 1870 2637 1952 propheticum

352 1976 661 2051 existimo,
731 1975 898 2057 quod
957 1975 1212 2040 assidue
1280 1977 1616 2059 repetitur:
1682 1977 1754 2040 in
1819 1976 2067 2040 tribus
2140 1979 2213 2040 et
2277 1980 2642 2058 quattuor

349 2082 861 2163 inpietatibus
929 2101 1065 2147 non
1133 2083 1569 2147 auersabor:
1638 2102 1749 2164 per
1804 2082 1971 2164 quod
2030 2082 2241 2147 uoluit
2298 2082 2638 2165 inpietate-s

252 2221 310 2260 15
348 2188 678 2253 uniuersas
724 2189 939 2270 pot-ius
988 2208 1173 2270 quam
1222 2191 1348 2253 tres
1397 2190 1502 2253 uel
1551 2193 1851 2272 quattuor
1893 2189 2198 2273 intellegi.

438 2295 662 2359 XLIII.
711 2295 870 2360 Non
922 2295 1348 2360 declinabis
1398 2295 1769 2360 iudicium
1819 2295 2151 2361 aduenae
2203 2301 2275 2360 et
2324 2298 2636 2379 orphani

353 2406 425 2466 et
480 2402 771 2477 uiduae,
837 2421 974 2466 non
1041 2401 1480 2486 pignerabis
1549 2402 2089 2467 uestimentum
2164 2402 2457 2468 uiduae.
2527 2422 2640 2468 eur

350 2530 470 2575 non
529 2510 645 2574 ait:
703 2515 764 2575 et
821 2530 940 2574 non
1000 2510 1361 2593 pignerabis
1420 2510 1877 2574 uestimentum
1935 2514 2193 2574 eorum?
2252 2530 2411 2592 quae
2470 2511 2634 2575 enim

351 2637 542 2681 causa
616 2621 732 2692 est,
809 2621 881 2681 ut
955 2617 1148 2681 trium
1223 2617 1493 2682 istorum
1569 2616 1876 2681 iudicium
1954 2617 2264 2681 declinare
2340 2617 2635 2692 uetuerit,

248 2759 312 2798 20
347 2723 581 2807 pignus
655 2728 865 2787 autem
942 2724 1169 2788 auferri
1245 2724 1701 2788 uestimentum
1777 2723 1977 2787 solius
2057 2723 2305 2799 uiduae,
2383 2743 2504 2787 non
2574 2729 2638 2786 et

349 2830 645 2894 illorum?
689 2830 805 2894 nisi
849 2830 994 2912 quia
1032 2829 1268 2894 iudicia
1308 2831 1591 2893 omnium
1628 2830 1920 2894 facienda
1957 2833 2291 2912 propterea
2323 2848 2639 2894 commen-

350 2936 547 3012 dauit,
589 2937 734 3019 quia
784 2958 903 3002 non
954 2937 1184 3001 babent
1218 2957 1252 3000 a
1280 2937 1514 3018 quibus
1556 2936 1972 3002 defendantur
2010 2937 2147 3000 siue
2188 2937 2448 3010 aduena,
2493 2937 2639 3017 quia

348 3044 409 3107 in
458 3048 622 3107 terra
670 3044 874 3108 aliena
922 3048 1039 3121 est,
1090 3044 1227 3108 siue
1267 3044 1608 3126 orphanuS,
1648 3044 1712 3107 id
1753 3046 1848 3108 est
1886 3043 2190 3126 pupilluS,
2232 3044 2380 3126 quia
2418 3062 2638 3125 paren-

348 3150 521 3215 tibus
589 3155 776 3227 caret,
845 3151 982 3215 siue
1047 3150 1262 3224 uidua,
1330 3150 1477 3232 quia
1543 3151 1841 3214 maritum
1908 3170 2030 3214 non
2099 3150 2315 3225 habet;
2401 3150 2635 3232 pignus

247 3292 311 3332 ἢ
348 3276 496 3321 uero
556 3277 698 3321 eum
768 3257 1061 3340 prohibet
1116 3257 1570 3321 uestimentum
1643 3257 1884 3320 auferre.
1943 3257 2193 3334 uiduae,
2252 3260 2405 3338 puto
2467 3256 2633 3338 quod

348 3364 503 3428 satis
551 3365 876 3448 eleganter
922 3364 1257 3429 admoneat
1304 3383 1408 3427 eas
1459 3383 1605 3427 uere
1656 3363 1952 3428 dicendas
2001 3382 2140 3427 esse
2188 3363 2435 3438 uiduas,
2476 3382 2635 3445 quae

348 3471 536 3535 etiam
584 3490 892 3554 pauperes
942 3474 1110 3535 sunt.
1158 3470 1223 3534 id
1272 3471 1439 3535 euim
1486 3475 1550 3534 et
1598 3471 1924 3553 apostolus
1966 3469 2289 3534 euidenter
2329 3469 2626 3540 ostendit,

346 3578 457 3642 ubi
514 3579 635 3642 ait:
704 3578 766 3641 si
823 3598 963 3660 qua
1021 3581 1264 3641 autem
1323 3577 1553 3641 uidua
1607 3577 1821 3642 filios
1879 3581 1952 3640 et
2008 3579 2327 3659 nepotes
2385 3575 2633 3650 habet,

348 3684 597 3749 discat
643 3685 961 3766 primum
1021 3684 1311 3747 domum
1371 3703 1578 3748 suam
1635 3684 1754 3766 pie
1811 3687 2137 3747 tractare
2189 3687 2259 3747 et
2304 3686 2634 3747 mutuam

242 3828 304 3867 30
347 3793 586 3856 uicem
654 3791 1094 3874 parentibus
1171 3791 1508 3866 1·eddere;
1578 3791 1713 3855 hoe
1791 3791 1984 3854 enim
2063 3792 2452 3873 acceptum
2519 3793 2636 3853 est

525 4029 589 4081 13
626 4031 789 4082 Amos
831 4027 877 4090 1,
919 4028 951 4080 3
1063 4028 1128 4081 16
1166 4026 1331 4082 Deut.
1372 4028 1457 4092 24,
1502 4028 1567 4080 19
1607 4028 1719 4097 (17)
1829 4027 1897 4080 28
1937 4027 1962 4079 Ι
2001 4026 2137 4079 Tim.
2178 4028 2226 4088 5,
2267 4025 2406 4077 4-—6

414 4169 447 4221 2
496 4171 708 4238 patrum
749 4183 850 4222 om.
890 4167 1016 4236 Euy
1160 4169 1191 4220 5
1240 4170 1641 4236 permanentem
1682 4166 1887 4236 pietate
1925 4166 1990 4220 N
2127 4169 2159 4221 6
2210 4165 2535 4235 septinarius
2573 4163 2638 4216 N

342 4258 373 4310 7
414 4273 510 4326 per
544 4256 723 4326 ipsum
760 4257 825 4310 N
860 4257 1055 4310 iteruin
1092 4256 1268 4326 ipsum
1316 4256 1367 4309 T
1546 4257 1605 4309 11
1650 4256 1858 4309 seilicet
1897 4260 1952 4309 et
1988 4254 2164 4310 PSU¹
2381 4255 2629 4306 et—toto

332 4359 442 4398 om.
484 4341 530 4396 S
673 4344 739 4396 14
779 4342 1106 4397 aduersabor
1154 4343 1258 4397 UT
1403 4346 1467 4398 17
1516 4344 1828 4414 pignorabis
1867 4343 2026 4399 PSU
2165 4344 2233 4398 25
2282 4342 2478 4396 auferri
2519 4341 2638 4396 Sbcl

333 4433 408 4486 27
448 4432 503 4484 id
544 4436 600 4485 et
646 4432 694 4484 V
800 4433 869 4486 28
907 4431 983 4485 ibi
1021 4433 1081 4486 N
1186 4435 1255 4488 29
1295 4438 1482 4488 mutua
1519 4434 1575 4487 P

449 4557 643 4598 xxvm
671 4560 785 4608 Aug.
808 4563 914 4600 sect.
939 4560 1007 4599 111
1027 4569 1130 4609 pars
1149 4560 1173 4599 3
2429 4537 2498 4589 26
