3076 4976
596 490 1075 557 Quaestionum
1114 491 1227 544 lib.
1267 490 1314 543 V
1356 490 1647 555 ‹Quaest
1690 490 1765 544 de
1807 492 2375 560 Deuteronomio).
2500 493 2638 559 409

426 684 652 748 Potest
707 684 846 761 hoc,
907 687 1073 769 quod
1131 688 1222 751 ait
1284 687 1601 762 „dextra
1649 691 1787 750 aut
1835 687 2247 763 sinistra“,
2299 687 2490 751 etiam
2541 689 2639 754 sic

335 789 646 874 intellegi,
705 795 779 855 ut
833 811 949 858 nec
1007 812 1223 857 eorum
1291 811 1501 869 causa,
1563 812 1721 875 quae
1788 799 2046 876 propter
2099 792 2470 858 felicitatem
2530 793 2634 857 ad-

338 900 661 980 petuntur,
730 918 842 963 nec
908 919 1146 976 eorum,
1215 918 1374 981 quae
1438 902 1695 982 propter
1767 899 2205 964 infelicitatem
2279 899 2639 983 fugiuntur,

339 1004 428 1067 ire
502 1003 899 1069 mandauerit
965 1009 1114 1087 post
1192 1004 1341 1069 deos
1411 1005 1591 1081 alioS,
1660 1005 1725 1069 id
1791 1009 1890 1069 est
1950 1023 2063 1070 nec
2129 1024 2238 1087 pro
2305 1005 2405 1069 his
2474 1024 2641 1087 quae

275 1138 302 1177 5
342 1113 632 1174 amantur
689 1129 803 1175 nec
860 1114 1079 1176 contra
1136 1131 1206 1175 ea
1263 1131 1423 1193 quae
1473 1111 1615 1176 odio
1663 1111 1978 1176 habentur
2024 1131 2060 1175 a
2106 1110 2228 1174 diis
2278 1111 2419 1175 aliis
2467 1112 2642 1175 auxi—

339 1217 497 1280 lium
545 1235 684 1282 esse
733 1219 1143 1300 poscendum,
1183 1222 1293 1282 aut
1332 1222 1500 1282 certe
1541 1219 1652 1284 illo
1692 1218 1903 1295 modo,
1943 1221 2016 1282 ut
2053 1220 2157 1282 uel
2197 1217 2642 1295 concilientur,

344 1342 467 1405 quo
516 1323 779 1406 prosint,
829 1323 933 1388 uel
978 1325 1327 1405 placentur,
1367 1344 1445 1389 ne
1493 1328 1779 1391 noceant.
1829 1344 1973 1389 nam
2022 1328 2086 1389 et
2132 1324 2208 1388 de
2256 1324 2638 1406 quibusdam

346 1430 651 1511 scriptum
702 1434 802 1495 est
847 1430 910 1493 in
960 1431 1242 1512 psalmo:
1304 1451 1634 1513 quorum
1691 1451 1774 1496 os
1830 1431 2193 1496 locutum
2245 1434 2369 1495 est
2425 1430 2640 1495 uani·

344 1539 589 1600 tatem
654 1541 731 1601 ct
787 1537 1118 1601 dextera
1177 1557 1446 1602 eorum
1506 1537 1838 1602 dextera
1903 1537 2424 1620 iniquitatis,
2492 1537 2640 1601 ideo

254 1671 307 1710 ιο
346 1643 492 1724 quia
583 1643 680 1708 his
774 1644 961 1708 rebus
1056 1645 1391 1726 opinantur
1481 1644 1615 1710 fieri
1708 1645 2028 1710 hominem
2111 1646 2402 1721 beatum,
2480 1663 2642 1726 quas

346 1753 410 1813 et
463 1750 612 1815 boni
672 1753 737 1814 et
793 1751 946 1814 mali
1002 1755 1275 1832 possunt
1329 1751 1591 1826 habere·,
1652 1756 1716 1816 et
1770 1751 1910 1816 ideo
1970 1751 2221 1815 dextera
2269 1756 2368 1815 est
2412 1751 2642 1833 iniqui-

344 1857 518 1923 tatis.
570 1856 717 1939 quia
763 1856 963 1938 iniqui
1013 1862 1182 1933 sunt,
1234 1858 1342 1940 qui
1401 1877 1535 1922 eam
1598 1858 1914 1922 dexteram
1968 1861 2216 1942 putant.
2290 1877 2414 1922 non
2473 1857 2640 1922 enim

348 1967 445 2027 est
511 1983 661 2027 uera
727 1964 1008 2040 dextera,
1078 1964 1189 2028 sed
1259 1964 1590 2029 dextera
1656 1969 1755 2030 est
1820 1984 2087 2029 eorum
2155 1983 2484 2046 quorum
2556 1983 2645 2028 os

344 2069 718 2134 locutum
759 2074 884 2134 est
921 2071 1406 2145 uanitatem;
1456 2072 1776 2135 beatum
1828 2071 2207 2135 dixerunt
2252 2071 2640 2153 populum

257 2205 311 2243 ιε»
353 2177 483 2239 cui
540 2178 735 2241 haec
794 2181 1008 2253 sunt,
1070 2196 1213 2242 cum
1273 2178 1517 2260 potiuS,
1577 2177 1747 2242 sicut
1790 2197 1932 2240 mox
1983 2177 2275 2261 adiungit
2323 2183 2386 2241 et
2434 2176 2641 2253 docet,

350 2283 641 2348 beatus
710 2283 819 2348 sit
884 2285 1239 2366 populus
1317 2284 1550 2348 cuius
1628 2283 1999 2348 dominus
2077 2284 2271 2348 deus
2347 2283 2643 2366 ipsius,

346 2389 502 2453 haec
552 2393 649 2454 est
695 2410 847 2454 uera
894 2390 1145 2454 dextera
1192 2391 1555 2472 aequitati&
1595 2410 1714 2455 non
1768 2390 2145 2473 iniquitatis.
2196 2410 2313 2454 non
2356 2393 2454 2454 est
2492 2409 2644 2473 ergo

349 2497 626 2560 eundum
676 2502 823 2579 post
870 2497 1022 2562 deos
1072 2497 1309 2562 alienos
1359 2515 1560 2578 neque
1609 2497 1671 2560 in
1712 2497 1945 2572 dextra,
1985 2501 2058 2561 ut
2096 2497 2411 2561 existimet
2449 2497 2644 2560 homo

350 2623 422 2668 ex
477 2603 636 2686 ipsis
697 2623 764 2667 se
822 2603 954 2667 fieri
1012 2604 1290 2680 beatum,
1351 2621 1553 2685 neque
1620 2603 1682 2665 in
1750 2603 2026 2678 sinistra,
2087 2606 2161 2666 ut
2225 2601 2642 2665 existimando

255 2739 311 2777 20
351 2709 506 2792 ipsis
573 2708 1062 2773 aduersantibus
1131 2727 1198 2772 se
1263 2707 1396 2772 fieri
1460 2709 1765 2772 miserum
1833 2709 1912 2772 ad
1976 2709 2095 2773 hoc
2161 2727 2269 2772 eos
2337 2709 2506 2771 colat
2570 2711 2648 2771 ut

351 2817 615 2880 auertat.
701 2819 812 2879 aut
886 2818 1075 2891 certe,
1144 2814 1197 2878 si
1266 2815 1481 2879 dextra
1552 2814 1984 2898 intellegimus
2051 2817 2321 2891 aeterna,
2389 2814 2644 2878 sinistra

352 2941 499 2986 uero
549 2922 923 3004 temporalia
970 2922 1154 2998 bona,
1210 2941 1325 2987 nec
1382 2927 1640 3005 propter
1695 2924 1823 2998 illa,
1882 2941 1995 2986 nec
2053 2924 2307 3005 propter
2361 2922 2485 2984 ista
2534 2939 2648 2985 eos

354 3029 649 3093 colendos
700 3032 920 3093 sancta
967 3029 1281 3111 scriptura
1326 3028 1444 3093 hoc
1492 3030 1631 3094 loco
1683 3029 2086 3093 admonuisse
2136 3028 2446 3092 credatur.

442 3134 762 3199 XLVIIII.
838 3136 1053 3199 Haec
1112 3136 1357 3199 uerba
1412 3136 1891 3200 testamenti
1952 3135 2159 3217 quod
2224 3135 2652 3199 mandauit

258 3274 315 3313 25
357 3241 728 3305 dominus
802 3242 1067 3325 Moysi
1144 3245 1513 3306 statuere
1590 3242 1811 3306 filiis
1886 3242 2202 3306 Israhel
2278 3242 2350 3305 in
2428 3245 2643 3304 terra

354 3348 582 3412 Moab
631 3352 961 3431 praeter
1005 3352 1592 3413 testamentum
1653 3348 1860 3429 quod
1917 3351 2282 3412 testatus
2342 3351 2467 3411 est
2525 3347 2649 3411 eis

355 3455 431 3517 in
482 3455 755 3520 Coreb.
835 3455 1111 3520 ostendit
1158 3456 1323 3520 unde
1371 3456 1728 3538 appellatus
1779 3456 1860 3520 sit
1908 3455 2068 3519 liber
2115 3454 2649 3519 Deuteronomion

357 3564 532 3643 quasi
576 3563 853 3627 secunda
890 3566 1006 3628 leX.
1059 3563 1166 3628 ubi
1215 3562 1421 3646 magis
1468 3562 1645 3627 illius
1693 3562 1985 3645 repetitio
2036 3567 2133 3626 est
2180 3581 2368 3643 quam
2407 3558 2649 3642 aliquid

357 3669 560 3745 aliud3
631 3689 829 3752 pauca
897 3670 1062 3734 enim
1129 3675 1298 3746 sunt,
1369 3688 1527 3752 quae
1595 3669 1682 3733 ibi
1749 3688 1868 3734 non
1938 3668 2083 3744 sint,
2146 3667 2314 3750 quod
2371 3666 2643 3749 primum

252 3811 309 3846 ευ
357 3776 574 3839 datum
627 3779 743 3840 est.
792 3796 903 3840 nec
942 3780 1153 3840 tamen
1193 3777 1347 3840 haec
1389 3775 1789 3857 appellantur
1827 3775 1950 3839 duo
1990 3777 2391 3850 testamenta,
2435 3792 2654 3854 quam-

534 3935 567 3986 8
604 3934 694 3989 Ps.
739 3935 855 3998 143,
896 3936 943 3989 8.
990 3934 1052 3986 15
1164 3934 1233 3987 24
1271 3935 1434 3988 Dent.
1474 3935 1561 3998 29,
1605 3935 1630 3987 1

430 4058 455 4110 1
498 4057 719 4111 dextera
756 4059 804 4110 Τ
871 4060 904 4111 5
943 4060 1195 4111 amantur
1221 4075 1286 4112 ez
1314 4057 1640 4111 mandantur
1665 4058 1720 4110 P
1791 4059 1822 4110 8
1862 4058 1958 4110 hos
1987 4056 2053 4108 N
2124 4057 2187 4110 13
2219 4063 2301 4108 est
2329 4056 2425 4109 alt.
2458 4073 2559 4109 om.
2589 4057 2660 4109 N

358 4148 427 4199 14
462 4145 681 4200 beatum
723 4148 921 4217 quippe
958 4145 1024 4199 N
1156 4147 1221 4200 18
1260 4146 1433 4201 eunde
1471 4144 1519 4200 S
1642 4148 1704 4200 21
1750 4147 1795 4199 si
1833 4163 1948 4214 exp.
1999 4146 2049 4197 V
2171 4146 2239 4198 22
2280 4145 2393 4212 eos]
2437 4144 2565 4198 deos
2608 4147 2656 4198 S

353 4237 427 4288 24
464 4229 532 4305 ἧς
572 4232 858 4286 ἐνετείλατο
898 4235 1014 4289 cod.
1054 4235 1212 4289 Alex.
1342 4236 1408 4288 27
1449 4235 1577 4288 oreb
1618 4234 1738 4289 SU¹
1779 4234 1975 4288 choreb
2013 4233 2183 4286 PVT
2325 4233 2648 4287 deuterono-

353 4324 466 4376 mio
505 4323 557 4376 U
563 4323 576 4356 ¹
607 4322 1069 4377 deuteronomium
1097 4324 1171 4377 δεῖ
1258 4325 1327 4377 29
1358 4324 1489 4393 sint]
1523 4328 1651 4377 sunt
1687 4324 1732 4378 S
1856 4322 1909 4375 in
1941 4339 2003 4376 eo
2035 4321 2179 4390 quod
2210 4321 2283 4376 bd
2365 4323 2432 4374 30
2463 4323 2652 4393 appel-

353 4413 539 4466 lantur
576 4412 708 4466 haec
747 4413 819 4466 bel
