<?xml version="1.0" encoding="UTF-8"?>
<!DOCTYPE html PUBLIC "-//W3C//DTD XHTML 1.0 Transitional//EN"
    "http://www.w3.org/TR/xhtml1/DTD/xhtml1-transitional.dtd">
<html xmlns="http://www.w3.org/1999/xhtml" xml:lang="en" lang="en">
 <head>
  <title>
</title>
<meta http-equiv="Content-Type" content="text/html;charset=utf-8" />
  <meta name='ocr-system' content='tesseract 3.04.00' />
  <meta name='ocr-capabilities' content='ocr_page ocr_carea ocr_par ocr_line ocrx_word'/>
</head>
<body>
  <div class='ocr_page' id='page_1' title='image "./corpusscriptoru31wissgoog_0358.png"; bbox 0 0 3076 4976; ppageno 0'>
   <div class='ocr_carea' id='block_1_1' title="bbox 431 472 2012 542">
    <p class='ocr_par' dir='ltr' id='par_1_1' title="bbox 431 472 2012 542">
     <span class='ocr_line' id='line_1_1' title="bbox 431 472 2012 542; baseline 0.001 -18"><span class='ocrx_word' id='word_1_1' title='bbox 431 478 559 540; x_wconf 78' lang='lat'>324</span> <span class='ocrx_word' id='word_1_2' title='bbox 1135 474 1188 526; x_wconf 79' lang='lat' dir='ltr'>S.</span> <span class='ocrx_word' id='word_1_3' title='bbox 1246 472 1521 526; x_wconf 80' lang='lat' dir='ltr'>Aureli</span> <span class='ocrx_word' id='word_1_4' title='bbox 1578 473 2012 542; x_wconf 83' lang='lat' dir='ltr'>Augustini</span> 
     </span>
    </p>
   </div>
   <div class='ocr_carea' id='block_1_2' title="bbox 407 667 2802 3844">
    <p class='ocr_par' dir='ltr' id='par_1_2' title="bbox 415 667 2802 2439">
     <span class='ocr_line' id='line_1_2' title="bbox 518 667 2718 752; baseline 0 -19"><span class='ocrx_word' id='word_1_5' title='bbox 518 670 718 734; x_wconf 89' lang='lat' dir='ltr'>Totus</span> <span class='ocrx_word' id='word_1_6' title='bbox 767 669 867 733; x_wconf 90' lang='lat' dir='ltr'>hic</span> <span class='ocrx_word' id='word_1_7' title='bbox 917 669 1098 734; x_wconf 90' lang='lat' dir='ltr'>locus</span> <span class='ocrx_word' id='word_1_8' title='bbox 1149 667 1488 752; x_wconf 79' lang='lat' dir='ltr'>diligenter</span> <span class='ocrx_word' id='word_1_9' title='bbox 1533 667 1939 749; x_wconf 77' lang='lat' dir='ltr'>exponendus</span> <span class='ocrx_word' id='word_1_10' title='bbox 1996 672 2114 745; x_wconf 91' lang='lat' dir='ltr'>est,</span> <span class='ocrx_word' id='word_1_11' title='bbox 2171 667 2468 750; x_wconf 88' lang='lat' dir='ltr'>quoniam</span> <span class='ocrx_word' id='word_1_12' title='bbox 2523 667 2718 733; x_wconf 86' lang='lat' dir='ltr'>inusi-</span> 
     </span>
     <span class='ocr_line' id='line_1_3' title="bbox 427 773 2714 860; baseline -0 -19"><span class='ocrx_word' id='word_1_13' title='bbox 427 777 581 841; x_wconf 80' lang='lat' dir='ltr'>tatis</span> <span class='ocrx_word' id='word_1_14' title='bbox 648 775 986 860; x_wconf 82' lang='lat' dir='ltr'>generibus</span> <span class='ocrx_word' id='word_1_15' title='bbox 1051 775 1450 839; x_wconf 89' lang='lat' dir='ltr'>locutionum</span> <span class='ocrx_word' id='word_1_16' title='bbox 1517 773 1894 838; x_wconf 85' lang='lat' dir='ltr'>obscuratus</span> <span class='ocrx_word' id='word_1_17' title='bbox 1952 778 2069 839; x_wconf 87' lang='lat' dir='ltr'>est.</span> <span class='ocrx_word' id='word_1_18' title='bbox 2156 780 2229 837; x_wconf 89' lang='lat' dir='ltr'>et</span> <span class='ocrx_word' id='word_1_19' title='bbox 2284 774 2432 851; x_wconf 87' lang='lat' dir='ltr'>die,</span> <span class='ocrx_word' id='word_1_20' title='bbox 2486 774 2714 857; x_wconf 91' lang='lat' dir='ltr'>inquit,</span> 
     </span>
     <span class='ocr_line' id='line_1_4' title="bbox 430 878 2716 965; baseline -0.001 -18"><span class='ocrx_word' id='word_1_21' title='bbox 430 902 574 965; x_wconf 86' lang='lat' dir='ltr'>qua</span> <span class='ocrx_word' id='word_1_22' title='bbox 622 878 1006 947; x_wconf 84' lang='lat' dir='ltr'>statutum</span> <span class='ocrx_word' id='word_1_23' title='bbox 1055 884 1173 946; x_wconf 87' lang='lat' dir='ltr'>est</span> <span class='ocrx_word' id='word_1_24' title='bbox 1217 881 1793 945; x_wconf 85' lang='lat' dir='ltr'>tabernaculum</span> <span class='ocrx_word' id='word_1_25' title='bbox 1842 881 2034 946; x_wconf 86' lang='lat' dir='ltr'>texit</span> <span class='ocrx_word' id='word_1_26' title='bbox 2087 881 2326 944; x_wconf 88' lang='lat' dir='ltr'>nubes</span> <span class='ocrx_word' id='word_1_27' title='bbox 2381 881 2716 945; x_wconf 87' lang='lat' dir='ltr'>taberna-</span> 
     </span>
     <span class='ocr_line' id='line_1_5' title="bbox 428 987 2717 1070; baseline -0.002 -16"><span class='ocrx_word' id='word_1_28' title='bbox 428 991 709 1064; x_wconf 88' lang='lat' dir='ltr'>culum,</span> <span class='ocrx_word' id='word_1_29' title='bbox 770 989 1062 1053; x_wconf 90' lang='lat' dir='ltr'>domum</span> <span class='ocrx_word' id='word_1_30' title='bbox 1112 987 1568 1052; x_wconf 88' lang='lat' dir='ltr'>testimonii:</span> <span class='ocrx_word' id='word_1_31' title='bbox 1625 987 1795 1051; x_wconf 88' lang='lat' dir='ltr'>idem</span> <span class='ocrx_word' id='word_1_32' title='bbox 1841 988 2320 1051; x_wconf 86' lang='lat' dir='ltr'>tabernaculum</span> <span class='ocrx_word' id='word_1_33' title='bbox 2367 987 2717 1070; x_wconf 87' lang='lat' dir='ltr'>appellauit</span> 
     </span>
     <span class='ocr_line' id='line_1_6' title="bbox 432 1094 2802 1175; baseline -0.001 -15"><span class='ocrx_word' id='word_1_34' title='bbox 432 1096 687 1160; x_wconf 86' lang='lat' dir='ltr'>domum</span> <span class='ocrx_word' id='word_1_35' title='bbox 735 1095 1107 1159; x_wconf 88' lang='lat' dir='ltr'>testimonii.</span> <span class='ocrx_word' id='word_1_36' title='bbox 1184 1098 1257 1158; x_wconf 91' lang='lat' dir='ltr'>et</span> <span class='ocrx_word' id='word_1_37' title='bbox 1303 1112 1617 1175; x_wconf 89' lang='lat' dir='ltr'>uespere</span> <span class='ocrx_word' id='word_1_38' title='bbox 1666 1098 1824 1157; x_wconf 88' lang='lat' dir='ltr'>erat</span> <span class='ocrx_word' id='word_1_39' title='bbox 1872 1112 2095 1175; x_wconf 90' lang='lat' dir='ltr'>super</span> <span class='ocrx_word' id='word_1_40' title='bbox 2140 1094 2714 1158; x_wconf 86' lang='lat' dir='ltr'>tabernaculum</span> <span class='ocrx_word' id='word_1_41' title='bbox 2776 1117 2802 1157; x_wconf 81' lang='lat'><strong>5</strong></span> 
     </span>
     <span class='ocr_line' id='line_1_7' title="bbox 425 1199 2710 1285; baseline -0.001 -18"><span class='ocrx_word' id='word_1_42' title='bbox 425 1203 641 1267; x_wconf 90' lang='lat' dir='ltr'>uelut</span> <span class='ocrx_word' id='word_1_43' title='bbox 706 1202 1004 1284; x_wconf 89' lang='lat' dir='ltr'>species</span> <span class='ocrx_word' id='word_1_44' title='bbox 1070 1201 1271 1285; x_wconf 91' lang='lat' dir='ltr'>ignis</span> <span class='ocrx_word' id='word_1_45' title='bbox 1340 1218 1577 1282; x_wconf 86' lang='lat' dir='ltr'>usque</span> <span class='ocrx_word' id='word_1_46' title='bbox 1632 1218 1863 1264; x_wconf 85' lang='lat' dir='ltr'>mane.</span> <span class='ocrx_word' id='word_1_47' title='bbox 1946 1199 2054 1263; x_wconf 86' lang='lat' dir='ltr'>ita</span> <span class='ocrx_word' id='word_1_48' title='bbox 2108 1199 2347 1263; x_wconf 87' lang='lat' dir='ltr'>fiebat</span> <span class='ocrx_word' id='word_1_49' title='bbox 2403 1219 2710 1282; x_wconf 87' lang='lat' dir='ltr'>semper.</span> 
     </span>
     <span class='ocr_line' id='line_1_8' title="bbox 423 1305 2711 1392; baseline -0.002 -18"><span class='ocrx_word' id='word_1_50' title='bbox 423 1309 648 1374; x_wconf 91' lang='lat' dir='ltr'>deinde</span> <span class='ocrx_word' id='word_1_51' title='bbox 696 1308 1036 1392; x_wconf 81' lang='lat' dir='ltr'>diligenter</span> <span class='ocrx_word' id='word_1_52' title='bbox 1082 1307 1390 1388; x_wconf 80' lang='lat' dir='ltr'>exprimit,</span> <span class='ocrx_word' id='word_1_53' title='bbox 1433 1305 1588 1389; x_wconf 87' lang='lat' dir='ltr'>quid</span> <span class='ocrx_word' id='word_1_54' title='bbox 1633 1306 1829 1371; x_wconf 88' lang='lat' dir='ltr'>fiebat</span> <span class='ocrx_word' id='word_1_55' title='bbox 1875 1324 2141 1388; x_wconf 85' lang='lat' dir='ltr'>semper.</span> <span class='ocrx_word' id='word_1_56' title='bbox 2190 1306 2446 1382; x_wconf 89' lang='lat' dir='ltr'>nubes,</span> <span class='ocrx_word' id='word_1_57' title='bbox 2483 1306 2711 1388; x_wconf 88' lang='lat' dir='ltr'>inquit,</span> 
     </span>
     <span class='ocr_line' id='line_1_9' title="bbox 420 1412 2710 1500; baseline -0.002 -19"><span class='ocrx_word' id='word_1_58' title='bbox 420 1417 736 1500; x_wconf 84' lang='lat' dir='ltr'>tegebat</span> <span class='ocrx_word' id='word_1_59' title='bbox 813 1414 1010 1478; x_wconf 88' lang='lat' dir='ltr'>illud</span> <span class='ocrx_word' id='word_1_60' title='bbox 1085 1414 1201 1478; x_wconf 89' lang='lat' dir='ltr'>die</span> <span class='ocrx_word' id='word_1_61' title='bbox 1277 1418 1351 1477; x_wconf 88' lang='lat' dir='ltr'>et</span> <span class='ocrx_word' id='word_1_62' title='bbox 1424 1413 1723 1495; x_wconf 87' lang='lat' dir='ltr'>species</span> <span class='ocrx_word' id='word_1_63' title='bbox 1800 1412 1999 1497; x_wconf 89' lang='lat' dir='ltr'>ignis</span> <span class='ocrx_word' id='word_1_64' title='bbox 2074 1416 2308 1479; x_wconf 88' lang='lat' dir='ltr'>nocte.</span> <span class='ocrx_word' id='word_1_65' title='bbox 2401 1416 2474 1477; x_wconf 89' lang='lat' dir='ltr'>et</span> <span class='ocrx_word' id='word_1_66' title='bbox 2547 1431 2710 1476; x_wconf 87' lang='lat' dir='ltr'>cum</span> 
     </span>
     <span class='ocr_line' id='line_1_10' title="bbox 423 1519 2707 1601; baseline -0.002 -13"><span class='ocrx_word' id='word_1_67' title='bbox 423 1522 908 1588; x_wconf 82' lang='lat' dir='ltr'>ascendisset</span> <span class='ocrx_word' id='word_1_68' title='bbox 964 1521 1198 1585; x_wconf 84' lang='lat' dir='ltr'>nubes</span> <span class='ocrx_word' id='word_1_69' title='bbox 1248 1541 1283 1584; x_wconf 84' lang='lat' dir='ltr'>a</span> <span class='ocrx_word' id='word_1_70' title='bbox 1327 1519 1845 1596; x_wconf 86' lang='lat' dir='ltr'>tabernacu10‚</span> <span class='ocrx_word' id='word_1_71' title='bbox 1896 1522 1970 1583; x_wconf 88' lang='lat' dir='ltr'>et</span> <span class='ocrx_word' id='word_1_72' title='bbox 2012 1522 2280 1601; x_wconf 85' lang='lat' dir='ltr'>postea</span> <span class='ocrx_word' id='word_1_73' title='bbox 2324 1537 2707 1601; x_wconf 91' lang='lat' dir='ltr'>promoue-</span> 
     </span>
     <span class='ocr_line' id='line_1_11' title="bbox 418 1625 2800 1701; baseline -0.002 -8"><span class='ocrx_word' id='word_1_74' title='bbox 418 1631 602 1701; x_wconf 61' lang='lat' dir='ltr'>hant</span> <span class='ocrx_word' id='word_1_75' title='bbox 674 1628 831 1692; x_wconf 89' lang='lat' dir='ltr'>filii</span> <span class='ocrx_word' id='word_1_76' title='bbox 896 1627 1211 1693; x_wconf 88' lang='lat' dir='ltr'>Israhel.</span> <span class='ocrx_word' id='word_1_77' title='bbox 1304 1627 1432 1690; x_wconf 88' lang='lat' dir='ltr'>ista</span> <span class='ocrx_word' id='word_1_78' title='bbox 1505 1625 1817 1690; x_wconf 83' lang='lat' dir='ltr'>sententia</span> <span class='ocrx_word' id='word_1_79' title='bbox 1890 1626 2160 1690; x_wconf 84' lang='lat' dir='ltr'>obscura</span> <span class='ocrx_word' id='word_1_80' title='bbox 2232 1644 2355 1689; x_wconf 91' lang='lat' dir='ltr'>non</span> <span class='ocrx_word' id='word_1_81' title='bbox 2424 1629 2522 1689; x_wconf 90' lang='lat' dir='ltr'>est</span> <span class='ocrx_word' id='word_1_82' title='bbox 2587 1626 2709 1690; x_wconf 87' lang='lat' dir='ltr'>nisi</span> <span class='ocrx_word' id='word_1_83' title='bbox 2747 1650 2800 1689; x_wconf 87' lang='grc' dir='ltr'>ιο</span> 
     </span>
     <span class='ocr_line' id='line_1_12' title="bbox 417 1732 2709 1818; baseline -0.003 -17"><span class='ocrx_word' id='word_1_84' title='bbox 417 1738 676 1818; x_wconf 88' lang='lat' dir='ltr'>propter</span> <span class='ocrx_word' id='word_1_85' title='bbox 728 1734 905 1797; x_wconf 88' lang='lat' dir='ltr'>illam</span> <span class='ocrx_word' id='word_1_86' title='bbox 961 1733 1352 1798; x_wconf 84' lang='lat' dir='ltr'>locutionem</span> <span class='ocrx_word' id='word_1_87' title='bbox 1409 1733 1520 1797; x_wconf 90' lang='lat' dir='ltr'>ubi</span> <span class='ocrx_word' id='word_1_88' title='bbox 1577 1732 1831 1797; x_wconf 75' lang='lat' dir='ltr'>additur</span> <span class='ocrx_word' id='word_1_89' title='bbox 1883 1738 2057 1809; x_wconf 82' lang='lat' dir='ltr'>„et“.</span> <span class='ocrx_word' id='word_1_90' title='bbox 2137 1732 2289 1797; x_wconf 91' lang='lat' dir='ltr'>ordo</span> <span class='ocrx_word' id='word_1_91' title='bbox 2348 1732 2514 1796; x_wconf 89' lang='lat' dir='ltr'>enim</span> <span class='ocrx_word' id='word_1_92' title='bbox 2573 1752 2709 1797; x_wconf 89' lang='lat' dir='ltr'>uer·</span> 
     </span>
     <span class='ocr_line' id='line_1_13' title="bbox 418 1839 2710 1925; baseline -0.001 -19"><span class='ocrx_word' id='word_1_93' title='bbox 418 1844 645 1907; x_wconf 89' lang='lat' dir='ltr'>borum</span> <span class='ocrx_word' id='word_1_94' title='bbox 700 1841 945 1925; x_wconf 85' lang='lat' dir='ltr'>integer</span> <span class='ocrx_word' id='word_1_95' title='bbox 1000 1840 1310 1921; x_wconf 90' lang='lat' dir='ltr'>sequitur,</span> <span class='ocrx_word' id='word_1_96' title='bbox 1369 1840 1622 1903; x_wconf 86' lang='lat' dir='ltr'>etiamsi</span> <span class='ocrx_word' id='word_1_97' title='bbox 1669 1839 1837 1904; x_wconf 89' lang='lat' dir='ltr'>desit</span> <span class='ocrx_word' id='word_1_98' title='bbox 1880 1840 2019 1922; x_wconf 90' lang='lat' dir='ltr'>ipsa</span> <span class='ocrx_word' id='word_1_99' title='bbox 2066 1839 2448 1917; x_wconf 89' lang='lat' dir='ltr'>coniunctio,</span> <span class='ocrx_word' id='word_1_100' title='bbox 2496 1841 2569 1903; x_wconf 88' lang='lat' dir='ltr'>ut</span> <span class='ocrx_word' id='word_1_101' title='bbox 2616 1839 2710 1904; x_wconf 87' lang='lat' dir='ltr'>sic</span> 
     </span>
     <span class='ocr_line' id='line_1_14' title="bbox 417 1945 2708 2028; baseline -0.001 -15"><span class='ocrx_word' id='word_1_102' title='bbox 417 1948 693 2013; x_wconf 87' lang='lat' dir='ltr'>dicatur:</span> <span class='ocrx_word' id='word_1_103' title='bbox 770 1951 832 2011; x_wconf 84' lang='lat' dir='ltr'>et</span> <span class='ocrx_word' id='word_1_104' title='bbox 907 1966 1053 2011; x_wconf 90' lang='lat' dir='ltr'>cum</span> <span class='ocrx_word' id='word_1_105' title='bbox 1123 1945 1515 2010; x_wconf 85' lang='lat' dir='ltr'>ascendisset</span> <span class='ocrx_word' id='word_1_106' title='bbox 1587 1945 1789 2010; x_wconf 84' lang='lat' dir='ltr'>nubes</span> <span class='ocrx_word' id='word_1_107' title='bbox 1863 1965 1898 2008; x_wconf 91' lang='lat' dir='ltr'>a</span> <span class='ocrx_word' id='word_1_108' title='bbox 1968 1946 2402 2023; x_wconf 85' lang='lat' dir='ltr'>tabernaculo,</span> <span class='ocrx_word' id='word_1_109' title='bbox 2485 1948 2708 2028; x_wconf 87' lang='lat' dir='ltr'>postea</span> 
     </span>
     <span class='ocr_line' id='line_1_15' title="bbox 415 2051 2708 2138; baseline -0.001 -20"><span class='ocrx_word' id='word_1_110' title='bbox 415 2053 876 2138; x_wconf 88' lang='lat' dir='ltr'>promouebant</span> <span class='ocrx_word' id='word_1_111' title='bbox 921 2053 1039 2117; x_wconf 85' lang='lat' dir='ltr'>filii</span> <span class='ocrx_word' id='word_1_112' title='bbox 1075 2052 1343 2127; x_wconf 82' lang='lat' dir='ltr'>Israhel3</span> <span class='ocrx_word' id='word_1_113' title='bbox 1395 2053 1686 2133; x_wconf 87' lang='lat' dir='ltr'>quamuis</span> <span class='ocrx_word' id='word_1_114' title='bbox 1735 2054 1800 2116; x_wconf 88' lang='lat' dir='ltr'>et</span> <span class='ocrx_word' id='word_1_115' title='bbox 1843 2051 2057 2133; x_wconf 88' lang='lat' dir='ltr'>ipsum</span> <span class='ocrx_word' id='word_1_116' title='bbox 2105 2052 2273 2133; x_wconf 91' lang='lat' dir='ltr'>quod</span> <span class='ocrx_word' id='word_1_117' title='bbox 2319 2052 2562 2117; x_wconf 88' lang='lat' dir='ltr'>dictum</span> <span class='ocrx_word' id='word_1_118' title='bbox 2609 2056 2708 2117; x_wconf 89' lang='lat' dir='ltr'>est</span> 
     </span>
     <span class='ocr_line' id='line_1_16' title="bbox 426 2159 2795 2245; baseline -0.001 -20"><span class='ocrx_word' id='word_1_119' title='bbox 426 2164 762 2245; x_wconf 83' lang='lat' dir='ltr'>„postea“</span> <span class='ocrx_word' id='word_1_120' title='bbox 836 2160 891 2224; x_wconf 90' lang='lat' dir='ltr'>si</span> <span class='ocrx_word' id='word_1_121' title='bbox 958 2159 1236 2235; x_wconf 83' lang='lat' dir='ltr'>deesset,</span> <span class='ocrx_word' id='word_1_122' title='bbox 1303 2160 1487 2240; x_wconf 84' lang='lat' dir='ltr'>plena</span> <span class='ocrx_word' id='word_1_123' title='bbox 1552 2161 1774 2240; x_wconf 87' lang='lat' dir='ltr'>posset</span> <span class='ocrx_word' id='word_1_124' title='bbox 1846 2177 1986 2222; x_wconf 89' lang='lat' dir='ltr'>esse</span> <span class='ocrx_word' id='word_1_125' title='bbox 2062 2159 2395 2225; x_wconf 84' lang='lat' dir='ltr'>sententia.</span> <span class='ocrx_word' id='word_1_126' title='bbox 2482 2159 2704 2224; x_wconf 90' lang='lat' dir='ltr'>deinde</span> <span class='ocrx_word' id='word_1_127' title='bbox 2743 2183 2795 2223; x_wconf 77' lang='lat'>15</span> 
     </span>
     <span class='ocr_line' id='line_1_17' title="bbox 418 2265 2704 2350; baseline -0.001 -17"><span class='ocrx_word' id='word_1_128' title='bbox 418 2268 710 2350; x_wconf 88' lang='lat' dir='ltr'>sequitur</span> <span class='ocrx_word' id='word_1_129' title='bbox 766 2266 1009 2330; x_wconf 87' lang='lat' dir='ltr'>dicens:</span> <span class='ocrx_word' id='word_1_130' title='bbox 1079 2268 1150 2330; x_wconf 89' lang='lat' dir='ltr'>et</span> <span class='ocrx_word' id='word_1_131' title='bbox 1215 2266 1285 2329; x_wconf 92' lang='lat' dir='ltr'>in</span> <span class='ocrx_word' id='word_1_132' title='bbox 1343 2266 1511 2330; x_wconf 89' lang='lat' dir='ltr'>loco</span> <span class='ocrx_word' id='word_1_133' title='bbox 1570 2265 2030 2347; x_wconf 84' lang='lat' dir='ltr'>ubicumque</span> <span class='ocrx_word' id='word_1_134' title='bbox 2087 2269 2414 2330; x_wconf 89' lang='lat' dir='ltr'>steterat</span> <span class='ocrx_word' id='word_1_135' title='bbox 2470 2266 2704 2332; x_wconf 89' lang='lat' dir='ltr'>nubes</span> 
     </span>
     <span class='ocr_line' id='line_1_18' title="bbox 415 2372 1943 2439; baseline -0.002 0"><span class='ocrx_word' id='word_1_136' title='bbox 415 2375 524 2439; x_wconf 86' lang='lat' dir='ltr'>ibi</span> <span class='ocrx_word' id='word_1_137' title='bbox 572 2377 824 2439; x_wconf 86' lang='lat' dir='ltr'>castra</span> <span class='ocrx_word' id='word_1_138' title='bbox 872 2372 1376 2437; x_wconf 85' lang='lat' dir='ltr'>conlocabant</span> <span class='ocrx_word' id='word_1_139' title='bbox 1422 2372 1582 2435; x_wconf 86' lang='lat' dir='ltr'>filii</span> <span class='ocrx_word' id='word_1_140' title='bbox 1629 2372 1943 2436; x_wconf 83' lang='lat' dir='ltr'>Israhel.</span> 
     </span>
    </p>

    <p class='ocr_par' dir='ltr' id='par_1_3' title="bbox 407 2478 2792 3844">
     <span class='ocr_line' id='line_1_19' title="bbox 502 2478 2702 2562; baseline -0.002 -15"><span class='ocrx_word' id='word_1_141' title='bbox 502 2482 642 2547; x_wconf 88' lang='lat' dir='ltr'>Hoc</span> <span class='ocrx_word' id='word_1_142' title='bbox 712 2483 924 2545; x_wconf 87' lang='lat' dir='ltr'>autem</span> <span class='ocrx_word' id='word_1_143' title='bbox 985 2481 1197 2544; x_wconf 87' lang='lat' dir='ltr'>totum</span> <span class='ocrx_word' id='word_1_144' title='bbox 1264 2478 1432 2559; x_wconf 88' lang='lat' dir='ltr'>quod</span> <span class='ocrx_word' id='word_1_145' title='bbox 1495 2478 1814 2544; x_wconf 88' lang='lat' dir='ltr'>faciebant</span> <span class='ocrx_word' id='word_1_146' title='bbox 1869 2479 1948 2543; x_wconf 86' lang='lat' dir='ltr'>ad</span> <span class='ocrx_word' id='word_1_147' title='bbox 2000 2483 2410 2562; x_wconf 87' lang='lat' dir='ltr'>praeceptum</span> <span class='ocrx_word' id='word_1_148' title='bbox 2466 2478 2702 2545; x_wconf 88' lang='lat' dir='ltr'>domini</span> 
     </span>
     <span class='ocr_line' id='line_1_20' title="bbox 415 2584 2699 2670; baseline -0 -18"><span class='ocrx_word' id='word_1_149' title='bbox 415 2588 692 2653; x_wconf 86' lang='lat' dir='ltr'>referens</span> <span class='ocrx_word' id='word_1_150' title='bbox 740 2587 830 2650; x_wconf 89' lang='lat' dir='ltr'>ita</span> <span class='ocrx_word' id='word_1_151' title='bbox 879 2584 1355 2668; x_wconf 86' lang='lat' dir='ltr'>complectitur:</span> <span class='ocrx_word' id='word_1_152' title='bbox 1412 2604 1546 2667; x_wconf 89' lang='lat' dir='ltr'>per</span> <span class='ocrx_word' id='word_1_153' title='bbox 1590 2589 2097 2670; x_wconf 82' lang='lat' dir='ltr'>praeceptum,</span> <span class='ocrx_word' id='word_1_154' title='bbox 2145 2586 2371 2670; x_wconf 90' lang='lat' dir='ltr'>inquit,</span> <span class='ocrx_word' id='word_1_155' title='bbox 2422 2586 2699 2652; x_wconf 87' lang='lat' dir='ltr'>domini</span> 
     </span>
     <span class='ocr_line' id='line_1_21' title="bbox 418 2691 2792 2776; baseline 0.001 -18"><span class='ocrx_word' id='word_1_156' title='bbox 418 2696 670 2758; x_wconf 86' lang='lat' dir='ltr'>castra</span> <span class='ocrx_word' id='word_1_157' title='bbox 733 2693 1242 2757; x_wconf 87' lang='lat' dir='ltr'>conlocabunt</span> <span class='ocrx_word' id='word_1_158' title='bbox 1314 2691 1471 2756; x_wconf 89' lang='lat' dir='ltr'>filii</span> <span class='ocrx_word' id='word_1_159' title='bbox 1534 2693 1827 2757; x_wconf 87' lang='lat' dir='ltr'>Israhel</span> <span class='ocrx_word' id='word_1_160' title='bbox 1895 2697 1968 2757; x_wconf 91' lang='lat' dir='ltr'>et</span> <span class='ocrx_word' id='word_1_161' title='bbox 2030 2712 2157 2775; x_wconf 86' lang='lat' dir='ltr'>per</span> <span class='ocrx_word' id='word_1_162' title='bbox 2219 2696 2698 2776; x_wconf 86' lang='lat' dir='ltr'>praeceptum</span> <span class='ocrx_word' id='word_1_163' title='bbox 2738 2722 2792 2761; x_wconf 75' lang='lat'>20</span> 
     </span>
     <span class='ocr_line' id='line_1_22' title="bbox 415 2798 2699 2884; baseline 0 -21"><span class='ocrx_word' id='word_1_164' title='bbox 415 2799 696 2865; x_wconf 89' lang='lat' dir='ltr'>domini</span> <span class='ocrx_word' id='word_1_165' title='bbox 742 2798 1310 2882; x_wconf 88' lang='lat' dir='ltr'>promouebunt.</span> <span class='ocrx_word' id='word_1_166' title='bbox 1375 2802 1788 2881; x_wconf 88' lang='lat' dir='ltr'>praeceptum</span> <span class='ocrx_word' id='word_1_167' title='bbox 1835 2800 2075 2864; x_wconf 87' lang='lat' dir='ltr'>domini</span> <span class='ocrx_word' id='word_1_168' title='bbox 2123 2800 2401 2882; x_wconf 87' lang='lat' dir='ltr'>appellat</span> <span class='ocrx_word' id='word_1_169' title='bbox 2447 2800 2699 2884; x_wconf 87' lang='lat' dir='ltr'>signum</span> 
     </span>
     <span class='ocr_line' id='line_1_23' title="bbox 412 2906 2702 2990; baseline -0 -19"><span class='ocrx_word' id='word_1_170' title='bbox 412 2908 624 2990; x_wconf 88' lang='lat' dir='ltr'>ipsum</span> <span class='ocrx_word' id='word_1_171' title='bbox 673 2907 843 2989; x_wconf 91' lang='lat' dir='ltr'>quod</span> <span class='ocrx_word' id='word_1_172' title='bbox 889 2906 1081 2971; x_wconf 86' lang='lat' dir='ltr'>fiebat</span> <span class='ocrx_word' id='word_1_173' title='bbox 1124 2907 1188 2970; x_wconf 92' lang='lat' dir='ltr'>in</span> <span class='ocrx_word' id='word_1_174' title='bbox 1236 2906 1423 2984; x_wconf 91' lang='lat' dir='ltr'>nube,</span> <span class='ocrx_word' id='word_1_175' title='bbox 1474 2907 1611 2971; x_wconf 88' lang='lat' dir='ltr'>siue</span> <span class='ocrx_word' id='word_1_176' title='bbox 1659 2926 1804 2972; x_wconf 89' lang='lat' dir='ltr'>cum</span> <span class='ocrx_word' id='word_1_177' title='bbox 1845 2910 2044 2972; x_wconf 88' lang='lat' dir='ltr'>staret</span> <span class='ocrx_word' id='word_1_178' title='bbox 2081 2907 2461 2971; x_wconf 86' lang='lat' dir='ltr'>obumbrans</span> <span class='ocrx_word' id='word_1_179' title='bbox 2498 2907 2702 2971; x_wconf 85' lang='lat' dir='ltr'>taber-</span> 
     </span>
     <span class='ocr_line' id='line_1_24' title="bbox 412 3013 2700 3096; baseline -0 -18"><span class='ocrx_word' id='word_1_180' title='bbox 412 3014 734 3091; x_wconf 87' lang='lat' dir='ltr'>naculum,</span> <span class='ocrx_word' id='word_1_181' title='bbox 782 3017 856 3078; x_wconf 88' lang='lat' dir='ltr'>ut</span> <span class='ocrx_word' id='word_1_182' title='bbox 894 3017 959 3078; x_wconf 89' lang='lat' dir='ltr'>et</span> <span class='ocrx_word' id='word_1_183' title='bbox 995 3017 1202 3079; x_wconf 88' lang='lat' dir='ltr'>castra</span> <span class='ocrx_word' id='word_1_184' title='bbox 1238 3015 1681 3092; x_wconf 77' lang='lat' dir='ltr'>consisterent,</span> <span class='ocrx_word' id='word_1_185' title='bbox 1720 3016 1859 3079; x_wconf 87' lang='lat' dir='ltr'>siue</span> <span class='ocrx_word' id='word_1_186' title='bbox 1899 3035 2044 3078; x_wconf 89' lang='lat' dir='ltr'>cum</span> <span class='ocrx_word' id='word_1_187' title='bbox 2083 3013 2475 3079; x_wconf 85' lang='lat' dir='ltr'>ascendisset</span> <span class='ocrx_word' id='word_1_188' title='bbox 2511 3017 2700 3096; x_wconf 86' lang='lat' dir='ltr'>atque</span> 
     </span>
     <span class='ocr_line' id='line_1_25' title="bbox 413 3121 2702 3205; baseline 0 -21"><span class='ocrx_word' id='word_1_189' title='bbox 413 3121 581 3185; x_wconf 89' lang='lat' dir='ltr'>ultra</span> <span class='ocrx_word' id='word_1_190' title='bbox 625 3124 1008 3199; x_wconf 89' lang='lat' dir='ltr'>moueretur,</span> <span class='ocrx_word' id='word_1_191' title='bbox 1047 3123 1121 3184; x_wconf 90' lang='lat' dir='ltr'>ut</span> <span class='ocrx_word' id='word_1_192' title='bbox 1169 3140 1307 3186; x_wconf 86' lang='lat' dir='ltr'>eam</span> <span class='ocrx_word' id='word_1_193' title='bbox 1354 3122 1622 3187; x_wconf 87' lang='lat' dir='ltr'>eleuatis</span> <span class='ocrx_word' id='word_1_194' title='bbox 1672 3123 1897 3187; x_wconf 85' lang='lat' dir='ltr'>castris</span> <span class='ocrx_word' id='word_1_195' title='bbox 1946 3124 2374 3205; x_wconf 88' lang='lat' dir='ltr'>sequerentur.</span> <span class='ocrx_word' id='word_1_196' title='bbox 2422 3121 2702 3186; x_wconf 85' lang='lat' dir='ltr'>mutauit</span> 
     </span>
     <span class='ocr_line' id='line_1_26' title="bbox 412 3228 2788 3311; baseline 0.003 -20"><span class='ocrx_word' id='word_1_197' title='bbox 412 3247 563 3291; x_wconf 81' lang='lat' dir='ltr'>sane</span> <span class='ocrx_word' id='word_1_198' title='bbox 619 3228 682 3291; x_wconf 89' lang='lat' dir='ltr'>in</span> <span class='ocrx_word' id='word_1_199' title='bbox 737 3228 857 3291; x_wconf 89' lang='lat' dir='ltr'>hac</span> <span class='ocrx_word' id='word_1_200' title='bbox 914 3228 1229 3292; x_wconf 86' lang='lat' dir='ltr'>sententia</span> <span class='ocrx_word' id='word_1_201' title='bbox 1283 3229 1592 3292; x_wconf 86' lang='lat' dir='ltr'>narrantis</span> <span class='ocrx_word' id='word_1_202' title='bbox 1648 3228 1905 3293; x_wconf 89' lang='lat' dir='ltr'>modum</span> <span class='ocrx_word' id='word_1_203' title='bbox 1965 3233 2029 3293; x_wconf 91' lang='lat' dir='ltr'>et</span> <span class='ocrx_word' id='word_1_204' title='bbox 2082 3232 2408 3311; x_wconf 88' lang='lat' dir='ltr'>tamquam</span> <span class='ocrx_word' id='word_1_205' title='bbox 2456 3228 2697 3309; x_wconf 80' lang='lat' dir='ltr'>praedi·</span> <span class='ocrx_word' id='word_1_206' title='bbox 2735 3256 2788 3297; x_wconf 68' lang='lat' dir='ltr'>as</span> 
     </span>
     <span class='ocr_line' id='line_1_27' title="bbox 413 3335 2700 3417; baseline 0.001 -21"><span class='ocrx_word' id='word_1_207' title='bbox 413 3354 562 3399; x_wconf 88' lang='lat' dir='ltr'>cens</span> <span class='ocrx_word' id='word_1_208' title='bbox 621 3337 810 3417; x_wconf 88' lang='lat' dir='ltr'>atque</span> <span class='ocrx_word' id='word_1_209' title='bbox 856 3337 1306 3416; x_wconf 88' lang='lat' dir='ltr'>praenuntians</span> <span class='ocrx_word' id='word_1_210' title='bbox 1354 3336 1550 3399; x_wconf 87' lang='lat' dir='ltr'>uerba</span> <span class='ocrx_word' id='word_1_211' title='bbox 1594 3335 1793 3399; x_wconf 84' lang='lat' dir='ltr'>futuri</span> <span class='ocrx_word' id='word_1_212' title='bbox 1840 3336 2145 3417; x_wconf 87' lang='lat' dir='ltr'>temporis</span> <span class='ocrx_word' id='word_1_213' title='bbox 2193 3335 2421 3400; x_wconf 86' lang='lat' dir='ltr'>habere</span> <span class='ocrx_word' id='word_1_214' title='bbox 2468 3335 2700 3417; x_wconf 88' lang='lat' dir='ltr'>coepit.</span> 
     </span>
     <span class='ocr_line' id='line_1_28' title="bbox 414 3441 2695 3524; baseline 0 -19"><span class='ocrx_word' id='word_1_215' title='bbox 414 3461 614 3523; x_wconf 86' lang='lat' dir='ltr'>neque</span> <span class='ocrx_word' id='word_1_216' title='bbox 664 3442 826 3505; x_wconf 90' lang='lat' dir='ltr'>enim</span> <span class='ocrx_word' id='word_1_217' title='bbox 877 3441 993 3505; x_wconf 88' lang='lat' dir='ltr'>ait:</span> <span class='ocrx_word' id='word_1_218' title='bbox 1043 3460 1172 3523; x_wconf 89' lang='lat' dir='ltr'>per</span> <span class='ocrx_word' id='word_1_219' title='bbox 1216 3445 1697 3524; x_wconf 88' lang='lat' dir='ltr'>praeceptum</span> <span class='ocrx_word' id='word_1_220' title='bbox 1748 3441 2025 3506; x_wconf 88' lang='lat' dir='ltr'>domini</span> <span class='ocrx_word' id='word_1_221' title='bbox 2075 3445 2323 3507; x_wconf 86' lang='lat' dir='ltr'>castra</span> <span class='ocrx_word' id='word_1_222' title='bbox 2374 3442 2695 3518; x_wconf 85' lang='lat' dir='ltr'>„conloca-</span> 
     </span>
     <span class='ocr_line' id='line_1_29' title="bbox 410 3547 2695 3631; baseline 0 -20"><span class='ocrx_word' id='word_1_223' title='bbox 410 3548 600 3611; x_wconf 86' lang='lat' dir='ltr'>bant“</span> <span class='ocrx_word' id='word_1_224' title='bbox 656 3548 810 3612; x_wconf 90' lang='lat' dir='ltr'>filii</span> <span class='ocrx_word' id='word_1_225' title='bbox 851 3548 1163 3623; x_wconf 86' lang='lat' dir='ltr'>Israhel,</span> <span class='ocrx_word' id='word_1_226' title='bbox 1207 3547 1316 3613; x_wconf 86' lang='lat' dir='ltr'>sed</span> <span class='ocrx_word' id='word_1_227' title='bbox 1364 3548 1979 3625; x_wconf 81' lang='lat' dir='ltr'>„conlocabunt“;</span> <span class='ocrx_word' id='word_1_228' title='bbox 2022 3568 2136 3612; x_wconf 88' lang='lat' dir='ltr'>nec</span> <span class='ocrx_word' id='word_1_229' title='bbox 2174 3548 2292 3613; x_wconf 87' lang='lat' dir='ltr'>ait:</span> <span class='ocrx_word' id='word_1_230' title='bbox 2332 3567 2460 3631; x_wconf 88' lang='lat' dir='ltr'>per</span> <span class='ocrx_word' id='word_1_231' title='bbox 2494 3567 2695 3630; x_wconf 87' lang='lat' dir='ltr'>prae·</span> 
     </span>
     <span class='ocr_line' id='line_1_30' title="bbox 410 3652 2696 3737; baseline 0 -19"><span class='ocrx_word' id='word_1_232' title='bbox 410 3658 705 3736; x_wconf 81' lang='lat' dir='ltr'>ceptum</span> <span class='ocrx_word' id='word_1_233' title='bbox 765 3652 1045 3717; x_wconf 90' lang='lat' dir='ltr'>domini</span> <span class='ocrx_word' id='word_1_234' title='bbox 1112 3655 1669 3735; x_wconf 85' lang='lat' dir='ltr'>„p1·omouebant“,</span> <span class='ocrx_word' id='word_1_235' title='bbox 1729 3654 1840 3718; x_wconf 91' lang='lat' dir='ltr'>sed</span> <span class='ocrx_word' id='word_1_236' title='bbox 1907 3655 2554 3737; x_wconf 87' lang='lat' dir='ltr'>„promouebunt“.</span> <span class='ocrx_word' id='word_1_237' title='bbox 2632 3658 2696 3719; x_wconf 89' lang='lat' dir='ltr'>et</span> 
     </span>
     <span class='ocr_line' id='line_1_31' title="bbox 407 3759 2785 3844; baseline 0.002 -21"><span class='ocrx_word' id='word_1_238' title='bbox 407 3761 573 3824; x_wconf 89' lang='lat' dir='ltr'>hunc</span> <span class='ocrx_word' id='word_1_239' title='bbox 629 3759 885 3824; x_wconf 88' lang='lat' dir='ltr'>modum</span> <span class='ocrx_word' id='word_1_240' title='bbox 946 3760 1138 3824; x_wconf 87' lang='lat' dir='ltr'>etiam</span> <span class='ocrx_word' id='word_1_241' title='bbox 1196 3761 1258 3824; x_wconf 91' lang='lat' dir='ltr'>in</span> <span class='ocrx_word' id='word_1_242' title='bbox 1315 3761 1852 3843; x_wconf 87' lang='lat' dir='ltr'>consequentibus</span> <span class='ocrx_word' id='word_1_243' title='bbox 1909 3765 2143 3840; x_wconf 83' lang='lat' dir='ltr'>seruat,</span> <span class='ocrx_word' id='word_1_244' title='bbox 2202 3762 2309 3844; x_wconf 93' lang='lat' dir='ltr'>qui</span> <span class='ocrx_word' id='word_1_245' title='bbox 2356 3761 2583 3826; x_wconf 89' lang='lat' dir='ltr'>modus</span> <span class='ocrx_word' id='word_1_246' title='bbox 2628 3761 2692 3825; x_wconf 92' lang='lat' dir='ltr'>in</span> <span class='ocrx_word' id='word_1_247' title='bbox 2730 3787 2785 3827; x_wconf 76' lang='lat' dir='ltr'>so</span> 
     </span>
    </p>
   </div>
   <div class='ocr_carea' id='block_1_3' title="bbox 401 4037 2694 4446">
    <p class='ocr_par' dir='ltr' id='par_1_4' title="bbox 401 4037 2694 4446">
     <span class='ocr_line' id='line_1_32' title="bbox 475 4037 2691 4108; baseline -0.001 -15"><span class='ocrx_word' id='word_1_248' title='bbox 475 4042 508 4093; x_wconf 99' lang='grc'>2</span> <span class='ocrx_word' id='word_1_249' title='bbox 539 4038 826 4108; x_wconf 86' lang='lat' dir='ltr'>generibus</span> <span class='ocrx_word' id='word_1_250' title='bbox 853 4053 956 4092; x_wconf 86' lang='lat' dir='ltr'>om.</span> <span class='ocrx_word' id='word_1_251' title='bbox 987 4038 1032 4092; x_wconf 99' lang='lat' dir='ltr'><strong><em>S</em></strong></span> <span class='ocrx_word' id='word_1_252' title='bbox 1172 4039 1499 4092; x_wconf 88' lang='lat' dir='ltr'>locutionem</span> <span class='ocrx_word' id='word_1_253' title='bbox 1532 4037 1578 4091; x_wconf 92' lang='lat' dir='ltr'><strong><em>S</em></strong></span> <span class='ocrx_word' id='word_1_254' title='bbox 1710 4039 1818 4092; x_wconf 89' lang='lat' dir='ltr'>diei</span> <span class='ocrx_word' id='word_1_255' title='bbox 1845 4037 1912 4092; x_wconf 99' lang='lat' dir='ltr'><strong><em>N</em></strong></span> <span class='ocrx_word' id='word_1_256' title='bbox 2013 4039 2048 4092; x_wconf 83' lang='lat'><strong>3</strong></span> <span class='ocrx_word' id='word_1_257' title='bbox 2071 4037 2691 4093; x_wconf 81' lang='lat' dir='ltr'>texit—tabemaculum</span> 
     </span>
     <span class='ocr_line' id='line_1_33' title="bbox 405 4126 2689 4197; baseline -0.001 -16"><span class='ocrx_word' id='word_1_258' title='bbox 405 4144 506 4182; x_wconf 84' lang='lat' dir='ltr'>om.</span> <span class='ocrx_word' id='word_1_259' title='bbox 544 4127 609 4180; x_wconf 89' lang='lat' dir='ltr'><strong><em>N</em></strong></span> <span class='ocrx_word' id='word_1_260' title='bbox 713 4128 781 4180; x_wconf 90' lang='grc'><strong>10</strong></span> <span class='ocrx_word' id='word_1_261' title='bbox 820 4126 1046 4180; x_wconf 78' lang='lat' dir='ltr'>obscura</span> <span class='ocrx_word' id='word_1_262' title='bbox 1084 4142 1187 4180; x_wconf 84' lang='lat' dir='ltr'>om.</span> <span class='ocrx_word' id='word_1_263' title='bbox 1227 4126 1272 4180; x_wconf 91' lang='lat' dir='ltr'><strong><em>S</em></strong></span> <span class='ocrx_word' id='word_1_264' title='bbox 1379 4127 1444 4179; x_wconf 85' lang='lat'>12</span> <span class='ocrx_word' id='word_1_265' title='bbox 1482 4129 1567 4196; x_wconf 91' lang='lat' dir='ltr'>ut]</span> <span class='ocrx_word' id='word_1_266' title='bbox 1609 4132 1664 4181; x_wconf 87' lang='lat' dir='ltr'>et</span> <span class='ocrx_word' id='word_1_267' title='bbox 1698 4127 1883 4182; x_wconf 80' lang='lat' dir='ltr'><strong><em>P&#39;SV</em></strong></span> <span class='ocrx_word' id='word_1_268' title='bbox 1991 4128 2054 4182; x_wconf 87' lang='grc'><strong>13</strong></span> <span class='ocrx_word' id='word_1_269' title='bbox 2094 4127 2257 4182; x_wconf 80' lang='lat' dir='ltr'>datur</span> <span class='ocrx_word' id='word_1_270' title='bbox 2300 4128 2352 4182; x_wconf 88' lang='lat' dir='ltr'><strong><em>V</em></strong></span> <span class='ocrx_word' id='word_1_271' title='bbox 2464 4129 2532 4181; x_wconf 81' lang='lat'>14</span> <span class='ocrx_word' id='word_1_272' title='bbox 2566 4143 2689 4197; x_wconf 89' lang='lat' dir='ltr'>pro·</span> 
     </span>
     <span class='ocr_line' id='line_1_34' title="bbox 404 4215 2694 4286; baseline 0 -16"><span class='ocrx_word' id='word_1_273' title='bbox 404 4216 703 4270; x_wconf 83' lang='lat' dir='ltr'>monebunt</span> <span class='ocrx_word' id='word_1_274' title='bbox 739 4216 788 4270; x_wconf 84' lang='lat' dir='ltr'><strong><em>S</em></strong></span> <span class='ocrx_word' id='word_1_275' title='bbox 929 4220 1013 4270; x_wconf 86' lang='lat' dir='ltr'>est</span> <span class='ocrx_word' id='word_1_276' title='bbox 1049 4233 1149 4271; x_wconf 84' lang='lat' dir='ltr'>om.</span> <span class='ocrx_word' id='word_1_277' title='bbox 1189 4215 1255 4269; x_wconf 93' lang='lat' dir='ltr'><strong><em>N</em></strong></span> <span class='ocrx_word' id='word_1_278' title='bbox 1378 4217 1443 4270; x_wconf 85' lang='lat'>15</span> <span class='ocrx_word' id='word_1_279' title='bbox 1483 4219 1656 4286; x_wconf 86' lang='lat' dir='ltr'>possit</span> <span class='ocrx_word' id='word_1_280' title='bbox 1688 4218 1753 4272; x_wconf 90' lang='lat' dir='ltr'><strong><em>N</em></strong></span> <span class='ocrx_word' id='word_1_281' title='bbox 1875 4219 1945 4271; x_wconf 82' lang='lat'>22</span> <span class='ocrx_word' id='word_1_282' title='bbox 1982 4218 2155 4272; x_wconf 86' lang='lat' dir='ltr'>nubes</span> <span class='ocrx_word' id='word_1_283' title='bbox 2191 4219 2257 4272; x_wconf 90' lang='lat' dir='ltr'><strong><em>N</em></strong></span> <span class='ocrx_word' id='word_1_284' title='bbox 2411 4222 2610 4271; x_wconf 70' lang='lat' dir='ltr'>starem</span> <span class='ocrx_word' id='word_1_285' title='bbox 2647 4215 2694 4270; x_wconf 88' lang='lat' dir='ltr'><strong><em>S</em></strong></span> 
     </span>
     <span class='ocr_line' id='line_1_35' title="bbox 403 4304 2687 4377; baseline 0 -19"><span class='ocrx_word' id='word_1_286' title='bbox 403 4306 472 4358; x_wconf 86' lang='grc'>23</span> <span class='ocrx_word' id='word_1_287' title='bbox 511 4310 566 4358; x_wconf 86' lang='lat' dir='ltr'>et</span> <span class='ocrx_word' id='word_1_288' title='bbox 604 4320 704 4360; x_wconf 84' lang='lat' dir='ltr'>om.</span> <span class='ocrx_word' id='word_1_289' title='bbox 746 4304 1003 4359; x_wconf 83' lang='lat' dir='ltr'><strong><em>P¹SVbd</em></strong></span> <span class='ocrx_word' id='word_1_290' title='bbox 1037 4320 1154 4373; x_wconf 71' lang='lat' dir='ltr'>exp.</span> <span class='ocrx_word' id='word_1_291' title='bbox 1192 4305 1255 4358; x_wconf 76' lang='lat' dir='ltr'>in</span> <span class='ocrx_word' id='word_1_292' title='bbox 1300 4304 1351 4358; x_wconf 83' lang='lat' dir='ltr'><strong><em>T</em></strong></span> <span class='ocrx_word' id='word_1_293' title='bbox 1489 4321 1625 4374; x_wconf 83' lang='lat' dir='ltr'>aque</span> <span class='ocrx_word' id='word_1_294' title='bbox 1669 4306 1719 4359; x_wconf 85' lang='lat' dir='ltr'><em>T</em></span> <span class='ocrx_word' id='word_1_295' title='bbox 1822 4308 1890 4360; x_wconf 88' lang='grc'>24</span> <span class='ocrx_word' id='word_1_296' title='bbox 1930 4306 2165 4360; x_wconf 78' lang='lat' dir='ltr'>mutabit</span> <span class='ocrx_word' id='word_1_297' title='bbox 2198 4307 2245 4359; x_wconf 84' lang='lat'><em>0</em></span> <span class='ocrx_word' id='word_1_298' title='bbox 2348 4307 2417 4360; x_wconf 84' lang='grc'>26</span> <span class='ocrx_word' id='word_1_299' title='bbox 2453 4321 2687 4377; x_wconf 89' lang='lat' dir='ltr'>pronun·</span> 
     </span>
     <span class='ocr_line' id='line_1_36' title="bbox 401 4392 636 4446; baseline -0.004 0"><span class='ocrx_word' id='word_1_300' title='bbox 401 4395 545 4446; x_wconf 81' lang='lat' dir='ltr'>tians</span> <span class='ocrx_word' id='word_1_301' title='bbox 591 4392 636 4445; x_wconf 83' lang='grc' dir='ltr'><em>Ο</em></span> 
     </span>
    </p>
   </div>
  </div>
 </body>
</html>
