3076 4976
448 479 575 541 366
1152 476 1204 528 S.
1263 474 1536 527 Aureli
1591 474 2024 543 Augustini

448 669 720 733 animam
787 668 911 733 dici
978 671 1204 732 uotum
1271 667 1440 748 quod
1499 666 1575 730 de
1642 665 2024 731 abstinentia
2081 666 2457 732 concubitus
2514 670 2735 734 fuerit:

446 776 714 840 maxime
791 775 942 856 quia
1008 793 1152 853 cum
1217 773 1322 836 hic
1386 773 1483 836 lex
1551 773 1994 837 auctoritatem
2067 772 2206 837 uiro
2280 773 2548 851 tribuat,
2614 794 2734 840 non

446 882 696 946 mulieri
745 899 903 963 quae
952 881 1089 944 uiro
1140 879 1397 944 subdita
1446 883 1564 954 est,
1614 884 1687 943 ut
1731 882 1882 944 tunc
1930 879 2349 961 persoluenda
2406 881 2535 945 sint
2586 886 2738 947 uota

444 988 754 1064 mulieris,
813 988 865 1052 si
924 988 1023 1052 uir
1080 986 1544 1067 adprobauerit,
1603 986 1655 1048 si
1715 992 1927 1050 autem
1984 987 2325 1063 rennuerit,
2384 1006 2504 1052 non
2556 988 2738 1053 debe-

447 1100 650 1169 antur,
691 1096 1019 1176 apostolus
1059 1097 1293 1169 tamen,
1326 1111 1467 1157 cum
1510 1091 1587 1155 de
1627 1092 1964 1156 concubitu
2007 1093 2486 1177 coniugatarum
2525 1096 2739 1177 loque·
2802 1118 2831 1157 5

445 1206 638 1278 retur,
690 1220 811 1265 non
861 1200 948 1263 ibi
998 1199 1302 1264 maiorem
1344 1199 1791 1263 auctoritatem
1828 1200 1967 1263 uiro
2009 1219 2198 1282 quam
2236 1202 2506 1267 feminae
2544 1203 2738 1281 dedit,

447 1307 587 1382 sed,
660 1307 900 1384 uxori,
976 1308 1214 1388 inquit,
1281 1307 1400 1370 uir
1466 1306 1801 1371 debitum
1870 1307 2161 1385 reddat,
2239 1309 2602 1375 similiter
2667 1316 2739 1375 et

444 1434 626 1479 uxor
682 1414 866 1478 uiro.
954 1431 1133 1477 uxor
1188 1431 1324 1476 non
1394 1411 1622 1477 habet
1684 1417 2144 1495 potestatem
2201 1417 2541 1499 corporis
2599 1418 2735 1494 sui,

446 1520 576 1584 sed
643 1520 787 1593 nir3
861 1519 1226 1584 similiter
1290 1522 1536 1584 autem
1594 1523 1668 1584 et
1724 1521 1839 1584 uir
1902 1541 2040 1587 non
2108 1524 2336 1587 habet
2399 1524 2737 1607 corporis

447 1627 562 1689 sui
615 1629 1100 1709 potestatem,
1153 1627 1280 1690 sed
1326 1627 1617 1690 mulier.
1669 1626 1916 1709 quando
1966 1646 2113 1712 ergo
2163 1628 2223 1691 in
2263 1629 2383 1693 hac
2420 1648 2486 1693 re
2522 1649 2737 1712 parem
2776 1652 2830 1691 ιο

446 1734 782 1815 utriusque
833 1753 973 1797 esse
1023 1734 1233 1798 uoluit
1277 1737 1683 1815 potestatem,
1725 1740 1879 1817 puto
1931 1736 2098 1817 quod
2145 1737 2327 1801 nobis
2375 1737 2741 1822 intellegen-

446 1840 600 1904 dum
662 1841 945 1904 insinuet
1009 1841 1201 1904 istam
1258 1840 1333 1905 de
1392 1841 1868 1906 concumbendo
1925 1843 2031 1906 uel
2087 1855 2209 1907 non
2266 1845 2738 1909 concumbendo

445 1949 733 2031 regulam
783 1967 904 2012 uon
955 1948 1267 2030 pertinere
1315 1948 1393 2011 ad
1441 1968 1515 2012 ea
1561 1951 1733 2021 uota,
1773 1948 1882 2012 ubi
1931 1968 2051 2013 non
2100 1949 2339 2014 habent
2382 1970 2596 2031 parem
2645 1952 2744 2016 uir

450 2058 512 2118 et
559 2055 788 2118 mulier
835 2058 1239 2137 potestatem,
1282 2054 1390 2118 sed
1438 2055 1558 2119 uiri
1608 2055 1807 2119 maior
1852 2060 1951 2119 est
1996 2074 2069 2120 ac
2114 2076 2306 2138 prope
2355 2057 2491 2120 eius
2541 2058 2739 2122 solius

449 2164 567 2225 est.
628 2182 745 2227 non
797 2162 962 2226 enim
1014 2162 1104 2226 ait
1149 2162 1247 2226 lex
1297 2163 1503 2226 uirum
1556 2182 1677 2226 non
1727 2161 1953 2226 debere
2001 2162 2257 2227 reddere
2303 2169 2456 2229 uota
2504 2184 2638 2242 sua,
2688 2166 2739 2230 si
2778 2184 2830 2223 ιε,

445 2287 599 2332 uxor
653 2267 1070 2350 prohibuerit,
1130 2267 1241 2331 sed
1299 2287 1576 2345 uxorem,
1635 2268 1687 2331 si
1745 2267 1845 2330 uir
1908 2268 2324 2349 prohibuerit.
2400 2271 2564 2335 unde
2617 2291 2738 2336 non

444 2373 600 2438 mihi
649 2373 908 2437 uidetur
953 2374 1016 2437 in
1066 2374 1259 2438 huius
1307 2373 1480 2438 modi
1529 2375 1701 2438 uotis
1740 2378 1805 2437 et
1841 2374 2313 2439 definitionibus
2354 2382 2544 2459 atque
2585 2378 2737 2443 obli·

445 2480 832 2565 gationibus,
893 2499 1053 2562 quae
1112 2479 1420 2544 aduersus
1480 2480 1751 2545 animam
1817 2480 1998 2558 fiunt,
2066 2482 2257 2546 etiam
2323 2483 2447 2548 ista
2511 2483 2736 2549 debere

445 2589 668 2671 accipi,
720 2606 879 2670 quae
928 2588 1091 2651 inter
1139 2607 1207 2651 se
1253 2588 1354 2650 uir
1400 2592 1464 2651 et
1510 2608 1664 2653 uxor
1710 2588 1785 2653 de
1826 2590 2297 2654 concumbendo
2340 2591 2445 2655 uel
2482 2591 2559 2655 de
2598 2593 2737 2656 abs-

444 2694 714 2758 tinentia
762 2694 1223 2758 concumbendi
1272 2695 1506 2776 placita
1552 2694 1907 2761 habuerint.
2771 2717 2825 2756 so

535 2800 775 2864 Deinde
824 2801 973 2882 quia
1020 2805 1084 2864 et
1132 2801 1290 2865 istae
1337 2801 1821 2867 iustificationes
1871 2803 2168 2868 dicuntur
2213 2809 2277 2869 et
2332 2805 2735 2870 meminimus

444 2909 502 2971 iu
552 2907 684 2971 illis
734 2907 1315 2984 iustificationibuS,
1367 2928 1527 2991 quae
1575 2910 1637 2973 in
1686 2910 1897 2974 Exodo
1948 2911 2065 2975 snb
2113 2912 2234 2976 hoc
2281 2912 2532 2975 nomine
2579 2912 2738 2975 aliae

442 3018 1035 3090 commemorantur,
1085 3014 1291 3078 multa
1337 3017 1636 3098 praecipi,
1688 3035 1846 3099 quae
1896 3018 2098 3100 accipi
2154 3017 2231 3081 ad
2287 3018 2734 3101 proprietatem

445 3140 568 3184 non
624 3121 873 3201 possint
921 3139 1035 3184 nec
1084 3121 1147 3185 in
1196 3140 1360 3186 nouo
1410 3124 1796 3186 testamento
1848 3123 2267 3188 obseruentur
2312 3161 2397 3170 —
2446 3124 2618 3189 sicut
2662 3124 2736 3188 de

444 3245 592 3291 aure
652 3228 819 3291 serui
879 3226 1316 3309 pertundenda
1364 3232 1426 3291 et
1474 3229 1525 3290 si
1578 3228 1730 3310 quid
1780 3229 1916 3293 eius
1965 3230 2135 3294 modi
2184 3235 2284 3294 est
2329 3266 2415 3277 —
2462 3250 2584 3295 non
2634 3231 2734 3294 ab·
2771 3250 2826 3290 25

442 3335 627 3399 surde
678 3334 869 3398 etiam
915 3334 1019 3397 hic
1070 3334 1311 3416 aliquid
1357 3334 1628 3416 figurate
1678 3334 1919 3399 dictum
1970 3338 2385 3421 intellegitur,
2445 3342 2534 3412 ut,
2584 3357 2735 3419 quo-

442 3442 610 3506 niam
669 3445 817 3506 sunt
871 3443 1112 3505 multae
1161 3440 1577 3504 abstinentiae
1624 3441 2103 3507 cerimoniarum
2151 3443 2624 3509 inrationabiles
2673 3448 2737 3508 et

442 3548 778 3629 aliquando
839 3548 1030 3612 etiam
1085 3546 1381 3611 inimicae
1438 3548 1718 3626 ueritati,
1777 3548 1897 3612 hoc
1951 3551 2220 3614 fortasse
2284 3551 2388 3615 hic
2452 3551 2735 3633 intellegi

441 3656 719 3720 uoluerit
782 3661 930 3718 tunc
1000 3659 1166 3718 ratas
1233 3672 1394 3730 esse,
1462 3673 1608 3719 cum
1671 3655 2081 3721 rationabiles
2145 3657 2398 3734 suerint,
2464 3658 2583 3723 hoc
2639 3661 2737 3720 est

622 3846 650 3897 ’ἵ
694 3845 718 3897 Ι
758 3843 877 3900 Cor.
920 3845 969 3907 7,
1009 3846 1058 3897 3.
1097 3847 1131 3898 4
1240 3844 1308 3898 22
1348 3844 1411 3898 εἰ
1453 3844 1549 3897 Ex.
1590 3846 1804 3899 21-23
1914 3846 1984 3898 24
2023 3845 2089 3900 cf.
2127 3846 2223 3901 Ex.
2264 3848 2349 3910 21,
2390 3848 2422 3901 6

516 3955 543 4006 1
586 3952 766 4005 anima
809 3950 854 4004 C
996 3954 1184 4020 potum
1230 3951 1296 4004 6¹
1425 3952 1456 4004 2
1497 3950 1625 4019 quia
1663 3967 1764 4005 οηι.
1793 3951 1895 4005 ST
2052 3968 2169 4005 cuni
2210 3969 2311 4006 om.
2349 3953 2400 4006 T
2520 3970 2648 4006 uero
2676 3952 2742 4006 N

440 4044 472 4094 4
512 4041 751 4094 renuerit
788 4038 1028 4093 P²U²bc1
1189 4040 1221 4093 6
1260 4039 1467 4093 fem-nae
1508 4039 1553 4091 C
1712 4041 1744 4092 9
1792 4045 2118 4108 potestatem
2160 4043 2394 4111 corporis
2432 4043 2516 4096 sui
2552 4041 2737 4095 PVbd

445 4131 510 4184 12
549 4128 948 4184 concumuendo
985 4128 1032 4182 C'
1135 4128 1224 4182 uel
1261 4145 1367 4182 non
1396 4127 1796 4181 concumbendo
1827 4145 1928 4183 om.
1955 4128 2024 4182 N
2093 4131 2159 4183 14
2189 4131 2272 4183 uir
2299 4130 2403 4184 SU
2474 4131 2539 4184 16
2566 4129 2733 4184 sed-

440 4219 781 4289 prohibuerit
817 4235 918 4272 om.
956 4217 1022 4271 N
1196 4218 1266 4270 23
1305 4221 1725 4271 commemorant
1772 4215 1826 4270 U
1970 4219 2250 4287 multaque
2297 4219 2346 4272 T
2495 4219 2734 4288 praecipi

442 4326 545 4363 ona.
592 4306 642 4360 T
764 4309 833 4360 25
871 4306 1140 4376 pertunda
1185 4306 1248 4360 6¹
1376 4307 1444 4360 27
1485 4306 1907 4359 ceremoniarum
1943 4306 2043 4360 PS
2058 4306 2180 4360 V¹T
2292 4308 2361 4362 28
2398 4307 2507 4376 hic]
2548 4307 2649 4362 hoc
2693 4306 2740 4360 Ο

443 4399 510 4451 29
549 4396 784 4450 uoluerit
821 4412 942 4450 cum
980 4395 1054 4448 bd
1087 4396 1311 4464 scripsi:
1349 4393 1524 4448 uoluit
1568 4391 1939 4448 CPSNVUT
2080 4403 2199 4450 rata
2246 4395 2297 4449 V
