3076 4976
272 1627 330 1667 10

263 2697 320 2736 20

263 3231 320 3271 25

623 446 1103 511 Quaestionum
1143 445 1253 498 lib.
1291 445 1338 495 V
1381 444 1669 512 (Quaest.
1710 444 1785 498 dc
1825 445 2392 514 Deuteronomio).
2523 449 2648 512 377

362 643 462 707 dei
520 643 944 708 substantiam
1006 645 1070 707 et
1124 642 1433 725 populum
1489 642 1825 707 interuallo
1884 642 2095 723 aliquo
2152 641 2299 716 loci,
2350 641 2459 705 sed
2508 640 2655 723 quia

360 770 472 831 per
518 769 661 815 eum
709 751 951 833 placuit
997 750 1233 832 populo
1285 750 1499 814 audire
1550 754 1757 814 cetera
1816 749 1916 812 dei
1971 750 2186 825 uerba,
2237 754 2652 831 posteaquam

361 857 769 921 uehementer
824 860 923 921 est
975 856 1236 921 territus
1294 856 1510 920 audita
1570 856 1644 920 de
1700 856 1910 921 medio
1977 857 2144 940 ignis
2204 874 2360 919 uoce.
2417 854 2653 919 domini

363 963 629 1028 dicentis
679 964 1055 1046 decalogum
1100 963 1286 1047 legis.

451 1070 575 1136 Sed
655 1070 880 1134 merito
966 1070 1288 1151 quaeritur
1372 1069 1687 1152 quomodo
1773 1069 2163 1152 accipiantur
2234 1070 2387 1133 haec
2463 1068 2656 1132 uerba

360 1175 839 1241 Deuteronomii
895 1174 1144 1239 dicente
1201 1175 1461 1257 Moyse:
1530 1179 1607 1239 et
1674 1194 1816 1258 ego
1884 1175 2196 1239 stabam
2261 1174 2479 1238 inter
2535 1173 2654 1237 do-

360 1283 656 1347 minum
722 1286 800 1345 et
864 1300 1008 1346 uos
1074 1281 1149 1345 in
1216 1285 1575 1363 tempore
1641 1281 1794 1345 illo
1863 1281 2348 1345 adnuntiare
2416 1280 2656 1345 uobis

360 1389 603 1454 uerba
662 1389 1000 1464 domini,
1059 1387 1431 1469 quoniam
1490 1388 1906 1452 timuistis
1957 1408 1992 1452 a
2038 1388 2250 1452 facie
2308 1387 2526 1470 ignis
2576 1389 2652 1450 et

360 1516 507 1561 non
566 1495 1073 1560 ascendistis
1131 1497 1208 1559 in
1264 1499 1644 1571 montem,
1706 1495 2020 1560 dicens:
2090 1514 2233 1578 ego
2303 1514 2472 1559 sum
2534 1494 2651 1557 do·

365 1603 625 1667 minus
693 1601 887 1665 deus
955 1607 1146 1666 tuus
1212 1606 1277 1666 et
1342 1604 1582 1667 cetera:
1651 1622 1809 1683 quae
1875 1603 2000 1666 iam
2067 1601 2259 1665 uerba
2327 1601 2428 1664 dei
2487 1605 2653 1668 sunt.

362 1729 518 1791 quae
550 1708 893 1793 decalogus
930 1710 1228 1774 continet.
1272 1708 1422 1791 quid
1462 1728 1611 1791 ergo
1651 1711 1796 1774 uult
1834 1709 2003 1791 quod
2042 1708 2314 1773 addidit:
2355 1707 2655 1773 dicens?

362 1817 416 1879 si
475 1817 641 1881 enim
698 1816 1139 1898 putauerimus
1196 1817 1611 1899 hyperbaton,
1668 1822 1745 1882 ut
1799 1817 1951 1883 ordo
2008 1816 2348 1881 uerborum
2405 1814 2521 1879 sit:
2582 1817 2657 1878 et

362 1942 505 2008 ego
556 1924 867 1987 stabam
919 1924 1134 1988 inter
1183 1923 1587 1988 dominum
1637 1929 1715 1988 et
1763 1944 1906 1989 uos
1957 1924 2030 1987 in
2089 1927 2448 2004 tempore
2506 1921 2654 1984 illo

362 2029 848 2093 adnuntiare
906 2030 1144 2094 uobis
1211 2030 1456 2093 uerba
1525 2030 1831 2094 domini
1898 2030 2209 2098 dicens:
2278 2046 2418 2111 ego
2487 2047 2654 2091 sum

298 2136 732 2201 sdominus
801 2135 994 2199 deus
1064 2148 1288 2210 tuus,
1358 2154 1479 2199 non
1549 2136 1667 2200 erit
1732 2154 1974 2200 uemm.
2060 2155 2181 2200 non
2257 2134 2424 2198 enim
2501 2134 2655 2198 haec

361 2243 553 2306 uerba
598 2262 711 2324 per
746 2242 1010 2324 Moysen
1058 2243 1357 2325 populuS,
1401 2242 1513 2307 sed
1562 2243 1638 2307 de
1688 2242 1894 2307 medio
1944 2242 2110 2327 ignis
2159 2240 2437 2307 audiuit:
2489 2239 2656 2322 quod

360 2369 500 2412 cum
562 2349 877 2413 sustinere
924 2369 1045 2413 non
1093 2354 1311 2431 posset
1361 2349 1576 2413 audito
1627 2348 1954 2434 decalogo,
2002 2348 2379 2431 postulauit.
2428 2351 2500 2412 ut
2545 2366 2657 2429 per

357 2455 624 2539 Moysen
693 2460 903 2521 cetera
967 2457 1232 2522 audiret.
1318 2459 1518 2522 restat
1584 2476 1755 2542 erg0,
1831 2460 1905 2522 ut
1969 2457 2138 2539 quod
2211 2456 2491 2540 positum
2559 2458 2657 2519 est

367 2562 719 2637 „dicens“
786 2583 897 2645 pro
958 2583 1030 2628 eo
1089 2565 1367 2646 positum
1429 2564 1902 2648 intellegamUS,
1961 2583 2030 2629 ac
2089 2563 2144 2627 si
2203 2566 2406 2627 esset:
2474 2569 2658 2639 „cuni

360 2668 662 2745 diceret“,
714 2672 785 2733 ut
832 2670 954 2734 iste
1004 2671 1089 2735 sit
1138 2689 1396 2735 sensus:
1458 2675 1536 2735 et
1592 2688 1737 2756 ego
1798 2671 2110 2736 stabam
2156 2670 2374 2736 iuter
2420 2668 2656 2733 domi-

359 2795 535 2840 num
585 2780 664 2840 et
710 2795 853 2840 uos
903 2776 978 2840 in
1019 2779 1380 2860 tempore
1418 2777 1568 2842 illo
1609 2777 2045 2841 adnuntiat
2136 2776 2369 2841 uobis
2409 2775 2656 2840 uerba

360 2882 700 2958 domini,
771 2883 1144 2964 quoniam
1217 2884 1634 2948 timuistis
1703 2905 1738 2948 a
1802 2885 2016 2949 facie
2083 2884 2300 2968 ignis
2367 2887 2444 2947 et
2508 2901 2654 2948 non

359 2988 866 3053 ascendistis
906 2989 983 3052 in
1022 2994 1387 3066 montem,
1421 3010 1568 3054 cum
1598 2990 1864 3055 diceret:
1906 3010 2040 3074 ego
2081 3010 2241 3055 sum
2282 2990 2653 3054 dominus

358 3093 554 3159 deus
611 3099 836 3163 tuus,
895 3100 968 3160 ut
1026 3096 1407 3162 subauditur
1478 3117 1662 3173 „cum
1720 3096 1958 3161 diceret
2013 3097 2235 3179 utique
2293 3095 2653 3161 dominus“.

359 3219 505 3265 cum
553 3202 717 3266 enim
765 3202 918 3267 haec
966 3203 1160 3267 uerba
1208 3203 1445 3268 dic-eret
1493 3203 1809 3280 dominus,
1868 3222 2028 3285 quae
2085 3204 2539 3284 consequenter
2586 3221 2657 3266 ex

356 3305 659 3392 decalogo
727 3312 953 3372 cuncta
1020 3314 1493 3385 commemorat,
1562 3314 1711 3374 tunc
1780 3311 2000 3375 timuit
2062 3309 2337 3391 populus
2405 3328 2438 3371 a
2497 3307 2656 3372 facie

354 3413 524 3498 ignis
584 3418 648 3477 et
703 3434 825 3479 non
885 3416 1171 3481 ascendit
1227 3417 1287 3481 in
1346 3420 1625 3482 montem
1684 3421 1747 3482 et
1791 3418 2066 3501 rogauit,
2115 3420 2189 3480 ut
2234 3435 2346 3497 per
2391 3415 2653 3497 Moysen

353 3522 568 3603 potius
616 3522 809 3586 uerba
858 3521 1094 3586 domini
1144 3523 1408 3588 audiret.

532 3817 565 3869 3
604 3817 671 3870 cf.
711 3816 801 3873 Ex.
842 3818 927 3876 20.
971 3819 1035 3871 19
1145 3817 1177 3870 9
1218 3818 1380 3872 Dent.
1421 3820 1472 3882 5,
1510 3818 1545 3871 6
1656 3819 1723 3871 26
1766 3817 1831 3871 cf.
1871 3818 1964 3871 Ex.
2005 3818 2091 3878 20,
2136 3817 2216 3871 18.
2263 3818 2328 3870 19

425 4010 457 4063 3
510 4013 594 4062 est
641 4010 882 4079 territus]
934 4009 1158 4063 estex-ius
1199 4010 1263 4062 N
1440 4009 1626 4063 audita
1677 4010 1756 4078 (ta
1801 4026 1844 4064 s.
1894 4010 1928 4063 ῐ.
1978 4027 2047 4062 m.
2087 4011 2143 4077 2)
2193 4008 2247 4063 U
2291 4007 2513 4062 audiens
2551 4006 2658 4061 NS

353 4097 507 4151 audit
542 4097 596 4150 P
718 4104 850 4152 uoce
889 4097 1061 4151 PNU
1184 4098 1270 4152 dei
1311 4098 1659 4152 PSVUde
1767 4101 1799 4152 6
1840 4098 2269 4152 dehuteronomii
2308 4097 2374 4151 N
2496 4097 2654 4150 deum

352 4184 458 4240 SN
466 4185 574 4240 VU
578 4186 628 4238 T
750 4187 814 4241 10
853 4203 990 4256 quae
1031 4188 1160 4256 iam]
1200 4205 1305 4257 qua
1345 4189 1510 4241 etiam
1549 4187 1617 4240 N
1756 4187 1842 4242 dei
1882 4187 2047 4241 uerba
2085 4186 2132 4241 S
2252 4188 2319 4241 12
2354 4186 2651 4255 yperbaton

353 4274 587 4329 MfUT
627 4276 890 4345 yperbato
929 4276 983 4330 P
1203 4278 1266 4331 13
1313 4277 1407 4331 illo
1460 4278 1516 4329 in
1567 4282 1810 4346 tempore
1858 4278 1908 4331 T
2124 4279 2189 4331 14
2228 4276 2432 4331 domini
2469 4292 2570 4330 om.
2617 4274 2659 4328 S

355 4362 422 4415 16
460 4380 644 4434 moyse
681 4363 839 4419 P¹U¹
972 4366 1036 4418 18
1076 4366 1155 4419 uti
1195 4365 1260 4419 N
1383 4367 1447 4420 19
1487 4367 1628 4434 cum]
1670 4368 1730 4419 ut
1768 4366 1991 4421 SNVU
2023 4371 2085 4433 ut
2130 4367 2181 4421 T
2302 4366 2372 4421 20
2410 4365 2567 4419 deum
2610 4362 2654 4418 S
