3076 4976
405 452 531 516 25ss
1101 447 1152 499 S.
1211 445 1492 499 Aureli
1548 445 1987 514 Augustini

405 643 578 707 aliud
636 644 756 706 hoc
814 644 953 707 loco
1012 641 1507 725 intellegendum
1570 644 1713 704 est?
1790 639 2106 722 quoniam,
2166 659 2311 703 cum
2366 640 2586 704 uinum
2637 644 2699 703 et

404 751 666 814 siceram
713 749 1072 814 sacerdotes
1110 749 1326 812 bibere
1365 748 1748 830 prohiberet,
1781 752 2042 812 secutus
2075 747 2195 811 ait:
2236 748 2696 831 legitimum

406 861 823 920 aeternum
873 855 947 918 in
996 855 1433 939 progenies
1482 859 1830 920 uestras.
1899 855 2271 938 ambiguum
2320 858 2437 925 est,
2486 857 2697 917 utrum

405 963 711 1045 superiori
770 962 987 1026 sensui
1045 966 1427 1036 conectatur,
1485 961 1551 1025 id
1611 966 1709 1026 est
1766 962 1843 1025 ad
1899 962 2120 1025 uinum
2180 981 2299 1024 non
2356 958 2701 1023 bibendum

403 1069 745 1151 pertineat,
822 1088 897 1131 an
967 1067 1246 1132 inferiori
1310 1067 1419 1132 ubi
1488 1067 1811 1148 sequitur:
1891 1066 2412 1149 distinguere
2487 1064 2702 1128 inter
2765 1091 2789 1125 ε»

406 1176 754 1240 medium
833 1178 1298 1238 sanctorum
1376 1177 1452 1237 et
1526 1173 2263 1238 contaminatorum
2343 1174 2418 1235 et
2484 1171 2701 1234 inter

402 1283 746 1346 medium
827 1281 1299 1345 mundorum
1366 1285 1442 1344 et
1510 1277 1697 1366 [inter
1761 1277 2065 1366 medium]
2136 1278 2697 1343 inmundorum

408 1394 487 1454 et
553 1390 970 1453 instruere
1035 1388 1271 1452 filios
1337 1388 1660 1452 Israhel
1728 1386 1987 1451 omnia
2052 1385 2431 1470 legitima
2498 1404 2696 1467 quae

401 1497 736 1560 locutus
780 1499 905 1559 est
943 1495 1310 1558 dominus
1353 1494 1443 1559 ad
1482 1514 1617 1559 eos
1656 1514 1794 1576 per
1832 1513 2142 1558 manum
2170 1492 2552 1576 Moysi,ut
2580 1492 2697 1556 hoc

403 1604 485 1667 sit
534 1603 742 1667 officio
785 1602 1182 1666 sacerdotum
1221 1601 1582 1685 legitimum
1622 1604 1946 1665 aeternum
1986 1602 2047 1664 in
2087 1599 2420 1683 progenies
2460 1618 2696 1664 eorum.
2738 1626 2789 1665 ιο

405 1709 720 1791 quomodo
772 1712 982 1772 autem
1035 1708 1204 1772 dicat
1257 1710 1778 1785 „aeternum⁴·,
1826 1708 1954 1772 iam
2002 1727 2186 1790 saepe
2236 1706 2528 1771 diximus,
2576 1707 2698 1770 hoc

404 1836 654 1898 quoque
704 1814 1001 1898 ambigue
1047 1815 1331 1897 positum
1381 1818 1499 1889 est,
1543 1813 1708 1896 quod
1751 1815 1871 1879 ait:
1922 1814 2439 1897 distinguere
2488 1814 2700 1877 inter

402 1922 750 1987 medium
827 1926 1290 1987 sanctorum
1370 1925 1445 1985 et
1522 1921 2260 1985 contaminatorum
2335 1924 2412 1984 et
2483 1921 2699 1984 inter

404 2030 750 2093 medium
829 2028 1300 2092 mundorum
1368 2031 1444 2091 et
1507 2027 2098 2105 inmundorum,
2174 2030 2389 2091 utrum
2457 2027 2532 2091 ab
2600 2046 2694 2095 eo,

407 2136 574 2220 quod
633 2139 783 2200 sunt
830 2138 1048 2200 sancta
1099 2138 1163 2198 et
1209 2134 1445 2197 munda
1491 2135 1597 2197 uel
1644 2134 1968 2217 inquinata
2017 2137 2081 2197 et
2125 2134 2445 2212 inmunda,
2495 2153 2569 2197 an
2619 2134 2694 2196 ab
2740 2162 2785 2197 ιε,

402 2262 494 2317 eo,
556 2242 721 2325 quod
780 2244 931 2306 sunt
990 2241 1193 2305 sancti
1251 2244 1315 2303 et
1368 2242 1590 2304 mundi
1646 2243 1752 2305 uel
1810 2241 2118 2324 inquinati
2167 2243 2230 2304 et
2277 2239 2583 2316 inmundi,
2632 2239 2697 2301 id

403 2354 518 2425 est,
571 2353 784 2414 utrum
833 2350 1000 2413 inter
1044 2348 1157 2412 illa
1203 2348 1344 2430 ipsa
1391 2367 1589 2425 sacra,
1642 2367 1799 2429 quae
1838 2348 1956 2412 rite
1997 2347 2099 2412 uel
2140 2366 2259 2412 non
2298 2346 2418 2410 rite
2455 2346 2694 2421 fierent,

399 2455 788 2539 distinguere
837 2453 1048 2518 uoluit
1088 2452 1448 2518 sacerdotes
1490 2472 1564 2517 an
1606 2453 1768 2517 inter
1804 2453 1977 2537 ipsos
2016 2452 2302 2517 homines
2341 2451 2694 2536 probandos

399 2564 499 2627 uel
549 2561 969 2644 inprobandos
1019 2580 1094 2624 an
1144 2561 1357 2643 potius
1415 2560 1493 2623 ad
1552 2563 1894 2642 utrumque
1950 2560 2343 2623 referendum
2403 2564 2500 2624 est
2556 2560 2695 2624 siue

396 2669 683 2732 homines
735 2667 871 2731 siue
921 2686 1115 2731 sacra.
2732 2695 2783 2732 ρο

486 2775 810 2838 XXXIIII.
861 2774 1443 2837 Pectusculum
1495 2772 2111 2857 segregationis
2152 2776 2228 2836 et
2270 2773 2689 2837 brachium

398 2881 856 2945 ablationis
935 2880 1538 2944 manducabitis
1608 2879 1680 2943 in
1748 2881 1926 2944 loco
2005 2882 2308 2943 sancto.
2397 2879 2690 2960 quamuis

397 2989 650 3072 singula
708 2988 979 3071 singulis
1039 2987 1184 3052 data
1243 2988 1389 3062 sint,
1449 2987 1744 3050 nimirum
1802 2992 2011 3050 tamen
2069 2991 2409 3068 utrumque
2475 2989 2694 3068 posset

396 3095 519 3159 dici
553 3095 1032 3178 segregationis,
1067 3094 1214 3176 quia
1253 3098 1593 3175 utrumque
1633 3094 1947 3158 sacerdoti
1987 3097 2316 3176 separatur
2353 3097 2415 3156 et
2452 3096 2692 3156 utrum—

396 3221 515 3282 que
577 3201 916 3266 ablationis
979 3201 1114 3265 siue
1173 3200 1531 3274 demtionis,
1598 3201 1766 3282 quod
1824 3220 2009 3284 grace
2076 3200 2309 3264 dicitur
2366 3198 2689 3287 ἀφαίρεμα,
2729 3227 2780 3267 25

397 3309 543 3390 quia
598 3313 939 3390 utrumque
1000 3307 1274 3371 demitur
1331 3312 1396 3371 et
1450 3308 1732 3371 aufertur
1788 3308 1878 3372 eis
1933 3326 2046 3389 pro
2115 3307 2345 3389 quibus
2411 3307 2688 3378 offertur,

393 3418 467 3478 ut
532 3415 716 3478 detur
782 3414 1113 3478 sacerdoti.
1207 3414 1653 3497 pectusculum
1716 3434 1862 3478 sane
1928 3413 2328 3495 inpositionis
2398 3412 2688 3494 superius

395 3522 668 3604 legimus
718 3525 782 3585 et
826 3521 1155 3585 brachium
1206 3521 1564 3597 ablationiS,
1607 3521 1755 3604 quia
1802 3520 1877 3585 de
1925 3520 2181 3585 brachio
2230 3520 2389 3583 nihil
2436 3519 2690 3601 inpone-

396 3628 579 3691 batur
626 3628 827 3694 altari.
878 3627 1070 3710 adeps
1119 3631 1332 3690 autem
1383 3626 1458 3690 de
1506 3627 1877 3709 pectusculo
1930 3626 2367 3708 inponebatur.

573 3819 605 3870 2
642 3818 771 3871 Leu.
815 3819 895 3882 10,
936 3820 967 3871 ‘J
1043 3819 1074 3870 5
1113 3817 1241 3872 Leu.
1286 3817 1368 3880 10,
1403 3817 1485 3871 10.
1518 3818 1580 3870 11
1660 3819 1720 3872 21
1757 3818 1885 3870 Leu.
1924 3818 2003 3880 10,
2039 3818 2103 3870 14
2178 3818 2244 3870 27
2277 3816 2342 3870 cs.
2372 3815 2503 3871 Len.
2533 3814 2584 3878 8,
2615 3816 2682 3868 29

1709 3925 1738 3943 Π

464 3924 497 3976 2
545 3925 715 3977 sicera
767 3924 874 3978 CN
1047 3926 1083 3977 4
1130 3925 1420 3993 superioris
1467 3923 1532 3976 Ν
1718 3941 1732 3977 s
1795 3921 2427 3976 mundorum—medium
2479 3938 2581 3976 om.
2629 3920 2695 3973 Ν

394 4013 535 4066 inter
572 4012 828 4077 medium,
869 4013 1018 4081 quod
1066 4013 1112 4064 1⁷
1147 4029 1266 4080 emp.
1307 4013 1381 4065 bd
1416 4029 1537 4072 om„
1577 4012 1780 4065 inclusi
1924 4012 2300 4064 inmundorum
2339 4028 2382 4063 8.
2415 4011 2450 4063 l.
2478 4027 2547 4063 m.
2578 4009 2689 4063 215

395 4103 426 4154 9
467 4118 629 4155 mauu
665 4100 731 4154 N
872 4103 936 4155 10
975 4107 1252 4154 aeteruum
1293 4117 1393 4157 om.
1436 4099 1614 4153 P¹SV
1759 4103 1825 4154 15
1865 4089 1989 4153 ἑῖεἷᾶ
2023 4100 2087 4152 Ν
2231 4101 2294 4152 17
2333 4099 2453 4169 ipsa
2490 4115 2592 4153 om.
2646 4097 2689 4146 Γ

400 4192 461 4243 19
503 4190 586 4244 uel
629 4190 993 4260 inprobandos
1032 4207 1132 4244 om.
1171 4188 1238 4241 N
1303 4189 1372 4241 22
1413 4188 1708 4242 oblationis
1748 4189 1939 4242 P¹1⁷T
2008 4192 2075 4243 :23
2115 4189 2347 4258 singulis
2387 4188 2601 4257 singula
2628 4186 2694 4238 Ν

395 4281 565 4350 possit
611 4280 655 4333 C
815 4281 881 4333 ‘24
922 4283 1237 4348 sepearatur
1282 4281 1324 4326 (Γ
1484 4279 1554 4332 25
1594 4278 1831 4332 afereiua
1875 4278 2193 4333 CPSA'VT
2332 4277 2400 4330 26
2441 4276 2682 4342 offertur]

394 4368 638 4420 aufertur
676 4369 720 4422 C
826 4369 894 4421 29
934 4371 1114 4421 autem
1155 4385 1256 4421 om.
1297 4367 1342 4422 S
