3076 4976
514 478 646 540 490
1224 473 1273 526 S
1334 473 1606 526 Aureli
1664 473 2100 542 Augustini

513 669 753 753 gelioae
801 669 1288 752 praedicationis
1337 669 1631 733 inimicos
1680 668 2001 750 inopinata
2047 668 2176 732 illis
2236 667 2471 732 Christi
2520 668 2798 732 claritate

516 777 864 859 superauit.

607 883 731 948 Seu
781 902 926 966 ergo
975 903 1086 963 per
1142 883 1415 947 scientes
1478 902 1591 946 seu
1640 902 1750 964 per
1803 882 2156 946 nescientes
2212 882 2796 964 praefigurationem

510 990 1165 1072 praedicationemque
1212 991 1574 1053 futurorum
1623 989 1888 1071 spiritus
1938 989 2173 1053 domini
2223 988 2609 1070 propheticis
2650 992 2799 1052 tem-

513 1097 776 1178 poribus
836 1101 1130 1180 operatus
1188 1100 1305 1169 est,
1365 1116 1476 1159 nee
1532 1096 1675 1160 ideo
1732 1099 1992 1177 pecc-ata
2049 1115 2263 1159 eorum
2324 1094 2656 1158 dicendum
2709 1099 2802 1159 est
2852 1119 2876 1157 5

513 1222 636 1267 non
692 1204 892 1268 fuisse
948 1207 1228 1284 peccata,
1289 1203 1436 1285 quia
1493 1206 1558 1266 et
1606 1202 1785 1278 deuS,
1845 1202 1952 1284 qui
2001 1207 2065 1266 et
2113 1201 2298 1266 malis
2357 1202 2590 1265 nostris
2650 1201 2799 1266 bene

512 1309 611 1375 uti
657 1311 856 1388 nouit,
910 1310 1098 1373 etiam
1148 1310 1305 1392 ipsis
1355 1328 1575 1373 eorum
1623 1309 1902 1392 peccatis
1943 1328 2097 1373 usus
2137 1314 2237 1372 est
2275 1308 2352 1372 ad
2393 1307 2803 1392 significanda

515 1436 676 1497 quae
751 1417 977 1481 uoluit.
1046 1416 1307 1498 proinde
1374 1416 1428 1479 si
1492 1418 1823 1498 propterea
1894 1419 2227 1497 peceatum
2291 1435 2412 1478 non
2479 1413 2604 1477 fuit
2668 1415 2802 1477 siue

511 1523 861 1589 cuiuslibet
924 1523 1095 1587 neeis
1144 1522 1454 1586 humanae
1523 1522 1661 1586 siue
1730 1523 1920 1586 etiam
1985 1522 2357 1604 parricidale
2423 1521 2801 1585 sacrificium

513 1631 620 1695 uel
693 1649 927 1694 uouere
1003 1630 1106 1692 uel
1172 1628 1452 1704 reddere,
1522 1629 1672 1711 quia
1736 1648 2039 1712 magnum
2105 1627 2342 1709 aliquid
2391 1630 2455 1691 et
2520 1628 2887 1709 spiritalem

514 1737 922 1821 significauit,
972 1737 1205 1800 frustra
1255 1735 1408 1799 deus
1457 1735 1612 1799 talia
1658 1735 1987 1817 prohibuit
2034 1738 2098 1799 et
2145 1753 2211 1798 se
2260 1733 2470 1798 odisse
2528 1737 2801 1798 testatus

512 1847 632 1919 est,
702 1844 995 1923 quoniam
1060 1847 1125 1907 et
1187 1842 1298 1906 illa
1372 1862 1529 1923 quae
1606 1841 1737 1906 fieri
1814 1843 2009 1906 iussit
2079 1842 2304 1924 utique
2380 1841 2456 1905 ad
2524 1842 2802 1923 aliquam

512 1949 1038 2032 significationem
1114 1968 1322 2012 rerum
1398 1949 1782 2031 spiritalium
1858 1968 2352 2033 magnarumque
2426 1948 2799 2012 referuntur.

512 2075 625 2120 cur
706 2075 855 2139 ergo
931 2056 1041 2119 illa
1128 2056 1513 2137 prohiberet,
1593 2055 2101 2136 quandoquidem
2183 2058 2476 2137 poterant
2547 2060 2804 2137 propter

513 2164 771 2226 eandem
822 2183 1030 2226 rerum
1078 2162 1414 2225 earundem
1464 2162 2014 2245 significationem,
2053 2175 2310 2244 propter
2348 2181 2534 2242 quam
2575 2165 2640 2225 et
2678 2162 2802 2225 ista
2840 2183 2893 2223 ιε

510 2269 685 2334 licite
733 2270 989 2346 fiebant,
1021 2269 1433 2333 nihilominus
1464 2270 1638 2333 licite
1677 2269 1853 2333 fieri?
1893 2269 2015 2333 nisi
2056 2269 2204 2350 quia
2242 2288 2355 2333 nec
2393 2269 2520 2332 tale
2561 2268 2804 2351 aliquid

512 2376 937 2459 significantia
1021 2376 1202 2458 quale
1289 2376 1542 2458 expedit
1615 2376 1865 2440 eredere
1940 2376 2216 2440 humana
2300 2375 2415 2439 deo
2493 2375 2804 2438 sacrificia

507 2482 904 2564 placuerunt,
954 2481 1201 2564 quando
1253 2501 1372 2546 non
1420 2502 1530 2565 pro
1580 2481 1831 2546 iustitia
1878 2481 2146 2565 quisque
2197 2482 2272 2546 ab
2310 2481 2609 2553 inimicis,
2653 2482 2802 2563 quia

506 2596 670 2652 reete
720 2589 934 2653 uiuere
983 2589 1192 2652 uoluit
1238 2592 1347 2651 aut
1393 2608 1653 2670 peccare
1712 2589 1936 2661 noluit,
1986 2589 2389 2664 interimitur,
2441 2589 2550 2652 sed
2608 2590 2797 2653 homo

505 2695 582 2757 ab
632 2695 882 2758 homine
940 2700 1264 2774 tamquam
1332 2695 1532 2757 electa
1580 2695 1792 2758 hostia
1856 2715 2026 2759 more
2093 2696 2339 2778 pecoris
2406 2695 2795 2762 immolatur.
2836 2719 2895 2759 20

596 2799 802 2879 Quid?
871 2800 944 2877 si,
996 2800 1084 2864 ait
1143 2799 1392 2881 aliquis,
1446 2802 1742 2881 quoniam
1801 2821 2100 2883 pecorum
2165 2802 2466 2866 uictimae
2532 2802 2658 2864 iam
2723 2822 2797 2866 eo

503 2905 641 2987 ipso
684 2926 805 2987 quo
846 2908 1095 2970 fuerant
1131 2907 1428 2983 usitatae,
1470 2909 1763 2987 quamuis
1804 2913 1868 2972 et
1913 2910 2086 2989 ipsae
2135 2930 2171 2973 a
2216 2914 2384 2973 reete
2428 2909 2796 2993 intellegen-

502 3013 677 3076 tibus
728 3013 805 3075 ad
856 3013 1381 3096 significationem
1432 3015 1812 3094 spiritalium
1861 3015 2257 3087 referrentur,
2319 3016 2524 3079 minus
2583 3018 2797 3080 tamen

501 3118 819 3182 faciebant
863 3119 1143 3184 intentos
1193 3120 1267 3183 ad
1317 3141 1614 3205 magnum
1677 3127 2140 3186 sacramentum
2200 3123 2437 3187 Christi
2486 3128 2550 3185 et
2598 3124 2797 3186 ecole-

501 3226 631 3289 siae
663 3226 1131 3307 requirendum,
1162 3233 1492 3308 propterea
1531 3228 1687 3291 deus
1729 3248 1793 3291 re
1833 3229 2066 3312 insigni
2107 3234 2170 3292 et
2208 3230 2528 3311 inopinata
2569 3231 2797 3295 uolens
2837 3251 2889 3290 2⁵

501 3332 683 3413 quasi
752 3333 1133 3397 dormientes
1201 3334 1526 3397 hominum
1587 3335 1829 3399 animos
1897 3336 2162 3399 excitare
2220 3356 2289 3401 eo
2339 3336 2566 3419 magis,
2627 3336 2794 3419 quod

499 3439 653 3501 talia
722 3439 843 3502 sibi
912 3440 1221 3504 sacrificia
1279 3441 1483 3505 offerri
1552 3445 1863 3518 uetuerat,
1932 3442 2182 3506 curauit
2236 3443 2357 3506 sibi
2424 3444 2561 3507 eius
2620 3442 2794 3508 modi

500 3544 741 3625 aliquid
790 3546 1194 3620 offerendum,
1244 3549 1317 3609 ut
1364 3547 1502 3629 ipsa
1542 3548 1870 3612 admiratio
1910 3568 2201 3631 magnam
2245 3550 2533 3631 gigneret
2572 3569 2793 3632 quaes-

500 3650 737 3713 tionem
789 3654 852 3715 et
897 3672 1128 3735 magna
1176 3655 1463 3734 quaestio
1515 3656 1591 3718 ad
1639 3656 2166 3735 perserutandum
2215 3675 2517 3738 magnum
2556 3660 2791 3738 myste-

495 3756 660 3819 rium
721 3758 1005 3821 studium
1073 3760 1212 3841 piae
1271 3762 1502 3824 mentis
1562 3762 1849 3844 erigeret,
1908 3762 2008 3843 pie
2057 3782 2206 3826 uero
2264 3766 2553 3826 scrutans
2612 3781 2787 3826 mens
2827 3781 2883 3820 so

676 3975 708 4027 3
749 3972 812 4027 cf.
852 3975 878 4027 I
919 3973 1036 4028 Cor.
1081 3976 1163 4039 12,
1204 3978 1234 4027 (ἰ

567 4134 598 4185 6
641 4138 692 4185 et
734 4133 859 4200 quia
894 4137 948 4186 et
977 4134 1021 4187 S
1163 4135 1299 4187 bene
1339 4138 1426 4195 (sne
1457 4152 1497 4190 s,
1530 4136 1564 4189 l.
1595 4154 1661 4190 m.
1695 4140 1752 4202 2)
1784 4138 1839 4189 P
1948 4139 2007 4190 ll
2050 4144 2082 4190 h
2111 4138 2311 4190 frustra
2342 4144 2395 4201 (il
2423 4155 2465 4191 8.
2499 4140 2533 4192 l.
2563 4156 2633 4194 m.
2664 4140 2712 4205 1)
2740 4136 2786 4190 S

494 4226 551 4273 et
588 4238 654 4274 m.
696 4226 724 4273 1
762 4238 862 4276 om.
904 4241 970 4275 m.
1010 4227 1048 4275 2
1078 4230 1205 4291 post
1246 4241 1300 4276 se
1333 4240 1453 4291 poa.
1507 4225 1555 4277 V
1700 4228 1764 4279 16
1803 4227 1965 4279 licere
2006 4225 2208 4279 fiebant
2254 4227 2303 4280 T
2433 4228 2501 4280 22
2541 4228 2688 4298 ipsae
2725 4225 2776 4291 a]

492 4310 611 4379 ipsa
652 4328 714 4363 ea
753 4311 987 4365 PSV²T
1164 4316 1311 4366 recta
1348 4313 1413 4365 N
1554 4316 1621 4368 23
1677 4314 1983 4367 reseruntur
2019 4314 2224 4370 PSVT
2369 4317 2436 4368 24
2495 4320 2552 4370 et
2587 4333 2684 4370 om.
2723 4314 2788 4366 N

492 4400 562 4451 26
602 4401 836 4452 animum
878 4401 1124 4452 hominos
1164 4401 1228 4454 N
1368 4420 1471 4470 quo
1512 4403 1814 4456 PNVde
1921 4406 1988 4457 29
2028 4405 2503 4472 praoscrutandum
2542 4404 2608 4457 N
