3076 4976
580 466 665 528 64
1284 463 1338 515 S.
1396 461 1669 514 Aureli
1726 462 2163 530 Augustini

578 663 787 722 autem
839 656 1008 720 idem
1057 657 1265 728 Iacob,
1314 657 1481 738 quod
1530 676 1634 720 ore
1683 675 1797 720 suo
1848 657 2156 720 Pharaoni
2215 656 2389 732 dicit,
2447 657 2876 721 centesimum

580 768 643 828 et
688 764 1083 828 tricesimum
1132 783 1363 828 annum
1412 763 1644 846 agebat
1691 763 1940 838 aetatis,
1981 765 2233 827 centurn
2282 767 2496 827 autem
2535 766 2603 826 et
2639 764 2878 848 uiginti

578 870 786 948 Iacob,
837 871 1084 951 quando
1154 874 1287 934 erat
1350 871 1568 933 decem
1637 872 1702 933 et
1767 872 2012 951 septem
2075 870 2341 952 Ioseph:
2410 870 2577 951 quod
2648 890 2876 935 uerum

576 997 717 1041 esse
763 979 938 1043 nullo
988 979 1174 1042 modo
1222 980 1456 1060 potest.
1508 977 1562 1040 si
1621 976 1788 1039 enim
1845 977 2113 1057 septimo
2174 976 2416 1041 decimo
2478 996 2639 1040 anno
2699 977 2878 1041 uitae

575 1083 807 1166 Ioseph
853 1084 1040 1148 Iacob
1090 1087 1345 1148 centum
1403 1082 1633 1166 uiginti
1699 1089 1934 1165 ageret,
1999 1084 2218 1164 procul
2285 1084 2476 1147 dubio
2541 1084 2877 1148 tricesimo

575 1193 641 1253 et
684 1210 846 1255 nono
896 1209 1056 1255 anno
1103 1191 1334 1272 Ioseph
1376 1210 1498 1254 non
1541 1192 1796 1253 centum
1836 1189 2114 1272 triginta,
2156 1190 2270 1254 sed
2308 1194 2562 1254 centum
2604 1191 2877 1271 quadra-

575 1297 749 1379 ginta
798 1300 862 1361 et
909 1297 1067 1361 duos
1128 1316 1322 1361 annos
1390 1316 1572 1379 agere
1637 1296 2026 1360 inueniretur
2088 1297 2297 1360 Iacob.
2365 1297 2418 1360 si
2486 1301 2701 1361 autem
2771 1297 2877 1360 die

572 1404 794 1468 mortis
844 1406 1019 1467 Isaac
1069 1404 1342 1468 nondum
1393 1406 1526 1468 erat
1573 1422 1881 1467 annorum
1930 1402 2146 1466 decem
2197 1406 2261 1466 et
2308 1407 2550 1485 septem
2609 1403 2874 1486 Ioseph,

573 1510 685 1573 sed
734 1510 1125 1591 aliquantulo
1174 1514 1457 1592 tempore
1525 1512 1675 1592 post
1739 1511 2005 1573 mortem
2074 1508 2178 1572 aui
2226 1510 2327 1573 sui
2375 1510 2454 1574 ad
2519 1510 2876 1591 septimum

576 1617 892 1682 decimum
972 1618 1263 1700 peruenit
1335 1637 1587 1694 annum,
1667 1637 1788 1698 quo
1858 1636 2016 1680 anno
2085 1616 2396 1698 scriptura
2457 1619 2736 1680 testante
2809 1616 2874 1679 in
2915 1641 2961 1677 10
3043 1605 3045 1686 ξ

572 1725 932 1808 Aegyptum
1011 1730 1111 1789 est
1184 1745 1219 1788 a
1291 1724 1594 1788 fratribus
1673 1723 1992 1798 uenditus9
2069 1723 2349 1805 plurium
2415 1723 2607 1786 etiam
2675 1741 2874 1804 quam

573 1835 829 1895 centum
878 1831 1292 1914 quadraginta
1348 1831 1544 1894 duum
1613 1849 1916 1893 annorum
1983 1848 2124 1893 esse
2192 1828 2413 1893 debuit
2458 1833 2638 1910 pater
2702 1828 2868 1904 eius,

573 1938 820 2019 quando
870 1941 968 2001 est
1013 1937 1215 2000 filium
1265 1936 1328 2000 in
1376 1938 1740 2018 Aegyptum
1799 1938 2201 2000 consecutus,
2261 1935 2574 2018 scriptura
2629 1935 2867 2017 quippe

568 2047 981 2127 posteaquam
1030 2044 1309 2107 narrauit
1355 2063 1587 2106 annum
1636 2042 1807 2106 uitae
1855 2043 2157 2106 ultimum
2204 2042 2384 2107 Isaac
2442 2042 2863 2106 centesimum

569 2153 633 2212 et
716 2150 1179 2232 octogesimum
1264 2153 1327 2214 et-
1405 2150 1542 2214 eius
1625 2153 1893 2214 mortem
1983 2169 2054 2213 ac
2133 2151 2548 2231 sepulturam,
2636 2147 2861 2212 deinde
2908 2177 2955 2213 15

570 2257 1110 2333 commemorauit,
1168 2256 1699 2338 quemadmodum
1761 2256 2085 2339 digressus
2144 2261 2316 2320 esset
2369 2257 2539 2320 Esau
2590 2275 2626 2318 a
2671 2255 2861 2318 fratre

568 2382 684 2425 suo
734 2361 809 2425 de
857 2368 1022 2426 terra
1071 2363 1359 2428 Chanaan
1397 2363 1459 2425 in
1499 2368 1778 2426 montem
1819 2363 1974 2439 Seir.¹
2016 2367 2080 2427 et
2118 2363 2439 2427 contexuit
2476 2380 2858 2426 commemo·

569 2469 872 2533 rationem
913 2488 1134 2553 regum
1175 2472 1239 2534 et
1275 2469 1632 2553 principum
1673 2470 1881 2553 gentis
1922 2470 2146 2552 ipsius,
2177 2470 2238 2534 in
2272 2490 2396 2553 qua
2427 2488 2492 2534 se
2525 2468 2860 2534 constitnit

569 2577 674 2640 uel
722 2596 910 2656 quam
956 2578 1333 2659 propagauit
1378 2578 1581 2647 Esau:
1631 2580 1779 2659 post
1826 2577 1979 2641 haec
2027 2577 2445 2642 narrationem
2494 2577 2570 2640 de
2628 2576 2858 2657 Ioseph

570 2684 658 2745 sic
700 2683 948 2746 intulit:
999 2683 1429 2747 habitabat
1477 2686 1743 2747 autem
1791 2684 2032 2747 Iacob
2080 2685 2156 2747 in
2195 2687 2416 2747 terra
2459 2682 2853 2747 Chanaan.
2891 2710 2945 2747 κο

566 2790 756 2853 haec
836 2794 1104 2852 autem
1183 2792 1765 2872 procreaturae
1843 2790 2105 2854 Iacob.
2198 2790 2495 2871 Ioseph
2588 2792 2851 2852 autem

568 2895 835 2958 decem
885 2899 961 2959 et
1007 2897 1313 2979 septem
1354 2915 1731 2959 annorum
1776 2900 1947 2960 erat
1983 2915 2327 2979 pascens
2369 2915 2539 2959 cum
2580 2895 2849 2958 fratri-

563 3002 708 3065 bus
750 3003 1022 3074 <suis>
1069 3021 1279 3066 oues.
1321 3002 1546 3066 deinde
1587 3006 1871 3067 narratur
1909 3022 2103 3068 causa
2133 3003 2523 3066 somniorum
2556 3002 2851 3084 quemad·

563 3109 823 3172 modum
886 3108 1144 3173 odiosus
1218 3109 1519 3173 fratribus
1588 3110 1674 3173 sit
1736 3111 1943 3174 factus
2012 3114 2076 3174 et
2138 3109 2459 3174 uendituS.
2528 3112 2639 3172 aut
2703 3128 2849 3191 ergo

564 3216 782 3278 eodem
834 3234 989 3279 anno
1040 3216 1310 3298 septimo
1361 3215 1606 3279 decimo
1659 3222 1771 3279 aut
1818 3217 2009 3280 etiam
2057 3216 2379 3298 aliquanto
2430 3215 2633 3279 maior
2675 3214 2850 3278 uenit
2886 3240 2936 3278 25

561 3322 622 3384 iu
672 3323 1055 3404 Aegyptum.
1106 3339 1179 3385 ac
1226 3340 1336 3401 per
1379 3322 1501 3385 hoc
1549 3321 1855 3384 utrolibet
1909 3322 2097 3385 modo
2155 3324 2482 3405 permanet
2538 3321 2845 3404 quaestio,

712 3529 776 3583 13
818 3529 882 3582 cf.
926 3528 1059 3582 Gen.
1101 3528 1187 3585 35.
1227 3529 1312 3583 28.
1352 3527 1421 3581 29
1538 3529 1603 3581 16
1642 3528 1707 3582 cf.
1751 3528 1882 3582 Gen.
1924 3530 2008 3594 36,
2049 3532 2223 3583 6-43
2321 3532 2391 3583 20
2430 3530 2564 3583 Gen.
2604 3531 2691 3590 37,
2733 3532 2776 3585 1.
2814 3530 2846 3582 2

562 3620 630 3672 23
671 3618 804 3671 Gen.
845 3619 931 3682 37,
970 3618 1147 3670 5-‘28

638 3763 662 3814 1
706 3761 786 3813 ori
830 3760 874 3812 0
979 3760 1349 3812 centissimum
1376 3759 1422 3813 0
1489 3761 1521 3812 2
1553 3760 1900 3813 tricissimum
1929 3761 1976 3814 G
2009 3761 2376 3814 tricensimum
2397 3761 2462 3813 N
2471 3761 2644 3814 ΓΤΡι
2683 3762 2843 3831 trige-

564 3850 759 3902 simum
797 3848 871 3901 bd
992 3850 1024 3900 4
1066 3847 1270 3901 decimo
1311 3849 1544 3917 septimo
1586 3850 1616 3901 b
1789 3866 1930 3902 anno
1970 3866 2071 3903 om.
2114 3850 2158 3903 C
2283 3852 2314 3901 5
2353 3850 2664 3904 tricensimo
2708 3849 2848 3903 C¹P¹

560 3938 839 4005 trigesimo
880 3937 954 3989 bd
1135 3937 1164 3986 7
1205 3937 1540 3990 inueniretur
1587 3954 1747 4006 agere
1787 3937 1834 3991 S
1990 3941 2023 3990 8
2060 3939 2234 4005 Isaac]
2286 3956 2415 3992 suae
2453 3939 2522 3991 N
2677 3940 2709 3992 9
2754 3940 2846 3992 sed

563 4026 904 4094 aliquantulo
944 4042 1046 4078 om.
1085 4025 1147 4078 N
1273 4026 1553 4093 aliquanto
1601 4027 1650 4079 Τ
1756 4026 1850 4079 illo
1888 4031 2130 4096 ternpore
2167 4028 2232 4080 N
2320 4029 2378 4081 11
2422 4027 2714 4097 plurimum
2752 4027 2854 4081 St·

565 4116 630 4167 12
670 4114 894 4167 duorum
942 4112 1075 4167 ΤΡ*2
1229 4115 1292 4167 13
1333 4118 1566 4183 aegypto
1614 4115 1669 4167 V
1828 4116 1893 4168 14
1932 4116 2320 4169 centensimum
2365 4115 2431 4168 (31
2595 4116 2661 4169 15
2701 4127 2844 4169 octo·

561 4203 859 4271 gensimurn
902 4204 956 4255 Ν
1060 4204 1123 4255 17
1166 4202 1372 4255 chanan
1410 4204 1472 4255 N
1583 4220 1704 4272 seyr
1741 4203 1901 4257 PSN
2000 4206 2062 4259 19
2100 4205 2250 4273 iosep
2299 4204 2351 4256 V
2441 4205 2511 4257 20
2552 4204 2760 4258 chanan
2789 4207 2850 4259 Ν

561 4292 625 4344 21
669 4291 771 4343 hae
817 4290 1077 4343 0²12·de
1247 4295 1426 4344 autem
1467 4308 1570 4345 om.
1616 4292 1824 4346 CSNT
1953 4295 2023 4346 22
2060 4309 2160 4347 sec.
2200 4293 2303 4347 cod
2336 4294 2483 4346 Alex
2630 4294 2701 4348 ‘23
2740 4294 2849 4348 suis

564 4379 763 4432 addidi
869 4380 938 4432 25
977 4379 1164 4434 eadem
1213 4379 1284 4432 V¹
1430 4381 1636 4434 decimo
1677 4382 1909 4450 septimo
1950 4382 1981 4434 b
2128 4382 2315 4449 etiam]
2356 4382 2462 4434 iam
2502 4382 2568 4434 N
