3076 4976
518 456 642 518 128
1218 454 1270 507 S.
1329 455 1604 509 Aureli
1661 455 2097 523 Augustini

515 653 822 713 sancto?
890 669 1033 713 cum
1083 649 1210 744 ‚ille
1277 668 1343 713 se
1407 651 1660 729 putaret
1725 648 2088 714 hominibus
2169 650 2366 714 fuisse
2442 651 2812 726 mentitum,

513 756 726 838 ipsum
792 755 1086 836 spiritum
1151 757 1443 818 sanctum
1510 755 1696 817 deum
1753 774 1893 819 esse
1943 757 2328 820 monstrauit
2375 757 2812 841 subiungens:

516 881 655 926 non
706 862 1140 925 hominibus
1189 861 1557 925 mentitus
1608 881 1712 938 es,
1764 861 1890 925 sed
1942 861 2099 926 deo.

609 969 737 1032 LX.
804 968 978 1032 Deus
1053 968 1310 1031 mandat
1380 987 1493 1049 per
1565 968 1829 1051 Moysen
1902 969 2171 1051 populo:
2250 968 2335 1032 ad
2410 988 2810 1051 uesperam

522 1075 767 1139 edetis
826 1094 1088 1140 carnes
1147 1079 1221 1139 et
1275 1095 1481 1139 mane
1538 1077 2023 1158 replebimini
2081 1077 2420 1159 panibus.
2482 1095 2626 1140 ecce
2685 1095 2809 1140 non
2871 1099 2896 1138 5

513 1201 624 1265 pro
682 1182 851 1247 omni
908 1183 1207 1246 alimento
1272 1202 1466 1265 panes
1533 1183 1953 1247 nominantur.
2023 1203 2167 1246 nam
2233 1185 2357 1247 isto
2425 1182 2675 1248 nomine
2742 1187 2812 1245 et

514 1308 729 1353 carnes
805 1287 1390 1370 complecterentur,
1470 1289 1617 1371 quia
1692 1292 1757 1352 et
1832 1290 1971 1371 ipsa
2061 1288 2361 1353 alimenta
2427 1291 2610 1364 sunt;
2695 1309 2811 1353 nec

514 1399 724 1461 tamen
774 1415 967 1478 panes
1017 1415 1124 1460 eos
1170 1396 1358 1460 modo
1408 1395 1582 1472 dicit,
1633 1396 1741 1478 qui
1788 1396 1950 1459 fiunt
1998 1416 2068 1460 ex
2115 1396 2450 1460 frumentis
2497 1434 2585 1443 —-
2631 1397 2808 1477 ipsos

515 1504 681 1567 enim
736 1504 985 1585 proprie
1039 1523 1234 1584 panes
1294 1503 1610 1585 appellare
1667 1503 2118 1568 consueuimus
2175 1540 2263 1548 —
2318 1521 2546 1567 manna
2595 1508 2807 1567 autem

514 1630 748 1693 panum
795 1611 1046 1675 nomine
1097 1610 1392 1692 appellat.
1442 1629 1564 1674 non
1616 1613 1826 1673 autem
1875 1613 2063 1674 uacat
2109 1609 2280 1692 quod
2345 1609 2501 1673 dicit
2568 1611 2646 1674 ad
2705 1629 2893 1673 ue·10

516 1737 763 1798 speram
811 1736 1029 1781 carnes
1078 1721 1143 1781 et
1189 1737 1368 1780 mane
1417 1736 1610 1798 panes
1660 1736 1726 1780 se
1775 1716 2089 1781 daturum.
2128 1717 2255 1780 tale
2297 1718 2526 1800 quippe
2568 1717 2806 1800 aliquid

517 1823 706 1887 etiam
772 1824 834 1887 in
899 1824 1089 1887 Helia
1153 1824 1582 1907 significatum
1650 1827 1767 1900 est,
1835 1844 1980 1887 cum
2057 1824 2114 1887 ei
2192 1823 2493 1888 alimenta
2574 1843 2805 1888 coruus

517 1929 804 1995 adferret.
856 1949 930 1994 an
977 1931 1140 1994 forte
1189 1931 1479 1994 carnibus
1528 1930 1606 1993 ad
1656 1950 1985 2012 uesperam
2034 1934 2099 1994 et
2145 1950 2325 1995 mane
2373 1931 2642 2013 panibus
2697 1931 2805 1995 ille

518 2037 931 2120 significatur,
984 2038 1108 2118 qui
1167 2037 1504 2101 traditus
1556 2041 1672 2100 est
1717 2040 2031 2120 propter
2079 2037 2373 2101 delicta
2421 2041 2686 2101 nostra
2736 2041 2806 2100 et

517 2143 938 2207 resurrexit
1000 2147 1308 2226 propter
1373 2143 2015 2207 iustificationem
2082 2146 2463 2208 nostram?
2549 2145 2625 2207 ad
2701 2165 2803 2209 ue·
2841 2169 2889 2208 15

517 2270 762 2332 speram
804 2250 1035 2332 quippe
1073 2254 1361 2314 mortuus
1404 2270 1472 2314 ex
1511 2250 1875 2315 infirmitate
1907 2251 2196 2331 sepultus
2230 2254 2348 2326 est,
2379 2269 2563 2314 mane
2594 2255 2802 2314 autem

517 2357 810 2439 adparuit
857 2356 1209 2438 discipuliS‚
1259 2358 1366 2440 qui
1411 2364 1833 2421 resurrexerat
1878 2357 1938 2420 in
1990 2357 2247 2421 uirtute.

609 2464 769 2528 LXI.
819 2465 911 2527 Et
958 2464 1149 2528 dixit
1195 2465 1495 2547 Moyses
1547 2464 1632 2528 ad
1676 2464 1952 2528 Aaron:
2006 2464 2268 2546 accipe
2318 2483 2450 2528 uas
2502 2483 2800 2528 aureum

518 2590 739 2633 unum
817 2575 888 2635 et
963 2571 1178 2635 mitte
1254 2572 1323 2635 in
1400 2571 1596 2634 illud
1669 2572 1973 2653 plenum
2049 2590 2303 2654 gomor
2387 2591 2649 2635 manna
2732 2573 2802 2633 et

517 2695 839 2757 repones
906 2678 1103 2740 illud
1167 2681 1335 2741 ante
1406 2678 1648 2752 deum,
1718 2681 1799 2741 ut
1860 2681 2216 2741 seruetur
2270 2678 2342 2741 iu
2404 2677 2798 2761 progenies
2835 2709 2884 2746 ιο

521 2789 956 2861 (uestras),
1054 2785 1670 2867 quemadmodum
1718 2784 2111 2867 praecepit
2160 2784 2529 2849 dominus.
2596 2782 2798 2866 quaeri

517 2893 749 2972 potest,
826 2892 934 2954 ubi
1007 2893 1211 2955 Aaron
1286 2895 1550 2974 poneret
1621 2896 1764 2955 ante
1831 2892 2040 2968 deum,
2109 2892 2356 2973 qnando
2422 2910 2540 2955 nee
2604 2890 2800 2953 ullum

519 2998 930 3062 simulacrum
990 2999 1114 3062 fuit
1167 3018 1278 3062 nec
1337 3018 1479 3063 arca
1525 2999 1891 3063 testamenti
1939 3000 2066 3062 iam
2114 3000 2319 3062 fuerat
2366 2998 2679 3062 instituta.
2728 3016 2797 3059 an

517 3104 676 3168 sorte
732 3105 871 3169 ideo
931 3105 1005 3168 de
1062 3106 1275 3169 futuro
1336 3104 1490 3168 dixit
1545 3113 1960 3187 „repones“‚
2010 3109 2083 3169 ut
2129 3106 2610 3188 intellegeretur
2654 3107 2796 3166 tunc

518 3215 662 3275 ante
723 3213 909 3275 deum
964 3231 1153 3293 posse
1208 3213 1445 3293 reponi,
1496 3212 1743 3294 quando
1791 3212 2004 3276 futura
2052 3217 2185 3276 erat
2230 3216 2422 3275 arca?
2473 3231 2548 3275 an
2596 3210 2796 3293 potius
2834 3244 2882 3279 ιν,

526 3322 730 3392 „ante
791 3319 1041 3382 deum“
1108 3318 1347 3381 dictum
1407 3322 1504 3382 est
1561 3319 1726 3401 quod
1781 3318 1855 3381 fit
1909 3320 2048 3402 ipsa
2103 3318 2440 3382 deuotione
2490 3315 2794 3391 offerendi,

517 3423 577 3487 in
628 3442 1027 3505 quocumque
1075 3424 1216 3488 loco
1263 3425 1643 3507 poneretur?
1690 3425 1801 3488 ubi
1850 3425 2017 3488 enim
2066 3443 2186 3488 non
2237 3423 2441 3487 deus?
2490 3424 2603 3487 sed
2649 3422 2794 3486 illud

698 3640 730 3690 4
770 3639 862 3691 Ex.
909 3639 991 3700 16,
1035 3639 1100 3691 12
1251 3641 1313 3692 12
1354 3640 1419 3695 cf.
1459 3640 1542 3693 III
1579 3640 1714 3709 Reg.
1759 3642 1841 3707 17,
1878 3641 1911 3693 6
2052 3642 2117 3694 14
2153 3640 2308 3694 Rom.
2346 3642 2397 3704 4,
2438 3642 2508 3694 25
2642 3641 2702 3693 16
2737 3638 2792 3691 cf.

518 3725 680 3779 Marc.
726 3728 806 3789 16,
847 3728 878 3778 9
918 3743 1031 3795 sqq.
1148 3727 1212 3781 18
1251 3728 1344 3780 Ex.
1387 3730 1468 3791 16,
1508 3730 1593 3783 33.
1635 3730 1704 3782 34

591 3851 623 3903 2
661 3850 775 3918 ipse
814 3849 1034 3902 P¹SVd
1178 3851 1334 3904 deum
1376 3868 1476 3905 om.
1516 3850 1583 3904 N
1685 3854 1718 3905 4
1757 3852 2038 3905 mandauit
2077 3852 2107 3905 b
2252 3853 2458 3922 populu
2504 3853 2552 3905 0
2657 3856 2688 3906 5
2723 3868 2791 3905 re·

520 3939 745 4009 plemini
779 3938 887 3991 CN
988 3943 1020 3993 6
1061 3944 1116 3991 et
1142 3956 1242 3993 om.
1274 3940 1305 3992 b
1416 3943 1445 3993 7
1478 3940 1874 4010 complerentur
1902 3941 2006 3995 SV
2142 3942 2290 4011 ipsae
2326 3942 2454 3994 de
2562 3943 2595 3995 8
2621 3947 2727 3996 tam
2751 3940 2798 3993 P

520 4044 686 4097 panes
717 4043 807 4081 eos
835 4045 922 4081 mo
953 4046 1054 4082 om.
1084 4028 1150 4081 N
1257 4029 1320 4080 13
1363 4029 1540 4083 afferit
1570 4029 1634 4082 C¹
1747 4032 1810 4083 14
1851 4034 1934 4083 est
1962 4046 2060 4086 om.
2092 4030 2165 4083 Ρι
2278 4031 2342 4083 16
2383 4034 2630 4084 mortuus
2659 4032 2736 4082 est
2757 4025 2798 4079 8

524 4118 586 4170 17
627 4118 841 4186 aperuit
877 4117 1010 4170 P¹V
1124 4117 1188 4170 18
1228 4118 1299 4170 Et
1336 4136 1438 4171 om.
1490 4118 1593 4171 VT
1733 4136 1923 4188 accepe
1961 4118 2035 4172 P¹
2148 4120 2212 4172 19
2251 4120 2305 4171 in
2345 4136 2446 4173 om.
2484 4114 2796 4172 GPSVde

520 4222 745 4259 mannae
775 4205 963 4259 PSVb
1002 4222 1196 4258 manne
1236 4206 1285 4259 T
1389 4208 1456 4259 20
1495 4224 1692 4276 repone
1721 4208 1751 4260 b
1898 4208 1977 4277 ut]
2009 4212 2066 4261 et
2094 4208 2123 4260 b
2234 4208 2298 4260 21
2341 4212 2555 4260 uestras
2587 4205 2787 4267 addidi;

521 4295 589 4360 cf.
633 4294 851 4362 Quae-st.
892 4294 1119 4348 XLIII
1149 4300 1199 4349 et
1242 4294 1530 4348 CXXXV
1632 4298 1699 4349 24
1737 4300 1869 4351 tune
1908 4303 2032 4351 ante
2071 4297 2229 4350 deum
2269 4314 2370 4350 om.
2398 4297 2460 4351 N
2568 4298 2633 4350 27
2669 4295 2737 4348 ibi
2763 4293 2789 4345 b

520 4386 605 4433 est
643 4381 772 4434 deus
820 4383 907 4435 Vd
