3076 4976
331 372 458 433 232
691 326 698 333 ·
1059 367 1109 420 S.
1169 366 1444 420 Aureli
1502 365 1938 435 Augustini

330 562 554 625 uicena
603 566 664 624 et
713 566 937 625 octona
981 561 1044 624 in
1093 561 1576 644 longitudinem,
1628 560 1956 642 capillacia
1997 580 2144 624 uero
2187 561 2329 624 uela
2366 561 2621 625 tricenis

331 667 564 731 cubitis
611 668 802 751 longa
849 670 1044 732 erant.
1095 672 1473 751 quapropter
1511 688 1579 730 ex
1620 668 1862 731 ambitu
1904 668 2268 731 aulaeorum
2308 668 2623 731 inten'oris

330 774 742 850 tabernaculi,
811 775 918 855 qui
987 775 1233 839 eratin
1295 774 1526 838 cubitis
1596 774 1883 837 ducentis
1952 776 2295 857 octoginta,
2365 779 2627 839 centena

333 881 549 945 cubita
612 881 672 944 in
740 882 1046 945 lateribus
1112 881 1505 964 longioribus
1575 884 1750 944 erant
1814 881 2010 944 austri
2072 884 2136 944 et
2191 881 2504 963 aquilonis
2564 884 2627 944 et

333 988 730 1071 quadragena
784 988 846 1051 in
906 988 1154 1052 duobus
1220 987 1616 1050 breuioribus
1685 987 1943 1051 orientis
2004 991 2067 1051 et
2123 988 2495 1063 occidentis3
2555 1007 2625 1050 ex
2687 1021 2709 1055 ε,

334 1095 577 1158 ambitu
651 1101 861 1159 autem
935 1094 1404 1177 capillaciorum
1472 1094 1786 1171 uelorum,
1858 1114 1979 1175 quo
2058 1095 2284 1159 atrium
2353 1094 2625 1158 exterius

334 1201 687 1285 tegebatur,
738 1202 886 1282 quia
926 1200 1202 1263 ambitus
1243 1203 1377 1263 erat
1411 1200 1473 1263 in
1515 1200 1748 1263 cubitis
1788 1201 2110 1277 trecentis,
2151 1204 2414 1264 centena
2453 1205 2628 1264 erant

336 1309 395 1371 in
444 1308 751 1372 lateribus
801 1309 1194 1392 longioribus
1245 1307 1443 1371 austri
1493 1310 1559 1370 et
1605 1307 1942 1388 aquiloniS,
1994 1310 2284 1389 quoniam
2344 1308 2627 1389 aequalia

336 1420 512 1480 erant
576 1416 880 1479 lateribus
949 1414 1338 1479 tabernaculi
1404 1414 1742 1491 interioriS,
1802 1415 2243 1497 quinquagena
2299 1418 2509 1479 autem
2565 1415 2625 1477 in

336 1522 580 1585 duabus
644 1522 908 1603 reliquis
974 1520 1259 1603 partibus
1327 1520 1586 1583 orientis
1645 1525 1709 1584 et
1766 1520 2132 1585 occidentis,
2209 1541 2280 1583 ac
2344 1540 2454 1601 per
2510 1520 2718 1591 boc10

338 1627 461 1691 duo
511 1628 621 1690 illa
670 1628 903 1705 cubita,
956 1628 1185 1710 quibus
1225 1626 1479 1709 longius
1521 1630 1653 1690 erat
1691 1626 1908 1690 aulaeo
1950 1628 2164 1690 uelum
2204 1627 2626 1709 capillacium,

337 1755 459 1799 non
519 1735 824 1797 lateribus
884 1734 1081 1799 austri
1142 1737 1207 1796 et
1263 1734 1602 1815 aquiloniS,
1661 1754 1820 1815 quae
1877 1734 2051 1815 paria
2106 1737 2280 1797 erant
2336 1735 2476 1797 atrii
2535 1753 2629 1797 ex-

338 1841 588 1906 terioris
640 1844 703 1903 et
748 1841 1136 1905 tabernaculi
1182 1841 1518 1917 interioriS,
1570 1840 1680 1904 sed
1726 1840 2033 1903 lateribus
2074 1840 2328 1904 orientis
2370 1846 2433 1904 et
2470 1841 2628 1904 occi-

345 1948 551 2011 dentis
601 1948 1031 2028 proficiebant.
1091 1949 1152 2011 in
1205 1949 1295 2011 eis
1346 1948 1508 2011 enim
1560 1948 1865 2011 lateribus
1917 1951 2200 2010 creuerat
2245 1947 2631 2011 tabernaculi

339 2053 609 2118 latitudo
653 2053 1098 2135 circumposito
1132 2053 1518 2116 extrinsecus
1551 2053 1729 2116 atrio.
1770 2052 1880 2115 sed
1920 2053 2381 2135 quinquaginta
2418 2053 2630 2115 cubita
2674 2089 2721 2127 15

338 2162 627 2225 uelorum
677 2159 1150 2241 capillaciorum
1200 2180 1232 2222 a
1281 2163 1454 2242 parte
1496 2160 1755 2223 orientis
1793 2179 1904 2241 per
1940 2160 2157 2223 decem
2195 2160 2629 2223 columnarum

338 2271 580 2331 rectum
632 2266 912 2329 ordinem
961 2266 1377 2329 tendebantur
1424 2266 1642 2346 eisque
1689 2266 2055 2346 proficiebat
2102 2286 2295 2329 unum
2344 2267 2630 2329 cubitum

342 2393 410 2435 ex
463 2373 709 2437 duobus
759 2373 911 2435 illis.
962 2374 1191 2453 quibus
1241 2372 1581 2436 eorundem
1630 2373 1919 2436 uelorum
1957 2373 2157 2435 maior
2192 2375 2399 2437 fuerat
2436 2373 2631 2455 longi·

340 2479 525 2555 tud03
600 2479 722 2543 alia
787 2499 936 2543 uero
1005 2480 1216 2543 cubita
1273 2480 1749 2564 quinquaginta,
1809 2499 1967 2562 quae
2024 2480 2395 2544 occidentali
2450 2478 2631 2542 lateri

345 2586 756 2664 debebantur,
792 2586 1021 2667 quibus
1054 2588 1318 2649 alterum
1361 2607 1429 2649 cx
1470 2586 1717 2650 duobus
1755 2587 1883 2650 illis
1924 2587 2209 2650 cubitum
2247 2587 2631 2669 proficiebat,
2671 2624 2720 2661 20

342 2712 459 2756 non
520 2692 940 2756 tendebantur
995 2713 1105 2774 per
1161 2695 1593 2757 columnarum
1655 2694 1935 2757 ordinem
1990 2697 2255 2757 rectum.
2331 2693 2417 2757 ibi
2469 2694 2632 2757 enim

342 2802 474 2863 erat
518 2797 630 2862 illa
676 2803 1000 2880 tamquam
1047 2800 1433 2881 triporticus,
1476 2820 1636 2882 quae
1678 2801 2096 2864 concludebat
2142 2801 2415 2883 spatium
2469 2801 2631 2874 atrii,

343 2905 449 2968 ubi
509 2908 681 2969 esset·
737 2906 931 2969 alt-are
989 2906 1461 2982 sacrificiorum,
1521 2911 1821 2988 quattuor
1878 2906 2188 2970 columnis
2247 2927 2281 2970 a
2334 2910 2517 2988 porta
2572 2909 2634 2968 et

345 3033 380 3075 a
445 3014 751 3076 lateribus
819 3015 1034 3077 ternis.
1115 3033 1182 3077 ac
1249 3034 1359 3096 per
1423 3013 1543 3076 hoc
1607 3035 1728 3078 non
1793 3018 2086 3096 poterant
2139 3014 2329 3078 etiam
2386 3018 2632 3096 portam

344 3120 589 3203 cingere
655 3120 767 3183 illa
833 3120 1046 3184 cubita
1111 3121 1593 3204 quinquaginta,
1662 3122 1772 3183 sed
1832 3139 2033 3201 usque
2090 3120 2167 3183 ad
2225 3118 2637 3202 cooperienda
2673 3159 2721 3198 25

262 3224 273 3234 ‘
344 3226 600 3307 obliqua
667 3226 776 3290 illa
839 3226 1035 3289 latera
1102 3227 1536 3302 tendebantur,
1607 3247 1766 3308 quae
1833 3228 1893 3290 in
1954 3228 2263 3290 columnis
2319 3227 2514 3290 ternis
2572 3229 2634 3288 et

346 3332 680 3414 quindenis
761 3333 994 3397 cubitis
1070 3337 1264 3397 erant.
1350 3333 1751 3416 erigebantur
1816 3339 2025 3396 autem
2092 3333 2418 3414 capillacia
2496 3332 2635 3396 uela

525 3664 548 3715 1
583 3667 850 3731 octogena
875 3663 946 3716 ΡΙ
965 3662 1038 3715 V2
1065 3668 1260 3715 octena
1297 3663 1363 3715 V*
1491 3663 1835 3732 longitudine
1865 3663 2151 3718 PSVde
2240 3665 2272 3716 2
2302 3664 2562 3724 ambitum
2586 3664 2638 3715 Ρ

346 3754 374 3805 7
417 3753 578 3821 quiaa
622 3752 672 3805 T
845 3752 1066 3805 tricenis
1103 3751 1203 3806 PS
1219 3752 1316 3804 VT
1460 3753 1524 3805 10
1564 3751 1771 3806 duabus
1810 3769 1910 3807 om.
1951 3754 2022 3806 Ρι
2042 3753 2089 3803 V
2232 3754 2289 3805 11
2337 3753 2550 3805 aulcum
2595 3751 2641 3804 0

346 3841 462 3893 aleo
502 3840 548 3894 S
655 3842 720 3893 12
758 3841 874 3910 pari
920 3839 966 3892 Ο
1073 3842 1138 3894 16
1168 3848 1300 3909 post
1337 3840 1517 3894 decem
1548 3841 1783 3909 praebet
1819 3842 1893 3894 T.-
1934 3841 2063 3911 quid
2094 3849 2121 3895 ὅ
2152 3859 2282 3911 ergo
2322 3842 2631 3910 columpna-

345 3947 458 3982 rum
499 3933 645 3982 recto
684 3929 869 3982 ordine
906 3945 1018 3996 sqq.
1130 3931 1195 3983 17
1235 3934 1440 3983 rectum
1482 3930 1722 3983 ordinem
1759 3932 1962 3998 scripsi
1986 3947 2106 3984 cum
2135 3931 2235 3984 bd:
2273 3935 2419 3983 recto
2449 3928 2633 3982 ordine

352 4017 494 4072 (JPS
507 4017 608 4069 VT
783 4018 1135 4086 proficiebant
1175 4019 1227 4071 P
1408 4019 1473 4072 18
1511 4037 1674 4072 unum
1716 4037 1777 4072 ex
1822 4020 1872 4072 T
2015 4020 2080 4071 19
2139 4018 2324 4071 cubita
2362 4035 2461 4072 om.
2503 4017 2636 4070 P¹V

346 4108 514 4159 latere
554 4106 626 4158 bd
806 4107 874 4158 22
923 4107 1258 4160 conducebat
1301 4109 1346 4160 C
1523 4109 1592 4161 24
1633 4126 1658 4160 a
1701 4125 1800 4164 om.
1841 4108 1999 4161 PSV
2003 4108 2051 4160 T
2228 4106 2397 4161 ternis
2444 4106 2637 4175 leyitur

349 4201 477 4247 ante
515 4212 545 4246 a
581 4195 643 4246 in
682 4196 754 4246 bd
934 4196 1001 4248 26
1039 4196 1212 4248 latera
1247 4197 1345 4250 illa
1371 4196 1416 4249 S
1558 4197 1727 4250 ternis
1758 4214 1858 4249 om.
1898 4197 1947 4248 T
2124 4198 2188 4249 27
2231 4195 2427 4249 cubitis
2453 4211 2557 4248 om.
2595 4195 2640 4246 C

348 4283 707 4351 ercgebantur
751 4283 797 4336 C
937 4285 1058 4337 uela
1099 4285 1293 4346 cubitis
1332 4285 1378 4339 S
