3076 4976
530 445 613 507 20
1227 443 1280 497 S.
1338 442 1611 496 Aureli
1666 442 2103 511 Augustini

528 639 675 720 quia
722 657 845 703 uno
896 657 967 702 ex
1013 638 1218 702 tribus
1269 658 1415 702 oum
1459 639 1602 720 ipso
1650 638 1966 703 Abraham
2020 640 2242 719 postea
2284 638 2645 700 remanente
2693 634 2808 697 duo

526 746 868 809 mittuntur
928 745 993 808 in
1061 744 1403 810 Sodomam
1469 749 1532 810 et
1594 745 1724 810 illis
1792 746 1885 809 sic
1947 744 2232 826 loquitur
2301 743 2423 807 Lot
2493 745 2808 823 tamquam

530 851 831 916 domino?

612 958 939 1023 XXXIIII.
1016 957 1398 1023 Sumatur
1444 979 1649 1041 aqua
1708 962 1786 1024 et
1840 960 2121 1023 lauent
2174 957 2419 1040 pedes
2486 957 2809 1019 uestros

525 1067 602 1129 et
674 1065 1171 1149 refrigerate
1248 1065 1391 1130 sub
1471 1066 1775 1129 arbore.
1855 1069 1932 1130 et
2015 1084 2315 1128 sumam
2397 1082 2675 1146 panem
2740 1064 2812 1124 et
2865 1083 2887 1121 5

522 1173 1025 1238 manducate.
1111 1175 1461 1255 quaeritur,
1531 1173 1587 1238 si
1654 1173 1910 1257 angelos
1986 1170 2425 1255 intellegebat,
2502 1167 2809 1250 quomodo

522 1279 735 1360 potuit
781 1279 858 1343 ad
906 1280 1064 1343 hanc
1111 1281 1573 1344 humanitatem
1618 1279 1906 1356 inuitare,
1960 1297 2115 1359 quae
2160 1276 2486 1341 refectioni
2529 1274 2812 1339 mortalis

497 1386 728 1449 *carnis
775 1387 1129 1450 necessaria
1177 1389 1294 1461 est,
1344 1405 1464 1450 non
1512 1386 1950 1451 inmortalitati
1999 1385 2385 1468 angelorum.

608 1491 866 1555 XXXV.
948 1493 1344 1557 Abraham
1420 1497 1687 1558 autem
1761 1497 1840 1557 et
1904 1491 2141 1556 Sarra
2215 1489 2585 1553 seniores
2651 1506 2811 1569 pro-

520 1599 793 1680 gressi
859 1600 935 1663 in
1002 1599 1325 1674 diebus;
1395 1599 1879 1665 defecerunt
1944 1602 2206 1662 autem
2274 1594 2555 1660 Sarrae
2622 1591 2811 1656 fieri
2848 1615 2888 1652 ιο

520 1705 981 1771 muliebria.
1034 1708 1350 1772 seniorum
1401 1711 1574 1771 aetas
1622 1707 1827 1770 minor
1873 1709 1972 1769 est
2010 1724 2198 1786 quam
2238 1723 2480 1779 senum,
2522 1699 2811 1782 quamuis

522 1814 586 1875 et
635 1830 815 1875 senes
866 1813 1263 1894 appellentur
1310 1813 1610 1877 seniores,
1660 1812 1846 1889 unde,
1887 1813 1942 1875 si
1987 1830 2138 1875 uera
2183 1814 2333 1874 sunt
2378 1827 2537 1893 quae
2586 1827 2622 1871 a
2666 1825 2811 1870 non·

516 1918 711 1982 nullis
776 1919 1042 1983 medicis
1112 1920 1509 1995 adseruntur,
1577 1921 1871 2001 quoniam
1933 1919 2142 1983 senior
2195 1918 2294 1981 uir
2350 1936 2494 1981 cum
2549 1913 2811 1978 muliere

520 2026 765 2089 seniore
812 2026 978 2091 filios
1024 2026 1230 2091 facere
1279 2047 1399 2092 non
1446 2031 1679 2110 potest,
1730 2027 1980 2091 etiamsi
2027 2025 2230 2089 adhuc
2278 2023 2548 2086 feminae
2595 2020 2811 2084 mulie-

517 2131 652 2195 bria
709 2132 983 2211 ueniant,
1034 2133 1383 2198 secundum
1439 2134 1559 2197 hoc
1621 2133 2000 2197 admiratum
2044 2130 2362 2195 Abraham
2419 2128 2495 2193 de
2549 2127 2812 2210 promis·
2846 2149 2888 2190 15

517 2239 693 2303 sione
741 2240 857 2303 filii
897 2242 961 2304 et
996 2241 1373 2304 miraculum
1412 2240 1708 2322 posuisse
1748 2241 2108 2323 apostolum
2148 2238 2431 2318 accipere
2469 2253 2810 2318 possumus

523 2348 1009 2417 „emortuum
1060 2343 1338 2432 [quippe]
1391 2354 1720 2428 corpus“
1775 2345 2085 2409 Abrahae.
2163 2346 2522 2408 emortuum
2581 2340 2811 2422 quippe

519 2467 745 2532 corpus
806 2468 927 2516 non
986 2452 1077 2516 ita
1132 2451 1633 2537 intellegendum
1691 2455 1809 2528 est,
1869 2470 1939 2516 ac
1989 2450 2043 2515 si
2093 2449 2343 2515 omnino
2393 2447 2632 2512 nullam
2678 2446 2809 2510 uim

516 2558 853 2642 generandi
921 2559 1150 2623 habere
1215 2563 1463 2642 posset,
1536 2561 1593 2623 si
1656 2560 1886 2624 mulier
1947 2558 2262 2623 iuuenalis
2331 2557 2555 2621 aetatis
2621 2558 2808 2629 esset,

520 2663 631 2728 sed
681 2666 1028 2729 secundum
1075 2666 1196 2731 hoc
1245 2670 1624 2743 emortuum,
1672 2671 1747 2730 ut
1800 2668 1926 2730 iam
1984 2666 2058 2730 de
2114 2665 2529 2746 prouectioris
2586 2662 2809 2726 aetatis
2843 2687 2887 2724 20

515 2770 781 2836 muliere
810 2792 932 2837 non
966 2777 1205 2855 posset.
1247 2793 1392 2837 nam
1429 2772 1572 2837 ideo
1614 2774 1689 2837 de
1721 2773 1980 2838 Cettura
2007 2773 2236 2856 potuit,
2268 2771 2417 2853 quia
2452 2771 2808 2834 iuuenalem

512 2878 689 2942 illam
734 2879 982 2942 inuenit
1029 2883 1254 2944 aetate.
1325 2880 1417 2943 sic
1466 2881 1634 2944 enim
1681 2880 1909 2944 medici
1956 2879 2233 2957 tradunt,
2282 2879 2580 2961 quoniam
2627 2876 2806 2940 cuius

516 3003 744 3066 corpus
803 2986 924 3049 uin'
983 2986 1331 3050 secundum
1388 2986 1509 3050 hoc
1565 2987 1692 3049 iam
1749 2986 1998 3064 defecit,
2055 2991 2129 3050 ut
2185 3006 2327 3049 cum
2386 2984 2618 3048 femina
2672 3003 2806 3064 pro·

689 3177 722 3228 4
763 3174 895 3230 Gen.
940 3177 1021 3238 18,
1052 3177 1102 3229 4.
1134 3179 1166 3231 5
1241 3177 1274 3230 9
1313 3176 1449 3231 Gen.
1483 3178 1566 3242 18,
1597 3178 1662 3230 11
1741 3178 1805 3231 15
1847 3177 1913 3231 cf.
1947 3176 2080 3231 Gen.
2117 3178 2198 3241 17,
2231 3178 2296 3231 17
2374 3177 2439 3231 16
2469 3176 2621 3230 Rom.
2651 3176 2686 3228 4
2725 3175 2805 3237 19,

583 3301 607 3352 1
652 3300 800 3369 quia]
845 3300 937 3368 qui
974 3300 1041 3352 N
1073 3316 1176 3353 om.
1227 3300 1278 3350 V
1406 3317 1510 3354 uno
1549 3316 1651 3353 om.
1694 3301 1759 3355 N
1826 3301 1857 3353 2
1895 3300 1981 3354 illi
2017 3300 2084 3353 N
2185 3302 2219 3354 4
2257 3300 2436 3353 lauem
2479 3298 2810 3353 CPSVde

512 3390 542 3441 7
584 3389 825 3457 potuerit
859 3386 1021 3442 PSN
1027 3388 1210 3442 1⁷de
1366 3389 1601 3442 inuitate
1647 3389 1713 3443 0¹
1873 3396 2006 3458 post
2043 3390 2276 3443 inuitare
2313 3395 2616 3458 sequuntur
2649 3388 2808 3442 haec.-

512 3479 692 3530 aetate
732 3478 809 3530 sic
849 3478 990 3531 enim
1029 3476 1225 3531 medici
1262 3477 1489 3532 tradunt
1528 3467 1631 3548 quo
1681 3480 1937 3549 cuiusque
1985 3481 2198 3550 (cuique
2242 3481 2319 3546 P)
2365 3479 2649 3533 refectioni
2696 3494 2806 3546 sqq-

510 3567 575 3618 ἐπ
601 3565 723 3630 1³8,-
758 3566 821 3618 in
859 3566 975 3620 cod.
1004 3567 1060 3619 P
1095 3566 1284 3621 delata
1321 3574 1467 3635 sunt,
1494 3569 1560 3621 in
1589 3568 1633 3622 S
1657 3569 1872 3637 siquam
1899 3570 1963 3622 in
1987 3586 2089 3639 my.
2121 3571 2434 3639 appositum
2463 3577 2542 3624 est
2651 3569 2809 3640 quae]

510 3655 601 3723 qui
636 3653 702 3707 0¹
733 3656 983 3722 quoniam
1018 3656 1145 3708 Vbd
1269 3657 1562 3721 refectione
1595 3663 1683 3726 (ne
1713 3675 1828 3726 exp.
1851 3675 1919 3713 m.
1940 3663 1999 3725 2)
2036 3659 2084 3711 0
2106 3659 2328 3713 refectio
2359 3660 2486 3713 Vbd
2590 3660 2809 3715 mortali

508 3743 655 3796 carni
702 3743 827 3796 Vbd
936 3744 1004 3798 10
1042 3743 1353 3798 defecerant
1391 3746 1464 3799 bd
1575 3747 1641 3801 14
1677 3764 1782 3800 non
1820 3763 1862 3800 s,
1895 3747 1929 3804 Ζ.
1959 3764 2027 3799 m.
2057 3751 2098 3801 2
2141 3747 2186 3800 C
2327 3748 2373 3802 εἰ
2412 3748 2589 3804 adhuc
2617 3767 2719 3804 om.
2748 3748 2814 3803 N

511 3831 576 3884 16
614 3833 857 3901 potuisse
906 3832 958 3884 V
1086 3839 1219 3902 post
1255 3851 1541 3903 possumus
1573 3836 1819 3890 addunt:
1857 3836 1950 3889 ubi
1981 3836 2116 3890 dixit
2145 3837 2220 3890 bd
2330 3839 2394 3891 17
2434 3843 2805 3892 emortuum—

509 3921 760 3974 Abrahae
791 3937 891 3977 om.
923 3921 1022 3975 ΡΒ
1032 3922 1083 3975 V
1188 3923 1386 3993 quippe
1415 3924 1620 3978 inclusi
1724 3923 2030 3979 Abrahae—
2052 3942 2243 3994 corpus
2272 3942 2374 3980 om.
2402 3926 2523 3980 NT
2631 3929 2696 3982 19
2723 3927 2803 3980 iu·

508 4010 702 4062 uenilis
747 4009 953 4063 TV2od
1060 4011 1129 4064 20
1168 4011 1515 4066 homortuum
1552 4013 1614 4066 N
1756 4015 1885 4082 iam]
1928 4015 2090 4068 etiam
2144 4015 2474 4069 CPSVde
2581 4018 2649 4070 21
2681 4021 2805 4088 post

508 4098 635 4167 quia
674 4099 805 4152 add.
847 4103 902 4152 et
939 4099 1015 4154 bd
1157 4101 1356 4155 iuuene
1395 4101 1426 4155 b
1463 4103 1718 4157 iuuenilis
1758 4103 1797 4156 d
1902 4104 1971 4156 22
2009 4103 2064 4156 in
2103 4104 2201 4157 illa
2236 4104 2304 4157 N
2431 4111 2562 4172 post
2598 4106 2801 4159 inuenit

506 4188 771 4255 offerunt.-
812 4187 1026 4257 quando
1066 4190 1278 4258 possint
1315 4207 1471 4244 senes
1508 4191 1648 4245 filios
1688 4209 1967 4262 procreare
2006 4193 2093 4246 uel
2131 4210 2318 4262 parere
2358 4193 2482 4260 SP‚·
2517 4195 2630 4248 sed.
2671 4213 2737 4249 m.
2765 4198 2802 4248 2

507 4276 697 4330 delata
733 4283 864 4330 sunt
1060 4281 1296 4332 aetatem
1333 4279 1401 4333 N
1430 4281 1629 4334 aetatis
1669 4281 1708 4334 d
1742 4297 1842 4335 om.
1884 4281 1916 4334 b
2113 4283 2522 4337 aetate-cuiue
2561 4301 2668 4338 om.
2709 4283 2806 4337 SV

504 4366 572 4418 23
609 4365 743 4419 haec
791 4365 898 4419 VT
