3076 4976
419 449 548 509 220
1127 445 1177 495 S.
1235 441 1510 494 Aureli
1567 441 2007 510 Augustini

418 640 808 703 columnae
895 657 1148 702 eorum
1240 637 1522 720 uiginti
1619 640 1692 699 et
1783 637 2002 699 bases
2098 655 2334 699 earum
2429 635 2712 719 uiginti

420 764 698 808 aereae.
760 749 830 808 et
886 745 1093 807 latus
1152 743 1346 825 quod
1404 748 1518 807 est
1578 744 1665 806 ad
1734 742 2156 823 aquilonem
2226 745 2524 805 centum
2588 761 2717 822 per

422 854 753 917 centum:
817 854 889 915 et
947 852 1341 914 columnae
1401 870 1651 914 eorum
1712 850 1998 931 uiginti
2058 853 2131 912 et
2184 849 2404 912 bases
2466 869 2714 913 earum

419 958 702 1041 uiginti
778 978 1053 1022 aereae.
1131 961 1202 1020 et
1273 958 1479 1019 latus
1560 956 1757 1038 quod
1836 962 1950 1019 est
2027 956 2113 1019 ad
2188 976 2385 1019 mare
2453 958 2718 1020 aulaea

423 1066 980 1148 quinquaginta
1039 1064 1496 1135 cubitorum:
1562 1063 1956 1125 columnae
2016 1082 2270 1125 eorum
2327 1063 2581 1126 decem
2642 1072 2772 1125 ets»

422 1171 638 1234 bases
699 1189 946 1233 earum
1005 1169 1286 1232 decem:
1351 1169 1569 1232 eadem
1621 1168 1776 1231 dicit
1822 1171 2043 1232 aulaea
2094 1188 2250 1249 quae
2300 1170 2593 1232 tentoria.
2646 1174 2717 1232 et

420 1277 623 1341 latus
684 1277 876 1357 quod
936 1282 1049 1339 est
1107 1276 1190 1338 ad
1251 1276 1621 1339 orientem
1671 1276 2229 1358 quinquaginta
2276 1276 2716 1339 cubitorum

421 1385 770 1448 tentoria.
821 1388 966 1465 post
1015 1384 1167 1447 haec
1215 1383 1378 1447 redit
1425 1382 1503 1444 ad
1552 1382 1900 1464 posteriora
1946 1382 2359 1455 tabernaculi,
2402 1386 2473 1444 ut
2513 1388 2716 1445 osten-

423 1491 529 1554 dat
593 1491 1126 1572 quemadmodum
1191 1490 1335 1553 illae
1405 1490 1619 1552 decem
1690 1490 2018 1552 columnae
2088 1490 2363 1569 ¹<natium
2441 1489 2513 1551 de
2594 1508 2715 1569 quo

422 1598 801 1679 loquebatur
867 1598 1005 1660 atrii
1077 1597 1678 1678 complectebantur.
1750 1595 2179 1676 quindecim
2250 1595 2715 1671 cubitorum,
2763 1622 2812 1656 ιο

423 1704 648 1784 inquit.
710 1703 901 1785 quod
962 1710 1076 1767 est
1134 1724 1166 1766 a
1225 1704 1464 1767 dorso.
1516 1704 1773 1766 dorsum
1824 1703 2120 1784 appellat,
2173 1703 2321 1783 quia
2368 1703 2719 1785 posteriora

423 1811 812 1873 tabernaculi
871 1815 1064 1875 erant.
1124 1809 1188 1872 id
1250 1814 1348 1873 est
1406 1830 1439 1872 a
1495 1815 1672 1890 palte
1732 1809 2097 1873 occidentis,
2166 1814 2237 1872 et
2304 1809 2716 1881 columnae,

426 1917 649 1998 inquit,
721 1936 976 1980 eorum
1047 1921 1199 1980 tres
1269 1924 1341 1979 et
1405 1917 1633 1980 bases
1702 1935 1950 1980 earum
2017 1919 2190 1981 tres,
2261 1919 2333 1979 et
2398 1936 2433 1979 a
2498 1915 2717 1979 dorso

428 2024 752 2087 secundo
812 2024 988 2087 hinc
1049 2028 1120 2087 et
1177 2024 1349 2087 binc
1411 2023 1820 2087 secundum
1881 2028 2174 2105 portam
2229 2022 2408 2086 atrii
2458 2022 2721 2085 aulaea-

430 2130 857 2211 quindecim
907 2131 1370 2201 cubitorum:
1422 2131 1814 2193 columnae
1865 2149 2121 2194 eorum
2174 2136 2325 2192 tres
2377 2132 2448 2191 et
2494 2128 2716 2190 bases
2764 2155 2813 2190 ιε,

431 2256 675 2299 earum
729 2242 900 2299 tre-S.
952 2239 1364 2300 manifestum
1414 2241 1510 2300 est
1561 2240 1727 2299 certe
1778 2237 1997 2300 eadem
2048 2237 2170 2300 «luo
2214 2237 2399 2300 dorsa
2438 2235 2563 2299 diei
2604 2237 2720 2299 boc

418 2343 581 2407 loce.
642 2362 785 2406 cum
845 2350 1416 2407 commemorantur
1473 2345 1681 2407 omnia
1742 2343 2273 2424 quemadmodum
2339 2343 2507 2405 facta
2574 2343 2719 2418 sint,

421 2468 581 2530 quae
656 2450 853 2514 latera
930 2450 1319 2526 dicebantur,
1398 2451 1642 2532 quando
1718 2451 2237 2532 praecipiebatur.
2315 2452 2387 2512 ut
2468 2448 2717 2520 fierent:

426 2556 622 2619 latera
672 2557 936 2628 scilicet,
989 2558 1134 2637 quia
1182 2559 1324 2620 hinc
1376 2562 1562 2638 atque
1612 2558 1755 2621 inde
1806 2558 2137 2620 coniuncta
2183 2563 2399 2637 portae
2441 2556 2721 2618 occiden-

419 2663 566 2725 talis
635 2663 776 2726 atrii
843 2665 1118 2743 spatium
1185 2665 1661 2739 concludebant,
1732 2664 1919 2727 dorsa
1985 2683 2157 2736 uere,
2231 2662 2397 2743 quod
2457 2682 2493 2724 a
2546 2667 2722 2743 tergo
2760 2690 2815 2726 ρο

421 2769 810 2832 tabernaculi
873 2777 1046 2832 erant
1102 2772 1257 2834 haec
1313 2792 1455 2853 pars
1515 2772 1678 2838 atrii.
1736 2771 1801 2834 id
1860 2775 1957 2833 est
2014 2791 2048 2833 a
2106 2775 2281 2850 parte
2330 2768 2718 2835 occidentali.

426 2876 713 2956 sequitur
778 2881 987 2939 autem
1056 2881 1120 2940 et
1185 2878 1370 2941 dicit:
1441 2878 1685 2940 omnia
1751 2878 2014 2940 aulaea
2083 2877 2260 2940 atrii
2338 2876 2420 2938 de
2496 2875 2720 2956 bysso

429 2984 648 3046 torta.
718 2987 790 3045 et
855 2983 1072 3045 bases
1141 2985 1651 3047 columnarum
1723 3003 1980 3047 aereae
2049 2993 2117 3046 et
2186 3001 2406 3046 ansae
2474 3001 2723 3045 earum

432 3094 826 3172 argenteae
904 3093 974 3153 et
1050 3091 1296 3170 capita
1373 3110 1625 3153 earum
1702 3091 2183 3171 inargentata
2259 3095 2576 3173 argento
2654 3091 2725 3151 et

433 3197 821 3260 columnae
916 3198 1444 3280 inargentatae
1542 3201 1887 3280 argente,
1986 3217 2237 3261 omnes
2333 3197 2723 3260 columnae
2762 3223 2817 3260 25

432 3305 628 3369 atrii.
662 3304 881 3367 deinde
917 3305 1206 3388 adiungit
1236 3305 1402 3385 quod
1435 3305 1713 3368 nondum
1742 3305 1865 3368 isto
1906 3305 2045 3368 loco
2087 3306 2721 3367 commemorauerat:

434 3415 506 3472 et
538 3413 926 3481 uela<men
961 3417 1270 3492 portae>
1305 3412 1482 3475 atrii
1517 3431 1701 3492 opus
1736 3412 2151 3474 uariatoris
2193 3411 2275 3473 de
2316 3410 2721 3491 hyacintho

433 3521 507 3580 et-
589 3537 916 3598 purpura
1003 3523 1070 3581 et
1157 3537 1379 3582 cocco
1465 3522 1635 3581 neto
1715 3522 1785 3580 et
1861 3518 2086 3598 bysso
2166 3519 2369 3580 torta
2444 3516 2722 3599 uiginti

614 3713 644 3760 c
686 3709 774 3760 Ex.
816 3711 900 3768 ae,
945 3710 1003 3761 11
1050 3709 1156 3776 (37,
1205 3710 1292 3766 13)
1437 3709 1499 3761 10
1540 3709 1632 3761 Ex.
1673 3711 1758 3772 aa,
1804 3711 1866 3762 12
1911 3710 2016 3762 <aaz
2062 3712 2148 3763 141
2294 3710 2357 3761 12
2396 3709 2490 3761 Ex.
2532 3707 2616 3762 38,
2660 3706 2725 3757 13

439 3799 546 3866 (37,
590 3799 676 3862 13)
858 3799 923 3851 :22
967 3799 1053 3850 Ex.
1094 3801 1180 3856 38,
1226 3800 1303 3850 14.
1352 3799 1413 3850 15
1457 3800 1565 3860 (37.
1610 3801 1691 3852 16.
1738 3800 1820 3864 17)
2010 3801 2072 3851 ρ’.-
2116 3799 2208 3851 Ex.
2251 3798 2334 3854 aa
2379 3797 2443 3849 18
2484 3798 2593 3858 (37.
2638 3796 2723 3861 16)

510 3925 540 3975 2
583 3929 662 3974 est
702 3940 801 3977 om.
835 3923 907 3974 bd
993 3923 1023 3974 3
1065 3923 1265 3991 eorum]
1309 3939 1485 3974 carum
1523 3923 1750 3975 ζ’ΤΡῘῙ1
1846 3926 1876 3972 5
1918 3939 2100 3975 earum
2128 3922 2309 3974 PTV³
2402 3923 2433 3974 6
2474 3937 2654 3974 eorum
2687 3918 2732 3970 S

439 4011 661 4064 eandem
710 4013 754 4064 C
878 4013 1110 4081 tentorie
1156 4011 1201 4064 C
1324 4012 1355 4062 8
1395 4011 1528 4064 haec
1569 4028 1670 4064 om.
1721 4012 1772 4062 V
1898 4013 1961 4064 '1'3
2000 4013 2180 4080 inquit·
2218 4028 2318 4063 om.
2361 4012 2405 4063 S
2530 4017 2583 4062 et
2623 4027 2724 4061 a—

440 4117 617 4153 earum
657 4105 766 4152 tres
806 4118 905 4153 om.
948 4100 992 4153 S
1164 4103 1227 4152 14
1267 4105 1472 4169 partam
1513 4100 1588 4151 12¹
1628 4104 1834 4168 partem
1888 4101 1990 4151 VT
2164 4103 2223 4152 15
2265 4105 2319 4151 et
2358 4099 2635 4152 columnae
2682 4098 2732 4150 T

444 4191 507 4241 19
538 4191 852 4242 coniunctae
875 4189 1083 4242 PSVT
1152 4192 1215 4242 :21
1251 4193 1366 4241 erat
1389 4190 1459 4241 bd
1533 4192 1601 4242 24
1639 4191 1733 4255 fin.
1768 4195 2121 4258 et-argento
2154 4187 2455 4243 om.P¹SV
2523 4190 2589 4241 26
2619 4188 2725 4239 isto

439 4293 558 4345 sup.
596 4295 713 4345 erp.
757 4298 784 4328 o
824 4280 904 4344 fin
961 4280 1088 4330 add.
1132 4297 1196 4330 ηι.
1239 4282 1277 4330 2
1315 4279 1382 4344 ic)
1435 4278 1483 4330 V
1519 4295 1618 4331 om..
1660 4279 1759 4330 ΡΒ
1897 4279 2014 4331 loco
2055 4295 2155 4330 om.
2187 4277 2367 4331 P¹SV
2470 4277 2537 4330 27
2580 4276 2726 4328 uela-

442 4383 559 4418 men
603 4371 788 4435 portae
825 4367 1050 4432 scm‘psi:
1089 4367 1210 4419 uela
1249 4373 1576 4419 memoratae
1621 4368 1665 4419 C
1701 4368 1817 4419 uela
1860 4367 2141 4418 memorati
2178 4364 2468 4419 PSVde
