3076 4976
626 447 1103 512 Quaestionum
1145 445 1252 499 lib.
1294 446 1347 499 II
1390 445 1677 511 (Quaest.
1720 446 1794 499 de
1835 447 2094 514 Exodo).
2384 453 2506 514 103

237 642 384 706 enim
446 641 636 705 rebus
706 641 1022 724 corporeis
1085 661 1198 721 per
1260 640 1471 704 omnia
1537 641 1852 704 elementa
1917 641 2135 704 mundi
2202 643 2509 723 quaedam

239 749 503 813 occult-ae
554 747 931 811 seminariae
976 748 1273 824 rationeS,
1324 747 1556 828 quibus
1606 767 1750 810 cum
1810 748 1954 811 data
2010 748 2200 811 fuerit
2258 753 2508 830 oportu-

236 856 382 918 nitas
428 853 800 936 temporalis
850 857 1037 935 atque
1087 853 1380 928 causalis,
1428 860 1844 936 prorumpunt
1881 855 1938 916 in
1982 855 2225 935 speeies
2265 855 2510 918 debitas

236 962 354 1026 suis
415 961 624 1025 modis
684 964 749 1024 et
807 960 1055 1024 finibus.
1133 964 1197 1023 et
1252 960 1344 1025 sie
1402 979 1522 1023 non
1584 960 1880 1024 dicuntur
1935 962 2166 1044 angeli,
2224 962 2331 1043 qui
2387 962 2509 1024 ista

182 1089 200 1122 ὁ
233 1069 473 1144 faciunt,
520 1068 893 1132 animalium
944 1070 1276 1142 creatoreS,
1327 1068 1496 1131 sicut
1543 1087 1655 1130 nec
1705 1067 2016 1149 agricolae
2067 1072 2358 1152 segetum
2405 1068 2509 1132 uel

234 1175 501 1238 arborum
549 1175 661 1237 uel
707 1192 1100 1254 quorumque
1149 1173 1209 1236 in
1259 1176 1423 1264 terra
1470 1173 1870 1256 gignentium
1910 1178 2223 1237 creatores
2263 1173 2510 1237 dicendi

232 1283 380 1356 sunt,
429 1281 731 1362 quamuis
780 1279 1072 1343 nouerint
1125 1267 1422 1360 praebere
1481 1279 1788 1359 quasdam
1847 1280 2135 1344 nisibiles
2194 1280 2512 1361 oportuni-

231 1391 378 1451 tates
435 1391 498 1451 et
553 1406 808 1461 causae,
870 1389 941 1449 ut
995 1387 1107 1450 illa
1163 1391 1523 1451 nascantur.
1604 1386 1773 1467 quod
1839 1391 2048 1450 autem
2109 1387 2216 1450 isti
2270 1387 2513 1450 faciunt

230 1493 574 1570 nisibiliter,
658 1494 778 1557 hoc
854 1493 1061 1576 angeli
1134 1492 1578 1568 inuisibiliter;
1656 1492 1810 1555 deus
1887 1512 2035 1556 uero
2103 1494 2278 1557 solus
2345 1512 2510 1556 unus

162 1607 455 1664 mereator
519 1605 644 1677 est,
713 1601 821 1682 qui
888 1619 1112 1664 causas
1176 1600 1351 1680 ipsas
1419 1605 1483 1663 et
1547 1600 1823 1663 rationes
1890 1599 2267 1663 seminarias
2323 1599 2511 1663 rebus

230 1705 461 1772 inseuit.
541 1727 646 1771 res
707 1707 984 1771 breuiter
1039 1706 1207 1769 dieta
1266 1710 1395 1770 est:
1457 1726 1617 1787 quae
1675 1707 1729 1769 si
1787 1707 2089 1788 exemplis
2147 1712 2211 1770 et
2257 1707 2510 1788 eopiosa

231 1812 646 1895 disputatione
696 1814 1060 1896 explicetur,
1111 1816 1183 1876 ut
1229 1813 1482 1876 facilius
1529 1813 1958 1896 intellegatur,
1995 1814 2183 1896 longo
2225 1832 2511 1876 sermone

232 1938 371 1999 opus
418 1926 532 1997 est,
585 1942 624 1983 a
674 1938 797 2002 quo
849 1939 917 1984 se
964 1920 1125 1983 ratio
1174 1925 1425 1983 nostrae
1473 1920 1900 1984 festinationis
1950 1924 2224 1984 excusat.

306 2026 492 2091 XXII.
588 2027 973 2091 Fecerunt
1058 2030 1306 2090 autem
1396 2027 1758 2090 similiter
1841 2030 1911 2090 et
1991 2027 2508 2090 incantatores

165 2157 201 2190 ιδ
234 2133 767 2215 Aegyptiorum
837 2134 1243 2198 ueneficiis
1314 2134 1501 2208 suis;
1573 2136 1644 2197 et
1709 2134 2138 2197 induratum
2207 2137 2322 2196 est
2387 2152 2511 2197 eor

230 2237 632 2304 Pharaonis
684 2246 755 2303 et
803 2261 937 2304 non
992 2241 1388 2304 exaudiuit
1434 2260 1581 2319 eoS,
1633 2242 1833 2304 siout
1892 2241 2080 2303 dixit
2138 2240 2507 2304 dominus.

231 2361 360 2408 cum
402 2346 555 2411 haee
599 2347 916 2422 dieantur,
955 2347 1213 2411 uidetur
1249 2351 1579 2430 propterea
1621 2367 1727 2411 cor
1761 2347 2109 2411 Pharaonis
2149 2347 2510 2411 induratum

229 2451 427 2529 fuisse,
478 2454 634 2536 quia
680 2457 744 2517 et
789 2454 1211 2519 incantatores
1250 2455 1705 2538 Aegyptiorum
1756 2453 1989 2518 similia
2035 2455 2349 2529 fecerunt;
2400 2453 2512 2517 sed

232 2562 662 2642 consequentia
711 2561 1029 2625 docebunt
1076 2565 1314 2643 quant-a
1362 2562 1554 2625 suerit
1590 2562 1702 2624 illa
1743 2562 2094 2635 obduratiO,
2136 2562 2324 2625 etiam
2366 2581 2512 2625 cum

164 2690 203 2721 ιο
230 2663 635 2731 incantatores
685 2669 1072 2732 defecerunt.

308 2772 527 2839 XXIII.
620 2775 999 2838 Fecerunt
1082 2780 1328 2839 autem
1410 2776 1776 2839 similiter
1849 2779 1920 2837 et
1992 2776 2508 2838 incantatores

231 2878 755 2962 Aegyptiorum
797 2881 1217 2945 ueneficiis
1262 2882 1422 2945 suis
1465 2886 1535 2944 et
1575 2882 1994 2946 eduxerunt
2032 2901 2244 2945 ranas
2287 2900 2511 2961 super

230 2989 478 3049 terram
517 2988 870 3069 Aegypti.
922 2989 1248 3070 quaeritur
1294 2988 1479 3065 unde,
1528 2990 1585 3052 si
1633 2990 1758 3052 iam
1809 2989 2041 3070 ubique
2079 2988 2317 3051 factum
2356 2993 2507 3058 erat,

234 3091 328 3153 sed
380 3093 606 3157 similis
668 3095 953 3176 quaestio
1014 3099 1132 3171 est,
1193 3095 1360 3159 unde
1422 3100 1485 3159 et
1541 3116 1766 3177 aquam
1825 3096 1888 3158 in
1950 3096 2324 3177 sanguinem
2373 3114 2508 3157 uer·

162 3222 203 3260 :2⁵
232 3198 419 3275 terint,
468 3202 522 3264 si
569 3206 709 3265 tota
745 3221 906 3282 aqua
945 3202 1220 3284 Aegypti
1257 3202 1319 3264 in
1361 3204 1738 3284 sanguinem
1782 3221 2084 3265 conuersa
2120 3203 2244 3264 iam
2285 3202 2509 3265 fuerat.

234 3305 464 3382 proinde
519 3308 1023 3391 intellegendum
1084 3311 1184 3371 est
1238 3308 1584 3390 regionem,
1646 3308 1754 3371 ubi
1810 3308 1925 3370 filii
1972 3307 2211 3371 Israhel
2268 3308 2509 3371 habita-

232 3408 381 3486 bant,
428 3414 635 3497 plagis
685 3412 922 3477 talibus
973 3434 1094 3478 non
1144 3414 1344 3478 fuisse
1393 3434 1783 3495 percussam.
1862 3418 1924 3477 et
1978 3414 2122 3476 inde
2169 3418 2512 3495 potuerunt

236 3514 629 3583 incantatores
681 3520 783 3583 uel
833 3541 1057 3601 aquam
1104 3522 1375 3597 haurire,
1425 3541 1612 3601 quam
1661 3521 1720 3584 in
1765 3521 2134 3603 sanguinem
2177 3524 2509 3596 ueiterent,

236 3621 327 3683 uel
372 3625 608 3706 aliquas
658 3647 838 3689 ranas
889 3628 1153 3691 educere
1204 3628 1279 3691 ad
1332 3628 1529 3690 solam
1582 3628 2178 3690 demonstrationem
2229 3626 2510 3709 magicae

391 3817 454 3869 14
492 3816 585 3872 Ex.
628 3820 677 3877 7,
717 3819 785 3871 22
896 3819 960 3870 21
1003 3819 1094 3871 Ex.
1136 3820 1185 3871 8.
1228 3820 1257 3870 7

300 3911 319 3960 l
359 3916 615 3982 corporeis
653 3914 814 3967 rebus
852 3915 924 3968 bd
1048 3916 1081 3967 2
1120 3915 1499 3985 opportunitas
1540 3914 1846 3983 SNdeuq
1974 3920 2006 3968 6
2047 3932 2506 3984 quorumcumque

246 3994 395 4067 7*an
534 4004 562 4055 7
602 4006 870 4056 nouerant
916 4003 968 4055 V
1104 4004 1136 4057 9
1178 4003 1336 4072 unus]
1378 4021 1536 4056 uerus
1577 4003 1650 4056 bd
1799 4005 1859 4055 11
1903 4004 2094 4056 inserit
2129 4003 2192 4055 in
2227 4020 2342 4056 ras.
2389 4004 2509 4067 (J,T

238 4083 442 4151 inseruit
478 4095 534 4154 (u
572 4108 688 4160 exp.
728 4110 796 4145 m.
837 4097 886 4158 1)
925 4093 981 4145 P
1014 4093 1245 4146 inseruit
1274 4092 1451 4146 SVbd
1526 4093 1590 4144 12
1621 4092 1786 4160 longo
1818 4109 1902 4144 ser
1929 4108 2031 4145 om.
2065 4092 2124 4144 N
2200 4093 2262 4144 13
2295 4095 2438 4143 esset
2472 4091 2502 4143 b

241 4172 296 4224 15
330 4180 567 4233 ueneficis
612 4180 678 4233 0¹
857 4182 928 4234 20
975 4181 1276 4234 defecerint
1322 4180 1501 4234 ΡΝΒ2
1553 4180 1842 4234 deficerent
1882 4182 1912 4232 b
2095 4181 2162 4231 24
2214 4179 2420 4231 similes
2466 4180 2510 4231 C

242 4267 454 4318 uerterat
498 4268 528 4319 b
708 4272 776 4323 25
824 4270 1086 4339 sanguine
1138 4268 1204 4322 N
1412 4269 1578 4322 fuerit
1637 4270 1683 4320 0
1859 4254 1928 4322 26
1978 4267 2222 4338 proinde]
2270 4266 2424 4319 Unde
2473 4267 2502 4320 b

241 4346 298 4400 29
332 4355 519 4409 maicae
562 4357 626 4409 C¹
