<?xml version="1.0" encoding="UTF-8"?>
<!DOCTYPE html PUBLIC "-//W3C//DTD XHTML 1.0 Transitional//EN"
    "http://www.w3.org/TR/xhtml1/DTD/xhtml1-transitional.dtd">
<html xmlns="http://www.w3.org/1999/xhtml" xml:lang="en" lang="en">
 <head>
  <title>
</title>
<meta http-equiv="Content-Type" content="text/html;charset=utf-8" />
  <meta name='ocr-system' content='tesseract 3.04.00' />
  <meta name='ocr-capabilities' content='ocr_page ocr_carea ocr_par ocr_line ocrx_word'/>
</head>
<body>
  <div class='ocr_page' id='page_1' title='image "./corpusscriptoru31wissgoog_0083.png"; bbox 0 0 3076 4976; ppageno 0'>
   <div class='ocr_carea' id='block_1_1' title="bbox 662 458 2545 527">
    <p class='ocr_par' dir='ltr' id='par_1_1' title="bbox 662 458 2545 527">
     <span class='ocr_line' id='line_1_1' title="bbox 662 458 2545 527; baseline 0 -14"><span class='ocrx_word' id='word_1_1' title='bbox 662 460 1132 525; x_wconf 76' lang='lat' dir='ltr'><strong>Quaestionum</strong></span> <span class='ocrx_word' id='word_1_2' title='bbox 1176 460 1289 514; x_wconf 91' lang='lat' dir='ltr'>lib.</span> <span class='ocrx_word' id='word_1_3' title='bbox 1327 459 1355 511; x_wconf 94' lang='lat' dir='ltr'>I</span> <span class='ocrx_word' id='word_1_4' title='bbox 1396 458 1686 527; x_wconf 84' lang='lat' dir='ltr'>(Quaest.</span> <span class='ocrx_word' id='word_1_5' title='bbox 1729 459 1802 512; x_wconf 87' lang='lat' dir='ltr'>de</span> <span class='ocrx_word' id='word_1_6' title='bbox 1844 459 2128 526; x_wconf 76' lang='lat' dir='ltr'>Genesi).</span> <span class='ocrx_word' id='word_1_7' title='bbox 2455 463 2545 525; x_wconf 81' lang='grc'>49</span> 
     </span>
    </p>
   </div>
   <div class='ocr_carea' id='block_1_2' title="bbox 165 655 2551 3827">
    <p class='ocr_par' dir='ltr' id='par_1_2' title="bbox 165 655 2551 3827">
     <span class='ocr_line' id='line_1_2' title="bbox 248 655 2549 738; baseline 0 -19"><span class='ocrx_word' id='word_1_8' title='bbox 248 657 549 738; x_wconf 85' lang='lat' dir='ltr'>principio</span> <span class='ocrx_word' id='word_1_9' title='bbox 608 656 756 719; x_wconf 86' lang='lat' dir='ltr'>libri</span> <span class='ocrx_word' id='word_1_10' title='bbox 811 674 971 719; x_wconf 91' lang='lat' dir='ltr'>nunc</span> <span class='ocrx_word' id='word_1_11' title='bbox 1024 655 1301 737; x_wconf 88' lang='lat' dir='ltr'>primum</span> <span class='ocrx_word' id='word_1_12' title='bbox 1358 656 1714 719; x_wconf 89' lang='lat' dir='ltr'>inuenimus</span> <span class='ocrx_word' id='word_1_13' title='bbox 1775 656 1926 719; x_wconf 91' lang='lat' dir='ltr'>deos</span> <span class='ocrx_word' id='word_1_14' title='bbox 1984 656 2301 738; x_wconf 80' lang='lat' dir='ltr'>gentium3</span> <span class='ocrx_word' id='word_1_15' title='bbox 2364 676 2549 737; x_wconf 90' lang='lat' dir='ltr'>supe·</span> 
     </span>
     <span class='ocr_line' id='line_1_3' title="bbox 248 761 2109 845; baseline -0.001 -19"><span class='ocrx_word' id='word_1_16' title='bbox 248 764 515 827; x_wconf 87' lang='lat' dir='ltr'>rioribus</span> <span class='ocrx_word' id='word_1_17' title='bbox 569 764 801 845; x_wconf 89' lang='lat' dir='ltr'>quippe</span> <span class='ocrx_word' id='word_1_18' title='bbox 851 763 1196 844; x_wconf 78' lang='lat' dir='ltr'><strong>scripturae</strong></span> <span class='ocrx_word' id='word_1_19' title='bbox 1244 762 1401 826; x_wconf 89' lang='lat' dir='ltr'>locis</span> <span class='ocrx_word' id='word_1_20' title='bbox 1450 761 1640 825; x_wconf 91' lang='lat' dir='ltr'>deum</span> <span class='ocrx_word' id='word_1_21' title='bbox 1686 762 2109 825; x_wconf 80' lang='lat' dir='ltr'><strong>nominabant.</strong></span> 
     </span>
     <span class='ocr_line' id='line_1_4' title="bbox 332 867 2547 951; baseline 0.001 -19"><span class='ocrx_word' id='word_1_22' title='bbox 332 870 523 934; x_wconf 84' lang='lat' dir='ltr'>XCV.</span> <span class='ocrx_word' id='word_1_23' title='bbox 578 870 747 949; x_wconf 81' lang='lat' dir='ltr'>Quid</span> <span class='ocrx_word' id='word_1_24' title='bbox 786 872 885 933; x_wconf 87' lang='lat' dir='ltr'>est</span> <span class='ocrx_word' id='word_1_25' title='bbox 922 869 1090 951; x_wconf 90' lang='lat' dir='ltr'>quod</span> <span class='ocrx_word' id='word_1_26' title='bbox 1129 869 1285 933; x_wconf 89' lang='lat' dir='ltr'>dicit</span> <span class='ocrx_word' id='word_1_27' title='bbox 1321 867 1509 931; x_wconf 81' lang='lat' dir='ltr'>Iacob</span> <span class='ocrx_word' id='word_1_28' title='bbox 1554 888 1766 933; x_wconf 91' lang='lat' dir='ltr'>socero</span> <span class='ocrx_word' id='word_1_29' title='bbox 1808 888 1959 932; x_wconf 87' lang='lat' dir='ltr'>suo:</span> <span class='ocrx_word' id='word_1_30' title='bbox 2009 872 2085 931; x_wconf 93' lang='lat' dir='ltr'>et</span> <span class='ocrx_word' id='word_1_31' title='bbox 2133 869 2547 950; x_wconf 75' lang='lat' dir='ltr'>decepisti</span> 
     </span>
     <span class='ocr_line' id='line_1_5' title="bbox 248 976 2551 1059; baseline 0 -19"><span class='ocrx_word' id='word_1_32' title='bbox 248 977 693 1041; x_wconf 80' lang='lat' dir='ltr'>mercedem</span> <span class='ocrx_word' id='word_1_33' title='bbox 742 996 988 1040; x_wconf 90' lang='lat' dir='ltr'>meam</span> <span class='ocrx_word' id='word_1_34' title='bbox 1039 976 1308 1040; x_wconf 88' lang='lat' dir='ltr'>decem</span> <span class='ocrx_word' id='word_1_35' title='bbox 1359 976 1769 1059; x_wconf 76' lang='lat' dir='ltr'>agnabus?</span> <span class='ocrx_word' id='word_1_36' title='bbox 1819 976 1937 1039; x_wconf 90' lang='lat' dir='ltr'>hoc</span> <span class='ocrx_word' id='word_1_37' title='bbox 1977 977 2142 1040; x_wconf 90' lang='lat' dir='ltr'>enim</span> <span class='ocrx_word' id='word_1_38' title='bbox 2190 977 2436 1058; x_wconf 89' lang='lat' dir='ltr'>quando</span> <span class='ocrx_word' id='word_1_39' title='bbox 2488 981 2551 1040; x_wconf 92' lang='lat' dir='ltr'>et</span> 
     </span>
     <span class='ocr_line' id='line_1_6' title="bbox 192 1083 2548 1164; baseline 0 -18"><span class='ocrx_word' id='word_1_40' title='bbox 192 1105 215 1145; x_wconf 83' lang='lat'>5</span> <span class='ocrx_word' id='word_1_41' title='bbox 251 1084 563 1164; x_wconf 88' lang='lat' dir='ltr'>quomodo</span> <span class='ocrx_word' id='word_1_42' title='bbox 612 1085 853 1148; x_wconf 87' lang='lat' dir='ltr'>factum</span> <span class='ocrx_word' id='word_1_43' title='bbox 903 1085 1005 1159; x_wconf 87' lang='lat' dir='ltr'>sit,</span> <span class='ocrx_word' id='word_1_44' title='bbox 1057 1084 1367 1164; x_wconf 86' lang='lat' dir='ltr'>scriptura</span> <span class='ocrx_word' id='word_1_45' title='bbox 1413 1102 1537 1147; x_wconf 90' lang='lat' dir='ltr'>non</span> <span class='ocrx_word' id='word_1_46' title='bbox 1584 1086 1823 1157; x_wconf 86' lang='lat' dir='ltr'>narrat;</span> <span class='ocrx_word' id='word_1_47' title='bbox 1884 1083 1997 1146; x_wconf 90' lang='lat' dir='ltr'>sed</span> <span class='ocrx_word' id='word_1_48' title='bbox 2041 1084 2261 1164; x_wconf 90' lang='lat' dir='ltr'>utique</span> <span class='ocrx_word' id='word_1_49' title='bbox 2308 1084 2548 1148; x_wconf 87' lang='lat' dir='ltr'>factum</span> 
     </span>
     <span class='ocr_line' id='line_1_7' title="bbox 247 1189 2547 1272; baseline -0 -18"><span class='ocrx_word' id='word_1_50' title='bbox 247 1195 339 1254; x_wconf 87' lang='lat' dir='ltr'>est</span> <span class='ocrx_word' id='word_1_51' title='bbox 384 1191 559 1272; x_wconf 88' lang='lat' dir='ltr'>quod</span> <span class='ocrx_word' id='word_1_52' title='bbox 605 1190 728 1254; x_wconf 89' lang='lat' dir='ltr'>iste</span> <span class='ocrx_word' id='word_1_53' title='bbox 779 1192 1249 1253; x_wconf 70' lang='lat' dir='ltr'>commemorat.</span> <span class='ocrx_word' id='word_1_54' title='bbox 1326 1209 1474 1254; x_wconf 89' lang='lat' dir='ltr'>nam</span> <span class='ocrx_word' id='word_1_55' title='bbox 1533 1189 1690 1253; x_wconf 83' lang='lat' dir='ltr'>dixit</span> <span class='ocrx_word' id='word_1_56' title='bbox 1744 1190 1865 1253; x_wconf 88' lang='lat' dir='ltr'>hoc</span> <span class='ocrx_word' id='word_1_57' title='bbox 1922 1192 1986 1253; x_wconf 89' lang='lat' dir='ltr'>et</span> <span class='ocrx_word' id='word_1_58' title='bbox 2041 1190 2341 1253; x_wconf 77' lang='lat' dir='ltr'>uxoribus</span> <span class='ocrx_word' id='word_1_59' title='bbox 2391 1190 2547 1265; x_wconf 88' lang='lat' dir='ltr'>suis,</span> 
     </span>
     <span class='ocr_line' id='line_1_8' title="bbox 192 1296 2548 1378; baseline 0 -19"><span class='ocrx_word' id='word_1_60' title='bbox 192 1343 200 1351; x_wconf 90' lang='lat'>.</span> <span class='ocrx_word' id='word_1_61' title='bbox 249 1296 489 1378; x_wconf 86' lang='lat' dir='ltr'>quando</span> <span class='ocrx_word' id='word_1_62' title='bbox 552 1315 659 1360; x_wconf 87' lang='lat' dir='ltr'>eas</span> <span class='ocrx_word' id='word_1_63' title='bbox 716 1296 976 1360; x_wconf 90' lang='lat' dir='ltr'>uocauit</span> <span class='ocrx_word' id='word_1_64' title='bbox 1031 1296 1094 1360; x_wconf 93' lang='lat' dir='ltr'>in</span> <span class='ocrx_word' id='word_1_65' title='bbox 1152 1315 1464 1378; x_wconf 88' lang='lat' dir='ltr'>campum.</span> <span class='ocrx_word' id='word_1_66' title='bbox 1544 1315 1929 1377; x_wconf 87' lang='lat' dir='ltr'>conquerens</span> <span class='ocrx_word' id='word_1_67' title='bbox 1991 1297 2154 1360; x_wconf 90' lang='lat' dir='ltr'>enim</span> <span class='ocrx_word' id='word_1_68' title='bbox 2232 1296 2306 1359; x_wconf 89' lang='lat' dir='ltr'>de</span> <span class='ocrx_word' id='word_1_69' title='bbox 2372 1300 2548 1377; x_wconf 90' lang='lat' dir='ltr'>patre</span> 
     </span>
     <span class='ocr_line' id='line_1_9' title="bbox 246 1402 2546 1467; baseline 0.001 -2"><span class='ocrx_word' id='word_1_70' title='bbox 246 1404 494 1466; x_wconf 86' lang='lat' dir='ltr'>illarum</span> <span class='ocrx_word' id='word_1_71' title='bbox 555 1404 646 1466; x_wconf 85' lang='lat' dir='ltr'>ait</span> <span class='ocrx_word' id='word_1_72' title='bbox 702 1402 863 1465; x_wconf 89' lang='lat' dir='ltr'>inter</span> <span class='ocrx_word' id='word_1_73' title='bbox 919 1405 1160 1466; x_wconf 86' lang='lat' dir='ltr'>cetera:</span> <span class='ocrx_word' id='word_1_74' title='bbox 1230 1406 1308 1466; x_wconf 92' lang='lat' dir='ltr'>et</span> <span class='ocrx_word' id='word_1_75' title='bbox 1371 1402 1731 1465; x_wconf 88' lang='lat' dir='ltr'>mutauit</span> <span class='ocrx_word' id='word_1_76' title='bbox 1795 1402 2236 1466; x_wconf 88' lang='lat' dir='ltr'>mercedem</span> <span class='ocrx_word' id='word_1_77' title='bbox 2302 1423 2546 1467; x_wconf 90' lang='lat' dir='ltr'>meam</span> 
     </span>
     <span class='ocr_line' id='line_1_10' title="bbox 249 1509 2548 1592; baseline 0 -20"><span class='ocrx_word' id='word_1_78' title='bbox 249 1510 514 1573; x_wconf 85' lang='lat' dir='ltr'>decem</span> <span class='ocrx_word' id='word_1_79' title='bbox 593 1528 998 1592; x_wconf 84' lang='lat' dir='ltr'>agnorum.</span> <span class='ocrx_word' id='word_1_80' title='bbox 1085 1509 1477 1591; x_wconf 84' lang='lat' dir='ltr'>intellegitur</span> <span class='ocrx_word' id='word_1_81' title='bbox 1543 1528 1689 1591; x_wconf 83' lang='lat' dir='ltr'>ergo</span> <span class='ocrx_word' id='word_1_82' title='bbox 1755 1529 1867 1589; x_wconf 89' lang='lat' dir='ltr'>per</span> <span class='ocrx_word' id='word_1_83' title='bbox 1941 1509 2191 1592; x_wconf 85' lang='lat' dir='ltr'>singula</span> <span class='ocrx_word' id='word_1_84' title='bbox 2262 1513 2548 1592; x_wconf 88' lang='lat' dir='ltr'>tempora</span> 
     </span>
     <span class='ocr_line' id='line_1_11' title="bbox 169 1615 2547 1698; baseline 0.001 -22"><span class='ocrx_word' id='word_1_85' title='bbox 169 1641 213 1677; x_wconf 73' lang='grc' dir='ltr'>ιο</span> <span class='ocrx_word' id='word_1_86' title='bbox 245 1622 459 1697; x_wconf 71' lang='lat' dir='ltr'>partus</span> <span class='ocrx_word' id='word_1_87' title='bbox 503 1616 748 1691; x_wconf 81' lang='lat' dir='ltr'>ouium,</span> <span class='ocrx_word' id='word_1_88' title='bbox 799 1635 942 1679; x_wconf 89' lang='lat' dir='ltr'>cum</span> <span class='ocrx_word' id='word_1_89' title='bbox 981 1615 1229 1678; x_wconf 89' lang='lat' dir='ltr'>uideret</span> <span class='ocrx_word' id='word_1_90' title='bbox 1256 1615 1467 1678; x_wconf 83' lang='lat' dir='ltr'>Laban</span> <span class='ocrx_word' id='word_1_91' title='bbox 1506 1616 1668 1679; x_wconf 88' lang='lat' dir='ltr'>tales</span> <span class='ocrx_word' id='word_1_92' title='bbox 1707 1616 1875 1679; x_wconf 88' lang='lat' dir='ltr'>fetus</span> <span class='ocrx_word' id='word_1_93' title='bbox 1917 1635 2055 1678; x_wconf 89' lang='lat' dir='ltr'>esse</span> <span class='ocrx_word' id='word_1_94' title='bbox 2095 1620 2295 1691; x_wconf 84' lang='lat' dir='ltr'>natos,</span> <span class='ocrx_word' id='word_1_95' title='bbox 2329 1617 2547 1698; x_wconf 81' lang='lat' dir='ltr'>quales</span> 
     </span>
     <span class='ocr_line' id='line_1_12' title="bbox 248 1723 2548 1804; baseline 0.002 -21"><span class='ocrx_word' id='word_1_96' title='bbox 248 1723 571 1804; x_wconf 76' lang='lat' dir='ltr'>placuerat</span> <span class='ocrx_word' id='word_1_97' title='bbox 638 1730 710 1788; x_wconf 91' lang='lat' dir='ltr'>ut</span> <span class='ocrx_word' id='word_1_98' title='bbox 759 1724 836 1787; x_wconf 89' lang='lat' dir='ltr'>ad</span> <span class='ocrx_word' id='word_1_99' title='bbox 882 1723 1071 1787; x_wconf 87' lang='lat' dir='ltr'>Iacob</span> <span class='ocrx_word' id='word_1_100' title='bbox 1119 1725 1522 1803; x_wconf 84' lang='lat' dir='ltr'>pertinerent,</span> <span class='ocrx_word' id='word_1_101' title='bbox 1572 1728 1831 1804; x_wconf 88' lang='lat' dir='ltr'>pactum</span> <span class='ocrx_word' id='word_1_102' title='bbox 1879 1723 2097 1787; x_wconf 88' lang='lat' dir='ltr'>fraude</span> <span class='ocrx_word' id='word_1_103' title='bbox 2154 1727 2437 1787; x_wconf 86' lang='lat' dir='ltr'>mutasse</span> <span class='ocrx_word' id='word_1_104' title='bbox 2486 1728 2548 1788; x_wconf 90' lang='lat' dir='ltr'>et</span> 
     </span>
     <span class='ocr_line' id='line_1_13' title="bbox 247 1829 2548 1912; baseline 0.001 -21"><span class='ocrx_word' id='word_1_105' title='bbox 247 1829 497 1906; x_wconf 78' lang='lat' dir='ltr'>dixisse,</span> <span class='ocrx_word' id='word_1_106' title='bbox 548 1836 625 1894; x_wconf 90' lang='lat' dir='ltr'>ut</span> <span class='ocrx_word' id='word_1_107' title='bbox 670 1832 886 1895; x_wconf 83' lang='lat' dir='ltr'>futuro</span> <span class='ocrx_word' id='word_1_108' title='bbox 934 1831 1070 1894; x_wconf 86' lang='lat' dir='ltr'>fetu</span> <span class='ocrx_word' id='word_1_109' title='bbox 1118 1830 1276 1893; x_wconf 88' lang='lat' dir='ltr'>alios</span> <span class='ocrx_word' id='word_1_110' title='bbox 1324 1830 1641 1912; x_wconf 86' lang='lat' dir='ltr'>pecudum</span> <span class='ocrx_word' id='word_1_111' title='bbox 1689 1830 1928 1893; x_wconf 89' lang='lat' dir='ltr'>colores</span> <span class='ocrx_word' id='word_1_112' title='bbox 1977 1830 2235 1894; x_wconf 87' lang='lat' dir='ltr'>haberet</span> <span class='ocrx_word' id='word_1_113' title='bbox 2281 1831 2340 1894; x_wconf 92' lang='lat' dir='ltr'>in</span> <span class='ocrx_word' id='word_1_114' title='bbox 2390 1850 2548 1895; x_wconf 88' lang='lat' dir='ltr'>mer-</span> 
     </span>
     <span class='ocr_line' id='line_1_14' title="bbox 248 1936 2549 2021; baseline 0.001 -22"><span class='ocrx_word' id='word_1_115' title='bbox 248 1936 390 2000; x_wconf 86' lang='lat' dir='ltr'>cede</span> <span class='ocrx_word' id='word_1_116' title='bbox 437 1938 656 2001; x_wconf 86' lang='lat' dir='ltr'>Iacob.</span> <span class='ocrx_word' id='word_1_117' title='bbox 733 1942 882 2002; x_wconf 87' lang='lat' dir='ltr'>tunc.</span> <span class='ocrx_word' id='word_1_118' title='bbox 933 1941 1146 2001; x_wconf 85' lang='lat' dir='ltr'>autem</span> <span class='ocrx_word' id='word_1_119' title='bbox 1194 1937 1301 2000; x_wconf 92' lang='lat' dir='ltr'>ille</span> <span class='ocrx_word' id='word_1_120' title='bbox 1352 1939 1567 2021; x_wconf 83' lang='lat' dir='ltr'>uirgas</span> <span class='ocrx_word' id='word_1_121' title='bbox 1618 1938 1825 2001; x_wconf 86' lang='lat' dir='ltr'>uarias</span> <span class='ocrx_word' id='word_1_122' title='bbox 1874 1957 1995 2000; x_wconf 90' lang='lat' dir='ltr'>non</span> <span class='ocrx_word' id='word_1_123' title='bbox 2045 1937 2440 2019; x_wconf 89' lang='lat' dir='ltr'>subponebat</span> <span class='ocrx_word' id='word_1_124' title='bbox 2485 1942 2549 2001; x_wconf 88' lang='lat' dir='ltr'>et</span> 
     </span>
     <span class='ocr_line' id='line_1_15' title="bbox 247 2042 2544 2124; baseline 0 -19"><span class='ocrx_word' id='word_1_125' title='bbox 247 2062 358 2106; x_wconf 86' lang='lat' dir='ltr'>non</span> <span class='ocrx_word' id='word_1_126' title='bbox 418 2043 845 2107; x_wconf 86' lang='lat' dir='ltr'>nascebantur</span> <span class='ocrx_word' id='word_1_127' title='bbox 889 2042 1071 2117; x_wconf 87' lang='lat' dir='ltr'>uarii,</span> <span class='ocrx_word' id='word_1_128' title='bbox 1121 2043 1232 2107; x_wconf 90' lang='lat' dir='ltr'>sed</span> <span class='ocrx_word' id='word_1_129' title='bbox 1279 2044 1468 2107; x_wconf 91' lang='lat' dir='ltr'>unius</span> <span class='ocrx_word' id='word_1_130' title='bbox 1517 2042 1768 2118; x_wconf 89' lang='lat' dir='ltr'>coloris,</span> <span class='ocrx_word' id='word_1_131' title='bbox 1821 2061 1980 2124; x_wconf 88' lang='lat' dir='ltr'>quae</span> <span class='ocrx_word' id='word_1_132' title='bbox 2031 2043 2215 2107; x_wconf 89' lang='lat' dir='ltr'>Iacob</span> <span class='ocrx_word' id='word_1_133' title='bbox 2264 2063 2333 2107; x_wconf 83' lang='lat' dir='ltr'>ex</span> <span class='ocrx_word' id='word_1_134' title='bbox 2382 2063 2544 2108; x_wconf 90' lang='lat' dir='ltr'>nouo</span> 
     </span>
     <span class='ocr_line' id='line_1_16' title="bbox 168 2150 2546 2232; baseline 0.002 -23"><span class='ocrx_word' id='word_1_135' title='bbox 168 2172 212 2210; x_wconf 66' lang='grc' dir='ltr'>ιε</span> <span class='ocrx_word' id='word_1_136' title='bbox 244 2156 423 2230; x_wconf 87' lang='lat' dir='ltr'>pacto</span> <span class='ocrx_word' id='word_1_137' title='bbox 494 2151 843 2214; x_wconf 85' lang='lat' dir='ltr'>auferebat.</span> <span class='ocrx_word' id='word_1_138' title='bbox 922 2150 1091 2231; x_wconf 91' lang='lat' dir='ltr'>quod</span> <span class='ocrx_word' id='word_1_139' title='bbox 1156 2169 1301 2213; x_wconf 89' lang='lat' dir='ltr'>cum</span> <span class='ocrx_word' id='word_1_140' title='bbox 1366 2150 1641 2214; x_wconf 87' lang='lat' dir='ltr'>uidisset</span> <span class='ocrx_word' id='word_1_141' title='bbox 1705 2150 1935 2225; x_wconf 87' lang='lat' dir='ltr'>Laban,</span> <span class='ocrx_word' id='word_1_142' title='bbox 2006 2170 2225 2213; x_wconf 91' lang='lat' dir='ltr'>rursus</span> <span class='ocrx_word' id='word_1_143' title='bbox 2291 2154 2546 2232; x_wconf 86' lang='lat' dir='ltr'>pactum</span> 
     </span>
     <span class='ocr_line' id='line_1_17' title="bbox 244 2254 2546 2337; baseline 0.001 -21"><span class='ocrx_word' id='word_1_144' title='bbox 244 2254 459 2317; x_wconf 87' lang='lat' dir='ltr'>fraude</span> <span class='ocrx_word' id='word_1_145' title='bbox 518 2255 831 2328; x_wconf 83' lang='lat' dir='ltr'>mutabat,</span> <span class='ocrx_word' id='word_1_146' title='bbox 890 2258 964 2317; x_wconf 88' lang='lat' dir='ltr'>ut</span> <span class='ocrx_word' id='word_1_147' title='bbox 1020 2254 1099 2317; x_wconf 84' lang='lat' dir='ltr'>ad</span> <span class='ocrx_word' id='word_1_148' title='bbox 1153 2255 1342 2318; x_wconf 86' lang='lat' dir='ltr'>Iacob</span> <span class='ocrx_word' id='word_1_149' title='bbox 1402 2255 1579 2318; x_wconf 86' lang='lat' dir='ltr'>uaria</span> <span class='ocrx_word' id='word_1_150' title='bbox 1623 2255 2036 2337; x_wconf 88' lang='lat' dir='ltr'>pertinerent;</span> <span class='ocrx_word' id='word_1_151' title='bbox 2095 2258 2246 2317; x_wconf 88' lang='lat' dir='ltr'>tunc</span> <span class='ocrx_word' id='word_1_152' title='bbox 2295 2254 2546 2319; x_wconf 87' lang='lat' dir='ltr'>illarum</span> 
     </span>
     <span class='ocr_line' id='line_1_18' title="bbox 246 2360 2544 2445; baseline 0.002 -23"><span class='ocrx_word' id='word_1_153' title='bbox 246 2361 684 2441; x_wconf 87' lang='lat' dir='ltr'>subpositione</span> <span class='ocrx_word' id='word_1_154' title='bbox 735 2360 1061 2445; x_wconf 89' lang='lat' dir='ltr'>uirgarum</span> <span class='ocrx_word' id='word_1_155' title='bbox 1109 2362 1287 2424; x_wconf 88' lang='lat' dir='ltr'>uaria</span> <span class='ocrx_word' id='word_1_156' title='bbox 1332 2361 1766 2425; x_wconf 85' lang='lat' dir='ltr'>nascebantur.</span> <span class='ocrx_word' id='word_1_157' title='bbox 1818 2380 1964 2444; x_wconf 87' lang='lat' dir='ltr'>ergo</span> <span class='ocrx_word' id='word_1_158' title='bbox 2016 2362 2182 2442; x_wconf 90' lang='lat' dir='ltr'>quod</span> <span class='ocrx_word' id='word_1_159' title='bbox 2232 2362 2321 2425; x_wconf 85' lang='lat' dir='ltr'>ait</span> <span class='ocrx_word' id='word_1_160' title='bbox 2355 2362 2544 2427; x_wconf 88' lang='lat' dir='ltr'>Iacob</span> 
     </span>
     <span class='ocr_line' id='line_1_19' title="bbox 245 2467 2545 2552; baseline 0.002 -23"><span class='ocrx_word' id='word_1_161' title='bbox 245 2467 547 2532; x_wconf 78' lang='lat' dir='ltr'>uxoribus</span> <span class='ocrx_word' id='word_1_162' title='bbox 599 2468 767 2532; x_wconf 86' lang='lat' dir='ltr'>suis:</span> <span class='ocrx_word' id='word_1_163' title='bbox 818 2468 1176 2532; x_wconf 90' lang='lat' dir='ltr'>mutauit</span> <span class='ocrx_word' id='word_1_164' title='bbox 1221 2468 1666 2532; x_wconf 88' lang='lat' dir='ltr'>mercedem</span> <span class='ocrx_word' id='word_1_165' title='bbox 1712 2487 1954 2532; x_wconf 84' lang='lat' dir='ltr'>meam</span> <span class='ocrx_word' id='word_1_166' title='bbox 2005 2467 2272 2532; x_wconf 86' lang='lat' dir='ltr'>decem</span> <span class='ocrx_word' id='word_1_167' title='bbox 2320 2488 2545 2552; x_wconf 89' lang='lat' dir='ltr'>agno-</span> 
     </span>
     <span class='ocr_line' id='line_1_20' title="bbox 246 2574 2542 2656; baseline 0.002 -20"><span class='ocrx_word' id='word_1_168' title='bbox 246 2594 435 2648; x_wconf 89' lang='lat' dir='ltr'>rum,</span> <span class='ocrx_word' id='word_1_169' title='bbox 488 2578 558 2637; x_wconf 89' lang='lat' dir='ltr'>et</span> <span class='ocrx_word' id='word_1_170' title='bbox 602 2577 828 2656; x_wconf 88' lang='lat' dir='ltr'>postea</span> <span class='ocrx_word' id='word_1_171' title='bbox 875 2575 999 2656; x_wconf 89' lang='lat' dir='ltr'>ipsi</span> <span class='ocrx_word' id='word_1_172' title='bbox 1047 2574 1290 2637; x_wconf 85' lang='lat' dir='ltr'>Laban:</span> <span class='ocrx_word' id='word_1_173' title='bbox 1342 2575 1758 2654; x_wconf 78' lang='lat' dir='ltr'>decepisti</span> <span class='ocrx_word' id='word_1_174' title='bbox 1810 2576 2250 2639; x_wconf 83' lang='lat' dir='ltr'>mercedem</span> <span class='ocrx_word' id='word_1_175' title='bbox 2298 2596 2542 2641; x_wconf 88' lang='lat' dir='ltr'>meam</span> 
     </span>
     <span class='ocr_line' id='line_1_21' title="bbox 165 2679 2543 2763; baseline 0.001 -22"><span class='ocrx_word' id='word_1_176' title='bbox 165 2704 212 2743; x_wconf 78' lang='lat'>20</span> <span class='ocrx_word' id='word_1_177' title='bbox 247 2679 514 2745; x_wconf 88' lang='lat' dir='ltr'>decem</span> <span class='ocrx_word' id='word_1_178' title='bbox 566 2682 949 2763; x_wconf 86' lang='lat' dir='ltr'>agnabus,</span> <span class='ocrx_word' id='word_1_179' title='bbox 990 2700 1111 2744; x_wconf 89' lang='lat' dir='ltr'>non</span> <span class='ocrx_word' id='word_1_180' title='bbox 1160 2682 1249 2744; x_wconf 88' lang='lat' dir='ltr'>ita</span> <span class='ocrx_word' id='word_1_181' title='bbox 1298 2681 1472 2756; x_wconf 79' lang='lat' dir='ltr'>dixit,</span> <span class='ocrx_word' id='word_1_182' title='bbox 1523 2682 1704 2762; x_wconf 88' lang='lat' dir='ltr'>quasi</span> <span class='ocrx_word' id='word_1_183' title='bbox 1749 2683 2112 2763; x_wconf 89' lang='lat' dir='ltr'>prouenerit</span> <span class='ocrx_word' id='word_1_184' title='bbox 2150 2701 2365 2747; x_wconf 88' lang='lat' dir='ltr'>socero</span> <span class='ocrx_word' id='word_1_185' title='bbox 2404 2683 2543 2745; x_wconf 86' lang='lat' dir='ltr'>eius</span> 
     </span>
     <span class='ocr_line' id='line_1_22' title="bbox 246 2788 2544 2869; baseline 0.001 -19"><span class='ocrx_word' id='word_1_186' title='bbox 246 2788 379 2867; x_wconf 87' lang='lat' dir='ltr'>ipsa</span> <span class='ocrx_word' id='word_1_187' title='bbox 434 2788 650 2862; x_wconf 85' lang='lat' dir='ltr'>fraus;</span> <span class='ocrx_word' id='word_1_188' title='bbox 717 2791 790 2851; x_wconf 89' lang='lat' dir='ltr'>ut</span> <span class='ocrx_word' id='word_1_189' title='bbox 848 2788 1012 2851; x_wconf 91' lang='lat' dir='ltr'>enim</span> <span class='ocrx_word' id='word_1_190' title='bbox 1070 2806 1188 2851; x_wconf 90' lang='lat' dir='ltr'>non</span> <span class='ocrx_word' id='word_1_191' title='bbox 1250 2788 1306 2850; x_wconf 91' lang='lat' dir='ltr'>ei</span> <span class='ocrx_word' id='word_1_192' title='bbox 1361 2788 1744 2869; x_wconf 88' lang='lat' dir='ltr'>proueniret,</span> <span class='ocrx_word' id='word_1_193' title='bbox 1805 2789 1993 2852; x_wconf 89' lang='lat' dir='ltr'>deum</span> <span class='ocrx_word' id='word_1_194' title='bbox 2051 2789 2172 2851; x_wconf 90' lang='lat' dir='ltr'>sibi</span> <span class='ocrx_word' id='word_1_195' title='bbox 2229 2789 2384 2852; x_wconf 88' lang='lat' dir='ltr'>dixit</span> <span class='ocrx_word' id='word_1_196' title='bbox 2441 2788 2544 2853; x_wconf 89' lang='lat' dir='ltr'>ad-</span> 
     </span>
     <span class='ocr_line' id='line_1_23' title="bbox 247 2894 2542 2978; baseline 0.001 -22"><span class='ocrx_word' id='word_1_197' title='bbox 247 2913 467 2958; x_wconf 86' lang='lat' dir='ltr'>uersus</span> <span class='ocrx_word' id='word_1_198' title='bbox 528 2894 714 2957; x_wconf 88' lang='lat' dir='ltr'>illum</span> <span class='ocrx_word' id='word_1_199' title='bbox 772 2894 1084 2968; x_wconf 79' lang='lat' dir='ltr'>adfuisse3</span> <span class='ocrx_word' id='word_1_200' title='bbox 1153 2895 1369 2958; x_wconf 88' lang='lat' dir='ltr'>decem</span> <span class='ocrx_word' id='word_1_201' title='bbox 1436 2914 1587 2958; x_wconf 89' lang='lat' dir='ltr'>uero</span> <span class='ocrx_word' id='word_1_202' title='bbox 1657 2915 1850 2978; x_wconf 88' lang='lat' dir='ltr'>agnos</span> <span class='ocrx_word' id='word_1_203' title='bbox 1916 2895 2022 2958; x_wconf 89' lang='lat' dir='ltr'>uel</span> <span class='ocrx_word' id='word_1_204' title='bbox 2079 2895 2294 2959; x_wconf 89' lang='lat' dir='ltr'>decem</span> <span class='ocrx_word' id='word_1_205' title='bbox 2352 2914 2542 2978; x_wconf 83' lang='lat' dir='ltr'>agnas</span> 
     </span>
     <span class='ocr_line' id='line_1_24' title="bbox 243 2999 2546 3084; baseline 0.002 -23"><span class='ocrx_word' id='word_1_206' title='bbox 243 3018 351 3078; x_wconf 88' lang='lat' dir='ltr'>pro</span> <span class='ocrx_word' id='word_1_207' title='bbox 400 2999 625 3063; x_wconf 87' lang='lat' dir='ltr'>decem</span> <span class='ocrx_word' id='word_1_208' title='bbox 671 3000 1063 3081; x_wconf 88' lang='lat' dir='ltr'>temporibus</span> <span class='ocrx_word' id='word_1_209' title='bbox 1120 3001 1355 3082; x_wconf 82' lang='lat' dir='ltr'>posuit,</span> <span class='ocrx_word' id='word_1_210' title='bbox 1406 3001 1637 3081; x_wconf 88' lang='lat' dir='ltr'>quibus</span> <span class='ocrx_word' id='word_1_211' title='bbox 1687 3021 1840 3064; x_wconf 87' lang='lat' dir='ltr'>oues</span> <span class='ocrx_word' id='word_1_212' title='bbox 1889 3021 2044 3082; x_wconf 86' lang='lat' dir='ltr'>quas</span> <span class='ocrx_word' id='word_1_213' title='bbox 2091 3002 2391 3084; x_wconf 83' lang='lat' dir='ltr'>pascebat</span> <span class='ocrx_word' id='word_1_214' title='bbox 2434 3021 2546 3083; x_wconf 91' lang='lat' dir='ltr'>per</span> 
     </span>
     <span class='ocr_line' id='line_1_25' title="bbox 246 3107 2545 3191; baseline 0.002 -25"><span class='ocrx_word' id='word_1_215' title='bbox 246 3107 614 3170; x_wconf 75' lang='lat' dir='ltr'>sexennium</span> <span class='ocrx_word' id='word_1_216' title='bbox 644 3110 1038 3188; x_wconf 87' lang='lat' dir='ltr'>pepererunt.</span> <span class='ocrx_word' id='word_1_217' title='bbox 1080 3107 1179 3170; x_wconf 90' lang='lat' dir='ltr'>bis</span> <span class='ocrx_word' id='word_1_218' title='bbox 1220 3107 1451 3188; x_wconf 87' lang='lat' dir='ltr'>quippe</span> <span class='ocrx_word' id='word_1_219' title='bbox 1490 3108 1820 3187; x_wconf 88' lang='lat' dir='ltr'>pariebant</span> <span class='ocrx_word' id='word_1_220' title='bbox 1855 3108 1917 3171; x_wconf 93' lang='lat' dir='ltr'>in</span> <span class='ocrx_word' id='word_1_221' title='bbox 1968 3127 2146 3172; x_wconf 80' lang='lat' dir='ltr'>anno,</span> <span class='ocrx_word' id='word_1_222' title='bbox 2197 3109 2545 3191; x_wconf 87' lang='lat' dir='ltr'>contigerat</span> 
     </span>
     <span class='ocr_line' id='line_1_26' title="bbox 166 3212 2541 3297; baseline 0 -21"><span class='ocrx_word' id='word_1_223' title='bbox 166 3219 476 3285; x_wconf 67' lang='lat' dir='ltr'>esautem,</span> <span class='ocrx_word' id='word_1_224' title='bbox 547 3217 622 3276; x_wconf 89' lang='lat' dir='ltr'>ut</span> <span class='ocrx_word' id='word_1_225' title='bbox 677 3213 878 3294; x_wconf 87' lang='lat' dir='ltr'>primo</span> <span class='ocrx_word' id='word_1_226' title='bbox 948 3233 1129 3289; x_wconf 87' lang='lat' dir='ltr'>ann0,</span> <span class='ocrx_word' id='word_1_227' title='bbox 1199 3232 1323 3294; x_wconf 88' lang='lat' dir='ltr'>quo</span> <span class='ocrx_word' id='word_1_228' title='bbox 1388 3212 1552 3277; x_wconf 88' lang='lat' dir='ltr'>inter</span> <span class='ocrx_word' id='word_1_229' title='bbox 1618 3233 1684 3278; x_wconf 88' lang='lat' dir='ltr'>se</span> <span class='ocrx_word' id='word_1_230' title='bbox 1751 3215 1921 3297; x_wconf 87' lang='lat' dir='ltr'>pacti</span> <span class='ocrx_word' id='word_1_231' title='bbox 1980 3218 2128 3278; x_wconf 91' lang='lat' dir='ltr'>sunt</span> <span class='ocrx_word' id='word_1_232' title='bbox 2184 3218 2247 3278; x_wconf 90' lang='lat' dir='ltr'>et</span> <span class='ocrx_word' id='word_1_233' title='bbox 2301 3214 2377 3277; x_wconf 89' lang='lat' dir='ltr'>ad</span> <span class='ocrx_word' id='word_1_234' title='bbox 2436 3234 2541 3278; x_wconf 84' lang='lat' dir='ltr'>eas</span> 
     </span>
     <span class='ocr_line' id='line_1_27' title="bbox 244 3319 2540 3404; baseline 0.001 -22"><span class='ocrx_word' id='word_1_235' title='bbox 244 3320 594 3400; x_wconf 86' lang='lat' dir='ltr'>pascendas</span> <span class='ocrx_word' id='word_1_236' title='bbox 641 3319 873 3400; x_wconf 87' lang='lat' dir='ltr'>placito</span> <span class='ocrx_word' id='word_1_237' title='bbox 921 3320 1113 3384; x_wconf 89' lang='lat' dir='ltr'>huius</span> <span class='ocrx_word' id='word_1_238' title='bbox 1171 3320 1479 3383; x_wconf 84' lang='lat' dir='ltr'>mercedis</span> <span class='ocrx_word' id='word_1_239' title='bbox 1538 3322 1825 3398; x_wconf 86' lang='lat' dir='ltr'>accessit,</span> <span class='ocrx_word' id='word_1_240' title='bbox 1883 3323 2078 3385; x_wconf 88' lang='lat' dir='ltr'>semel</span> <span class='ocrx_word' id='word_1_241' title='bbox 2133 3325 2424 3404; x_wconf 88' lang='lat' dir='ltr'>parerent</span> <span class='ocrx_word' id='word_1_242' title='bbox 2478 3322 2540 3385; x_wconf 87' lang='lat' dir='ltr'>in</span> 
     </span>
     <span class='ocr_line' id='line_1_28' title="bbox 245 3425 2543 3510; baseline 0.002 -23"><span class='ocrx_word' id='word_1_243' title='bbox 245 3425 361 3489; x_wconf 84' lang='lat' dir='ltr'>fine</span> <span class='ocrx_word' id='word_1_244' title='bbox 410 3426 578 3500; x_wconf 89' lang='lat' dir='ltr'>anni,</span> <span class='ocrx_word' id='word_1_245' title='bbox 619 3426 767 3508; x_wconf 90' lang='lat' dir='ltr'>quia</span> <span class='ocrx_word' id='word_1_246' title='bbox 815 3445 959 3490; x_wconf 90' lang='lat' dir='ltr'>cum</span> <span class='ocrx_word' id='word_1_247' title='bbox 1008 3427 1298 3501; x_wconf 84' lang='lat' dir='ltr'>accessit,</span> <span class='ocrx_word' id='word_1_248' title='bbox 1347 3426 1475 3490; x_wconf 88' lang='lat' dir='ltr'>iam</span> <span class='ocrx_word' id='word_1_249' title='bbox 1523 3428 1719 3490; x_wconf 89' lang='lat' dir='ltr'>semel</span> <span class='ocrx_word' id='word_1_250' title='bbox 1764 3432 2154 3510; x_wconf 86' lang='lat' dir='ltr'>pepererant,</span> <span class='ocrx_word' id='word_1_251' title='bbox 2194 3447 2543 3509; x_wconf 89' lang='lat' dir='ltr'>rursusque</span> 
     </span>
     <span class='ocr_line' id='line_1_29' title="bbox 248 3532 2540 3617; baseline 0.002 -23"><span class='ocrx_word' id='word_1_252' title='bbox 248 3539 416 3596; x_wconf 82' lang='lat' dir='ltr'>sexto</span> <span class='ocrx_word' id='word_1_253' title='bbox 469 3551 650 3606; x_wconf 88' lang='lat' dir='ltr'>ann0,</span> <span class='ocrx_word' id='word_1_254' title='bbox 700 3532 764 3597; x_wconf 91' lang='lat' dir='ltr'>id</span> <span class='ocrx_word' id='word_1_255' title='bbox 811 3535 909 3596; x_wconf 89' lang='lat' dir='ltr'>est</span> <span class='ocrx_word' id='word_1_256' title='bbox 956 3533 1202 3608; x_wconf 87' lang='lat' dir='ltr'>ultimo,</span> <span class='ocrx_word' id='word_1_257' title='bbox 1253 3552 1398 3596; x_wconf 88' lang='lat' dir='ltr'>cum</span> <span class='ocrx_word' id='word_1_258' title='bbox 1456 3535 1652 3597; x_wconf 91' lang='lat' dir='ltr'>semel</span> <span class='ocrx_word' id='word_1_259' title='bbox 1707 3536 2122 3617; x_wconf 85' lang='lat' dir='ltr'>peperissent,</span> <span class='ocrx_word' id='word_1_260' title='bbox 2182 3540 2391 3598; x_wconf 85' lang='lat' dir='ltr'>exorta</span> <span class='ocrx_word' id='word_1_261' title='bbox 2438 3554 2540 3598; x_wconf 89' lang='lat' dir='ltr'>ne-</span> 
     </span>
     <span class='ocr_line' id='line_1_30' title="bbox 249 3639 2538 3723; baseline 0.001 -23"><span class='ocrx_word' id='word_1_262' title='bbox 249 3639 544 3702; x_wconf 84' lang='lat' dir='ltr'>cessitate</span> <span class='ocrx_word' id='word_1_263' title='bbox 609 3639 1015 3722; x_wconf 84' lang='lat' dir='ltr'>profectionis</span> <span class='ocrx_word' id='word_1_264' title='bbox 1070 3640 1246 3723; x_wconf 89' lang='lat' dir='ltr'>prius</span> <span class='ocrx_word' id='word_1_265' title='bbox 1321 3641 1640 3704; x_wconf 89' lang='lat' dir='ltr'>recederet</span> <span class='ocrx_word' id='word_1_266' title='bbox 1694 3659 1882 3721; x_wconf 88' lang='lat' dir='ltr'>quam</span> <span class='ocrx_word' id='word_1_267' title='bbox 1938 3640 2167 3703; x_wconf 89' lang='lat' dir='ltr'>iterum</span> <span class='ocrx_word' id='word_1_268' title='bbox 2231 3645 2538 3721; x_wconf 87' lang='lat' dir='ltr'>parerent.</span> 
     </span>
     <span class='ocr_line' id='line_1_31' title="bbox 168 3746 2538 3827; baseline -0.001 -16"><span class='ocrx_word' id='word_1_269' title='bbox 168 3763 315 3811; x_wconf 67' lang='lat' dir='ltr'>acac</span> <span class='ocrx_word' id='word_1_270' title='bbox 380 3765 494 3826; x_wconf 84' lang='lat' dir='ltr'>per</span> <span class='ocrx_word' id='word_1_271' title='bbox 557 3746 676 3809; x_wconf 88' lang='lat' dir='ltr'>hoc</span> <span class='ocrx_word' id='word_1_272' title='bbox 746 3764 889 3810; x_wconf 88' lang='lat' dir='ltr'>cum</span> <span class='ocrx_word' id='word_1_273' title='bbox 954 3747 1197 3827; x_wconf 89' lang='lat' dir='ltr'>primus</span> <span class='ocrx_word' id='word_1_274' title='bbox 1266 3766 1464 3810; x_wconf 89' lang='lat' dir='ltr'>annus</span> <span class='ocrx_word' id='word_1_275' title='bbox 1530 3750 1717 3826; x_wconf 86' lang='lat' dir='ltr'>atque</span> <span class='ocrx_word' id='word_1_276' title='bbox 1776 3746 2040 3810; x_wconf 88' lang='lat' dir='ltr'>ultimus</span> <span class='ocrx_word' id='word_1_277' title='bbox 2100 3747 2259 3810; x_wconf 91' lang='lat' dir='ltr'>duos</span> <span class='ocrx_word' id='word_1_278' title='bbox 2323 3747 2538 3809; x_wconf 90' lang='lat' dir='ltr'>ouium</span> 
     </span>
    </p>
   </div>
   <div class='ocr_carea' id='block_1_3' title="bbox 424 3970 2216 4037">
    <p class='ocr_par' dir='ltr' id='par_1_3' title="bbox 424 3970 2216 4037">
     <span class='ocr_line' id='line_1_32' title="bbox 424 3970 2216 4037; baseline 0 -13"><span class='ocrx_word' id='word_1_279' title='bbox 424 3971 457 4024; x_wconf 89' lang='lat'><strong>3</strong></span> <span class='ocrx_word' id='word_1_280' title='bbox 499 3971 630 4027; x_wconf 83' lang='lat' dir='ltr'>Gen.</span> <span class='ocrx_word' id='word_1_281' title='bbox 670 3972 755 4034; x_wconf 88' lang='lat'>31,</span> <span class='ocrx_word' id='word_1_282' title='bbox 793 3974 857 4025; x_wconf 86' lang='lat'>41</span> <span class='ocrx_word' id='word_1_283' title='bbox 970 3973 1005 4026; x_wconf 86' lang='lat'>8</span> <span class='ocrx_word' id='word_1_284' title='bbox 1044 3972 1176 4026; x_wconf 84' lang='lat' dir='ltr'>Gen.</span> <span class='ocrx_word' id='word_1_285' title='bbox 1216 3975 1302 4036; x_wconf 91' lang='lat'>31,</span> <span class='ocrx_word' id='word_1_286' title='bbox 1344 3974 1373 4026; x_wconf 86' lang='lat'><strong>7</strong></span> <span class='ocrx_word' id='word_1_287' title='bbox 1487 3974 1555 4026; x_wconf 87' lang='lat'>10</span> <span class='ocrx_word' id='word_1_288' title='bbox 1594 3971 1660 4025; x_wconf 84' lang='lat' dir='ltr'>cf.</span> <span class='ocrx_word' id='word_1_289' title='bbox 1702 3970 1834 4025; x_wconf 87' lang='lat' dir='ltr'>Gen.</span> <span class='ocrx_word' id='word_1_290' title='bbox 1877 3973 1963 4037; x_wconf 87' lang='lat'>30,</span> <span class='ocrx_word' id='word_1_291' title='bbox 2003 3973 2216 4026; x_wconf 83' lang='lat'><strong>37-42</strong></span> 
     </span>
    </p>
   </div>
   <div class='ocr_carea' id='block_1_4' title="bbox 250 4111 2546 4448">
    <p class='ocr_par' dir='ltr' id='par_1_4' title="bbox 250 4111 2546 4448">
     <span class='ocr_line' id='line_1_33' title="bbox 321 4111 2538 4181; baseline 0.001 -17"><span class='ocrx_word' id='word_1_292' title='bbox 321 4114 344 4164; x_wconf 92' lang='lat' dir='ltr'>l</span> <span class='ocrx_word' id='word_1_293' title='bbox 388 4113 539 4180; x_wconf 88' lang='lat' dir='ltr'>prius</span> <span class='ocrx_word' id='word_1_294' title='bbox 577 4112 794 4166; x_wconf 84' lang='lat' dir='ltr'>PS¹Vb</span> <span class='ocrx_word' id='word_1_295' title='bbox 911 4115 948 4166; x_wconf 85' lang='lat'>4</span> <span class='ocrx_word' id='word_1_296' title='bbox 986 4113 1252 4181; x_wconf 83' lang='lat' dir='ltr'>quomodo</span> <span class='ocrx_word' id='word_1_297' title='bbox 1293 4117 1350 4166; x_wconf 85' lang='lat' dir='ltr'>et</span> <span class='ocrx_word' id='word_1_298' title='bbox 1388 4112 1602 4181; x_wconf 85' lang='lat' dir='ltr'>quando</span> <span class='ocrx_word' id='word_1_299' title='bbox 1643 4113 1674 4165; x_wconf 89' lang='lat' dir='ltr'>b</span> <span class='ocrx_word' id='word_1_300' title='bbox 1785 4114 1818 4166; x_wconf 90' lang='grc'>6</span> <span class='ocrx_word' id='word_1_301' title='bbox 1855 4114 1959 4166; x_wconf 80' lang='lat' dir='ltr'>iste</span> <span class='ocrx_word' id='word_1_302' title='bbox 1999 4130 2099 4167; x_wconf 85' lang='lat' dir='ltr'>om.</span> <span class='ocrx_word' id='word_1_303' title='bbox 2141 4111 2188 4166; x_wconf 80' lang='lat' dir='ltr'><strong><em>S</em></strong></span> <span class='ocrx_word' id='word_1_304' title='bbox 2290 4112 2323 4165; x_wconf 89' lang='lat'>8</span> <span class='ocrx_word' id='word_1_305' title='bbox 2362 4115 2538 4167; x_wconf 85' lang='lat' dir='ltr'>muta-</span> 
     </span>
     <span class='ocr_line' id='line_1_34' title="bbox 251 4197 2539 4272; baseline 0.001 -21"><span class='ocrx_word' id='word_1_306' title='bbox 251 4197 329 4251; x_wconf 87' lang='lat' dir='ltr'>bit</span> <span class='ocrx_word' id='word_1_307' title='bbox 363 4200 425 4253; x_wconf 81' lang='lat' dir='ltr'><strong><em>N</em></strong></span> <span class='ocrx_word' id='word_1_308' title='bbox 535 4203 602 4255; x_wconf 87' lang='lat'>10</span> <span class='ocrx_word' id='word_1_309' title='bbox 639 4205 798 4272; x_wconf 83' lang='lat' dir='ltr'>patus</span> <span class='ocrx_word' id='word_1_310' title='bbox 834 4201 903 4255; x_wconf 87' lang='lat' dir='ltr'><strong><em>N</em></strong></span> <span class='ocrx_word' id='word_1_311' title='bbox 1038 4202 1199 4256; x_wconf 84' lang='lat' dir='ltr'>laban</span> <span class='ocrx_word' id='word_1_312' title='bbox 1239 4201 1453 4254; x_wconf 86' lang='lat' dir='ltr'>uideret</span> <span class='ocrx_word' id='word_1_313' title='bbox 1487 4202 1688 4255; x_wconf 87' lang='lat' dir='ltr'>PVTb</span> <span class='ocrx_word' id='word_1_314' title='bbox 1810 4203 1875 4256; x_wconf 82' lang='lat'>12</span> <span class='ocrx_word' id='word_1_315' title='bbox 1919 4203 1998 4270; x_wconf 75' lang='lat' dir='ltr'>ut]</span> <span class='ocrx_word' id='word_1_316' title='bbox 2042 4206 2096 4254; x_wconf 87' lang='lat' dir='ltr'>et</span> <span class='ocrx_word' id='word_1_317' title='bbox 2135 4202 2196 4254; x_wconf 84' lang='lat' dir='ltr'><em>N</em></span> <span class='ocrx_word' id='word_1_318' title='bbox 2308 4202 2370 4254; x_wconf 82' lang='lat'>17</span> <span class='ocrx_word' id='word_1_319' title='bbox 2411 4200 2539 4253; x_wconf 86' lang='lat' dir='ltr'>sub-</span> 
     </span>
     <span class='ocr_line' id='line_1_35' title="bbox 250 4287 2546 4359; baseline 0.001 -20"><span class='ocrx_word' id='word_1_320' title='bbox 250 4289 519 4355; x_wconf 82' lang='lat' dir='ltr'>positione</span> <span class='ocrx_word' id='word_1_321' title='bbox 555 4290 832 4359; x_wconf 82' lang='lat' dir='ltr'>uirgarum</span> <span class='ocrx_word' id='word_1_322' title='bbox 869 4307 971 4345; x_wconf 82' lang='lat' dir='ltr'>om.</span> <span class='ocrx_word' id='word_1_323' title='bbox 1010 4291 1074 4344; x_wconf 88' lang='lat' dir='ltr'><strong><em>N</em></strong></span> <span class='ocrx_word' id='word_1_324' title='bbox 1182 4292 1246 4344; x_wconf 89' lang='lat'>19</span> <span class='ocrx_word' id='word_1_325' title='bbox 1285 4291 1400 4359; x_wconf 85' lang='lat' dir='ltr'>ipse</span> <span class='ocrx_word' id='word_1_326' title='bbox 1438 4289 1577 4344; x_wconf 86' lang='lat' dir='ltr'>P¹V</span> <span class='ocrx_word' id='word_1_327' title='bbox 1682 4293 1751 4344; x_wconf 80' lang='lat'>‘22</span> <span class='ocrx_word' id='word_1_328' title='bbox 1791 4292 1956 4344; x_wconf 84' lang='lat' dir='ltr'>fuisse</span> <span class='ocrx_word' id='word_1_329' title='bbox 1994 4290 2025 4342; x_wconf 87' lang='lat' dir='ltr'>b</span> <span class='ocrx_word' id='word_1_330' title='bbox 2145 4291 2211 4342; x_wconf 80' lang='lat'>25</span> <span class='ocrx_word' id='word_1_331' title='bbox 2252 4288 2394 4357; x_wconf 84' lang='lat' dir='ltr'>quod</span> <span class='ocrx_word' id='word_1_332' title='bbox 2431 4287 2546 4342; x_wconf 69' lang='grc' dir='ltr'>ΡΥ</span> 
     </span>
     <span class='ocr_line' id='line_1_36' title="bbox 253 4376 2218 4448; baseline 0.002 -21"><span class='ocrx_word' id='word_1_333' title='bbox 253 4376 317 4427; x_wconf 80' lang='grc'>27</span> <span class='ocrx_word' id='word_1_334' title='bbox 356 4394 670 4448; x_wconf 82' lang='lat' dir='ltr'>rursumque</span> <span class='ocrx_word' id='word_1_335' title='bbox 698 4379 736 4432; x_wconf 81' lang='lat' dir='ltr'>d</span> <span class='ocrx_word' id='word_1_336' title='bbox 842 4380 910 4433; x_wconf 83' lang='lat'>29</span> <span class='ocrx_word' id='word_1_337' title='bbox 948 4379 1260 4433; x_wconf 86' lang='lat' dir='ltr'>recederent</span> <span class='ocrx_word' id='word_1_338' title='bbox 1296 4380 1351 4431; x_wconf 90' lang='lat' dir='ltr'><em>P</em></span> <span class='ocrx_word' id='word_1_339' title='bbox 1384 4380 1700 4444; x_wconf 78' lang='lat' dir='ltr'>recederent</span> <span class='ocrx_word' id='word_1_340' title='bbox 1742 4380 1848 4433; x_wconf 87' lang='lat' dir='ltr'>CV</span> <span class='ocrx_word' id='word_1_341' title='bbox 1879 4378 2128 4432; x_wconf 88' lang='lat' dir='ltr'>recedere</span> <span class='ocrx_word' id='word_1_342' title='bbox 2157 4377 2218 4430; x_wconf 85' lang='lat' dir='ltr'><em>N</em></span> 
     </span>
    </p>
   </div>
   <div class='ocr_carea' id='block_1_5' title="bbox 357 4485 2362 4554">
    <p class='ocr_par' dir='ltr' id='par_1_5' title="bbox 357 4485 2362 4554">
     <span class='ocr_line' id='line_1_37' title="bbox 357 4485 2362 4554; baseline 0.004 -14"><span class='ocrx_word' id='word_1_343' title='bbox 357 4503 547 4543; x_wconf 78' lang='lat' dir='ltr'>xxvm</span> <span class='ocrx_word' id='word_1_344' title='bbox 580 4504 697 4553; x_wconf 70' lang='lat' dir='ltr'>Aug.</span> <span class='ocrx_word' id='word_1_345' title='bbox 727 4508 840 4544; x_wconf 69' lang='lat' dir='ltr'>nect.</span> <span class='ocrx_word' id='word_1_346' title='bbox 872 4505 941 4544; x_wconf 86' lang='lat'>111</span> <span class='ocrx_word' id='word_1_347' title='bbox 970 4514 1075 4554; x_wconf 74' lang='lat' dir='ltr'>pm</span> <span class='ocrx_word' id='word_1_348' title='bbox 1104 4505 1128 4543; x_wconf 84' lang='lat'>3</span> <span class='ocrx_word' id='word_1_349' title='bbox 2327 4485 2362 4537; x_wconf 88' lang='lat'>4</span> 
     </span>
    </p>
   </div>
  </div>
 </body>
</html>
