3076 4976
115 2206 151 2242 15

594 487 1077 554 Quaestionum
1117 489 1230 543 lib.
1273 488 1327 541 11
1367 489 1658 556 (Quaest.
1698 487 1773 541 de
1811 488 2072 556 Exodo).
2351 494 2476 556 113

195 685 501 748 Hebraeos
568 683 912 760 habitasse,
980 684 1092 747 sed
1158 684 1249 747 eis
1318 685 1563 765 aliquos
1613 685 1960 767 Aegyptios
2022 686 2082 749 in
2145 685 2254 749 illa
2315 690 2479 749 terra

196 790 646 855 cohabitatores
711 791 928 866 fuisse,
998 791 1075 854 ad
1140 810 1298 872 quos
1364 795 1708 872 potuerunt
1773 792 1996 855 merito
2044 791 2474 856 Hebraeorum

193 899 366 960 etiam
412 898 526 961 illa
574 897 790 960 diuina
835 897 1139 961 beneficia
1181 899 1529 979 peruenire,
1581 902 1654 962 ut
1700 899 1843 961 hinc
1895 917 2000 962 eos
2041 903 2105 961 et
2142 897 2477 981 diligerent

193 1004 343 1068 idem
404 1004 710 1086 Aegyptii
774 1004 1236 1068 cohabitatores
1303 1009 1368 1068 et
1432 1005 1598 1085 quod
1673 1005 1973 1085 petebant
2044 1005 2228 1068 facile
2306 1027 2472 1069 com-

191 1111 535 1186 modareut3
598 1129 712 1174 nec
772 1115 980 1175 tamen
1046 1111 1199 1175 deus
1261 1112 1574 1175 iudicauit
1633 1113 1722 1175 ita
1778 1114 1922 1176 illos
1981 1113 2219 1176 alienos
2274 1112 2474 1176 fuisse

190 1219 257 1280 ab
301 1218 549 1281 iniuriis
588 1221 652 1281 et
689 1218 1195 1293 contritionibuS,
1247 1239 1402 1299 quas
1453 1218 1551 1281 dei
1601 1221 1877 1299 populus
1924 1219 2209 1300 peltulit,
2250 1223 2322 1282 ut
2358 1237 2472 1281 nec

190 1325 300 1389 isto
347 1325 576 1389 damno
626 1326 977 1403 ferirentur,
1020 1327 1126 1407 qui
1174 1327 1381 1411 plagis
1432 1327 1562 1390 illis
1609 1331 1865 1408 propter
1912 1324 2080 1406 quod
2129 1330 2328 1389 terrae
2377 1324 2471 1387 illi

189 1433 551 1512 parcebatur
596 1435 880 1514 percussi
928 1453 1048 1497 non
1101 1435 1294 1497 eraut.

264 1539 386 1602 XL.
418 1539 653 1604 Dixit
682 1543 946 1603 autem
978 1539 1349 1603 dominus
1381 1539 1473 1602 ad
1502 1539 1864 1622 Moysen:
1915 1559 2060 1601 non
2094 1537 2474 1601 exaudiet

136 1678 156 1704 o
190 1667 315 1711 uos
362 1648 695 1723 PharaO,
745 1649 831 1710 ut
878 1647 1425 1729 multiplicem
1475 1648 1711 1729 signa
1755 1666 1923 1709 mea
1969 1650 2041 1709 et
2086 1647 2473 1726 portenta

187 1773 337 1817 mea
382 1755 455 1816 in
509 1759 730 1817 terra
774 1753 1152 1835 Aegypti.
1209 1755 1534 1833 tamquam
1585 1772 1743 1835 opus
1791 1754 1985 1816 fuerit
2033 1753 2168 1815 eius
2218 1751 2471 1815 inoboe-

187 1860 422 1934 dientia,
474 1865 553 1923 ut
598 1861 781 1942 signa
825 1859 937 1923 illa
983 1860 1574 1939 multiplicarentur,
1617 1878 1774 1940 quae
1824 1859 2069 1922 utiliter
2113 1859 2348 1922 fiebant
2393 1857 2471 1921 ad

185 1969 526 2033 terrendum
594 1968 900 2050 populum
967 1967 1068 2030 dei
1134 1970 1322 2048 atque
1390 1966 1528 2047 ipsa
1593 1966 1967 2029 discretione
2030 1966 2106 2029 ad
2168 1968 2469 2047 pietatem

184 2076 655 2140 informandum.
696 2074 805 2137 sed
842 2075 962 2137 hoc
1003 2074 1101 2137 dei
1138 2073 1262 2137 fuit
1298 2074 1542 2137 malitia
1580 2073 1784 2137 cordis
1814 2073 1988 2137 illius
2019 2074 2174 2136 bene
2209 2076 2474 2151 utentis,

183 2204 291 2247 non
335 2182 685 2247 Pharaonis
736 2181 835 2244 dei
881 2180 1183 2263 patientia
1227 2181 1392 2244 male
1441 2181 1781 2244 abutentis.

260 2291 416 2353 XLI.
496 2289 715 2368 Quae
783 2291 1045 2351 autem
1112 2288 1696 2370 superauerint
1761 2288 1848 2351 ab
1918 2305 2002 2350 eo
2072 2288 2145 2352 in
2223 2307 2465 2364 mane,

182 2397 349 2479 igne
438 2394 1104 2460 concremabitis.
1200 2395 1413 2475 quaeri
1500 2397 1733 2474 potest,
1825 2394 2138 2475 quomodo
2225 2395 2466 2476 aliquid

184 2505 512 2584 superabit,
592 2523 735 2567 cum
814 2503 932 2566 hoc
1004 2501 1379 2582 praemoniti
1453 2501 1706 2578 fuerint,
1776 2506 1848 2565 ut
1912 2502 1966 2564 si
2042 2502 2266 2567 domus
2345 2520 2464 2566 non

182 2612 457 2675 habuerit
535 2609 959 2674 consumendo
1032 2609 1244 2690 pecori
1319 2608 1608 2671 idoneam
1690 2608 2188 2685 multitudinem,
2274 2609 2467 2673 uicini

181 2718 601 2783 adsumantur.
680 2716 792 2780 sed
868 2715 1260 2800 intellegitur
1321 2716 1615 2796 quoniam
1665 2715 1906 2779 dictum
1972 2721 2100 2779 est:
2165 2735 2249 2780 os
2315 2736 2462 2779 non

183 2823 626 2888 conteretis
676 2823 765 2886 ab
815 2842 919 2898 eo,
967 2840 1330 2884 remansura
1377 2821 1599 2903 utique
1646 2822 1847 2885 fuisse
1897 2840 2060 2898 ossa,
2112 2841 2270 2903 quae
2317 2822 2464 2904 igne

182 2935 611 2995 cremarentur.

257 3036 445 3099 XLII.
544 3034 817 3117 Agnus
918 3035 1379 3116 perfectus,
1474 3035 1912 3109 masculus,
2020 3035 2460 3098 anniculus

181 3142 323 3206 erit
412 3142 674 3206 uobis,
773 3159 1027 3203 mouere
1117 3144 1330 3221 potest
1418 3140 1546 3203 ista
1636 3139 1895 3216 locuti0,
1984 3139 2165 3220 quasi
2258 3160 2460 3223 agnus

108 3278 149 3313 ετ,
180 3249 368 3328 possit
428 3266 573 3312 esse
635 3266 755 3309 non
818 3246 1163 3323 masculus,
1212 3246 1595 3309 nescientem
1644 3265 1769 3327 qua
1815 3246 2192 3310 necessitate
2242 3247 2331 3310 ita
2376 3247 2462 3311 sit

179 3355 564 3418 translatum.
617 3354 757 3416 ouis
809 3353 975 3416 enim
1020 3353 1341 3417 transferri
1392 3352 1631 3429 debuit,
1673 3353 1820 3432 quia
1859 3372 2122 3435 graecus
2161 3354 2458 3435 πρόβατον

180 3459 385 3529 habet:
449 3460 564 3523 sed
624 3462 922 3543 πρόβατον
982 3458 1043 3522 in
1109 3478 1332 3543 graeca
1391 3460 1606 3542 lingua
1669 3460 1914 3541 generis
1978 3459 2182 3523 neutri
2231 3462 2347 3532 est,
2398 3460 2462 3521 et

180 3570 509 3647 potueruut
557 3586 715 3647 quae
755 3570 1057 3630 secuntur
1094 3567 1303 3629 omnia
1341 3566 1697 3641 conuenire,
1737 3569 2060 3647 tamquam
2102 3566 2154 3629 si
2196 3565 2458 3628 diceret:

179 3691 357 3753 pecus
395 3674 770 3755 perfectum,
809 3672 1186 3749 masculum,
1227 3672 1592 3737 anniculum
1631 3672 1749 3735 erit
1786 3672 1992 3737 uobis,
2040 3673 2251 3754 potuit
2289 3672 2456 3735 enirn

343 3918 374 3968 9
412 3916 511 3969 Ex.
555 3917 637 3978 11,
679 3917 711 3969 9
845 3916 908 3969 16
948 3915 1039 3968 Ex.
1086 3916 1165 3977 l2,
1211 3916 1275 3967 10
1398 3916 1461 3967 la
1501 3915 1568 3969 cf.
1612 3915 1703 3971 Ex,
1748 3917 1828 3978 12,
1867 3916 1901 3967 4
2021 3916 2090 3969 20
2128 3916 2221 3969 Ex.
2264 3915 2345 3977 12,
2388 3916 2457 3966 46

181 4004 239 4056 23
275 4005 365 4058 Ex.
409 4007 496 4068 12,
534 4009 565 4059 5

241 4148 274 4199 4
306 4146 449 4200 idem
489 4165 592 4202 om.
640 4147 691 4201 T
835 4148 911 4215 et]
951 4163 1010 4199 ac
1048 4146 1079 4198 b
1173 4147 1206 4199 6
1245 4145 1473 4214 populus
1512 4146 1600 4199 dei
1629 4146 1915 4199 PSVde
2003 4148 2033 4199 7
2073 4149 2359 4213 propterea
2385 4144 2458 4196 bd

182 4234 239 4287 16
276 4236 652 4305 superaberiut
688 4236 754 4289 N
886 4237 949 4289 17
990 4236 1103 4304 igni
1142 4234 1256 4287 ΡΝ
1265 4234 1312 4287 V
1318 4235 1396 4287 Tb
1533 4235 1598 4287 18
1637 4236 1914 4305 superauit
1951 4233 2198 4288 SPNVb
2238 4249 2455 4301 supera-

182 4324 310 4376 uerit
345 4326 394 4378 T
499 4343 602 4378 non
642 4325 897 4378 habuerit
934 4342 1030 4378 con
1070 4341 1171 4378 om.
1200 4322 1267 4376 N
1355 4325 1418 4376 19
1458 4325 1688 4377 uiciniae
1728 4328 2012 4377 sumantur
2038 4323 2093 4375 P
2183 4323 2245 4374 21
2280 4322 2395 4389 igni
2423 4321 2454 4373 b

181 4411 241 4464 ‘23
278 4414 547 4467 masculus
584 4430 685 4467 om.
724 4413 788 4465 N
964 4413 1247 4482 agniculus
1296 4412 1348 4465 V
1490 4414 1558 4466 26
1600 4418 1671 4480 (et
1709 4414 1797 4482 27)
1836 4412 2101 4482 probaton
2146 4408 2349 4465 C'PSN
2355 4409 2459 4463 VT

278 4539 470 4579 xxvm
500 4540 617 4588 Aug.
648 4544 753 4579 nece
786 4540 855 4578 111
888 4550 990 4589 pm
1020 4539 1045 4577 a
2243 4515 2274 4569 8
