3076 4976
1141 1291 1453 1390 PRAE
1475 1290 1845 1389 FATIO.

439 1475 800 1554 Antequam
842 1471 1092 1536 codices
1133 1470 1241 1552 qui
1281 1488 1542 1552 operum
1583 1487 1741 1549 quae
1779 1468 2128 1532 uoluminis
2168 1468 2441 1532 XXVIII
2470 1471 2648 1550 palte

344 1580 539 1643 tertia
596 1580 999 1643 continentur
1053 1577 1422 1642 memoriam
1467 1575 1745 1658 produnt
1791 1594 2074 1639 enarrare
2124 1578 2188 1640 et
2232 1576 2473 1659 priores
2523 1576 2648 1640 edi-

341 1688 555 1750 tiones
589 1704 841 1750 censere
863 1684 1211 1768 aggrediar,
1233 1682 1768 1766 praemonendum
1797 1682 1953 1744 mihi
1985 1685 2084 1746 est
2113 1702 2318 1747 errore
2347 1683 2646 1748 uolumen

344 1792 626 1856 XXVIII
685 1812 843 1856 anno
905 1792 1077 1855 1894
1136 1791 1378 1854 editum
1434 1792 1509 1853 ut
1565 1789 1733 1854 Sect.
1791 1789 1886 1852 III
1939 1793 2184 1872 partem
2240 1789 2268 1852 I
2326 1790 2648 1874 signatum

345 1919 523 1973 esse;
597 1898 660 1963 S.
709 1899 1056 1982 Augustini
1119 1917 1379 1980 operum
1441 1895 1611 1960 Sect.
1689 1896 1782 1958 III
1841 1915 1984 1977 pars
2037 1898 2068 1959 1
2136 1894 2251 1981 (ε
2308 1897 2436 1963 uol.
2501 1896 2649 1979 XII)

342 2026 377 2070 a
406 2006 481 2071 F.
512 2005 838 2069 Weihrich
880 2005 1180 2069 adornata
1214 2005 1463 2085 prostat
1498 2002 1667 2085 apud
1699 2001 1956 2067 Geroldi
1993 2002 2196 2066 filium
2237 2003 2650 2084 bibliopolam

342 2112 922 2177 Vindobonensem.
1016 2111 1231 2192 itaque
1295 2110 1567 2173 indicem
1634 2111 1917 2173 locorum
1986 2112 2049 2173 et
2114 2111 2496 2192 scriptorum
2560 2110 2650 2172 ita

344 2219 625 2291 institui,
684 2222 758 2281 ut
813 2217 923 2281 ubi
970 2218 1110 2281 loco
1170 2217 1364 2280 citato
1422 2235 1724 2280 numerus
1779 2236 1900 2279 non
1960 2219 2058 2280 est
2113 2217 2366 2281 additus
2423 2217 2648 2281 tertiae

340 2326 543 2408 paitis
596 2343 735 2389 esse
786 2324 978 2390 scias:
1039 2324 1149 2387 ubi
1208 2342 1359 2387 uero
1417 2326 1567 2404 post
1620 2323 1834 2386 locum
1891 2342 2153 2387 numero
2200 2324 2264 2387 II
2322 2324 2646 2407 signatum

336 2432 525 2496 locus
574 2431 798 2495 tertiae
845 2430 1043 2512 partis
1092 2430 1427 2513 appositus
1477 2432 1594 2506 est,
1643 2450 1976 2494 numerum
2024 2431 2119 2494 ΠΙ
2164 2429 2438 2512 praefixi.

434 2537 597 2601 Cum
653 2540 895 2620 partem
955 2539 1222 2601 alteram
1280 2538 1548 2612 ederem,
1606 2557 1980 2619 persuasum
2037 2538 2198 2601 mihi
2255 2541 2388 2602 erat
2430 2537 2646 2620 Augu-

338 2645 584 2709 stinum
623 2644 685 2708 in
726 2645 862 2708 eius
902 2644 1076 2709 modi
1115 2644 1369 2725 scriptis
1408 2645 1471 2707 in
1512 2645 1745 2726 quibus
1785 2645 2134 2728 scripturae
2183 2663 2396 2708 sacrae
2436 2643 2648 2724 aliqua

257 2777 266 2787 ·
340 2770 413 2814 ex
463 2753 642 2832 parte
691 2753 1088 2833 exponuntur
1133 2768 1170 2813 a
1217 2753 1386 2814 certo
1437 2750 1710 2831 quodam
1757 2753 2041 2833 tempore
2087 2750 2284 2813 uerba
2331 2750 2409 2814 ad
2455 2749 2647 2830 scrip-

338 2863 520 2921 turas
580 2856 816 2920 ueteris
863 2856 1230 2921 testamenti
1279 2857 1634 2938 spectantia
1682 2876 1753 2919 ex
1798 2856 2027 2921 iisdem
2076 2856 2404 2921 codicibus
2454 2856 2647 2920 citare

340 2981 716 3027 consuesse.
794 2982 830 3025 a
877 2965 1046 3028 certo
1097 2963 1370 3045 quodam
1418 2967 1700 3045 tempore
1748 2963 1924 3038 (116ος
1982 2983 2128 3027 113111
2183 2963 2350 3027 1111110
2405 2965 2647 3045 patrem

336 3069 857 3133 ecclesiasticum
916 3070 1264 3152 scripturas
1324 3075 1575 3134 sanctas
1631 3089 1753 3134 non
1803 3089 2051 3151 semper
2095 3070 2157 3133 in
2204 3069 2434 3134 iisdem
2480 3069 2648 3133 codi-

336 3176 526 3239 cibus
574 3175 811 3259 legisse
861 3176 973 3240 sed
1018 3177 1335 3258 prioribus
1383 3177 1781 3257 temporibus
1829 3177 1891 3241 in
1931 3176 2074 3241 aliis
2114 3181 2302 3258 atque
2340 3177 2645 3257 posterio-

336 3283 519 3346 ribus
554 3283 1018 3364 comparatione
1048 3283 1331 3348 locorum
1362 3283 1425 3346 in
1454 3284 1634 3347 libris
1667 3283 1937 3348 diuersis
1969 3284 2364 3365 temporibus
2394 3284 2646 3348 emissis

336 3389 813 3453 occurrentium
862 3390 1196 3455 euincitur.
1273 3410 1416 3454 nam
1475 3391 1529 3454 si
1586 3391 1764 3454 uerbi
1820 3390 2024 3473 gratia
2073 3389 2396 3454 Geneseos
2455 3391 2647 3472 scrip-

336 3499 554 3559 turam
596 3496 802 3577 qualis
841 3496 903 3559 in
948 3497 1182 3578 scripto
1224 3497 1392 3578 quod
1432 3496 1509 3561 de
1551 3496 1784 3562 Genesi
1825 3497 1902 3562 ad
1938 3497 2218 3560 litteram
2254 3496 2644 3578 inperfectus

336 3601 502 3665 liber
549 3601 920 3666 inscribitur
967 3606 1077 3667 aut
1123 3604 1185 3667 in
1236 3604 1346 3667 illo
1398 3604 1568 3685 quod
1623 3607 1721 3668 est
1777 3604 1853 3668 de
1903 3602 2137 3668 Genesi
2184 3607 2401 3668 contra
2445 3604 2647 3667 Mani-

338 3709 575 3772 chaeos
614 3709 853 3792 legitur
890 3729 1034 3775 cum
1073 3711 1301 3775 iisdem
1338 3713 1498 3775 locis
1537 3711 1792 3776 biblicis
1833 3711 1907 3775 de
1946 3711 2274 3775 uolumine
2305 3710 2380 3774 de
2413 3709 2644 3775 Genesi

337 3814 419 3878 ad
467 3815 748 3879 litteram
793 3816 941 3880 libri
987 3818 1110 3881 XII
1160 3822 1272 3882 aut
1310 3818 1385 3882 de
1427 3818 1705 3884 Ciuitate
1754 3818 1855 3881 dei
1893 3818 2110 3902 petitis
2153 3818 2643 3898 comparaueriS‚

336 3921 519 3984 illam
585 3925 762 3986 tanto
830 3923 905 3986 ab
973 3924 1073 3988 his
1141 3924 1387 3988 differre
1451 3929 1686 4008 quanto
1762 3924 1838 3988 ad
1907 3924 2196 4006 Cypriani
2265 3924 2644 4005 scripturam

338 4027 606 4092 accedat
674 4031 965 4112 reperies,
1053 4032 1224 4116 quod
1289 4052 1476 4115 quam
1542 4036 1712 4096 recte
1777 4031 2129 4095 iudicatum
2192 4031 2277 4095 sit
2337 4031 2549 4113 quiuis
2611 4051 2642 4094 e

337 4134 402 4201 S.
443 4137 796 4218 Augustini
844 4137 1078 4203 ueteris
1118 4139 1484 4203 testamenti
1520 4139 1739 4203 bibliis
1779 4157 1937 4220 quae
1975 4138 2274 4221 proximis
2314 4137 2642 4202 mensibus

341 4241 612 4305 edentur
660 4247 1023 4327 cognoscet.
1073 4249 1138 4309 et
1182 4249 1357 4310 textu
1407 4245 1620 4310 dextre
1668 4246 1964 4310 restituto
2013 4244 2195 4308 facile
2244 4243 2646 4327 intellegitur

336 4347 419 4412 ad
468 4347 639 4429 quod
688 4369 985 4433 graecum
1035 4352 1350 4434 exemplar
1395 4353 1608 4416 uersio
1655 4354 1826 4416 facta
1875 4352 1978 4416 sit.
2056 4351 2225 4434 quod
2273 4349 2530 4432 quidem
2577 4349 2641 4413 in

333 4454 521 4518 libris
569 4454 1001 4538 Heptateuchi
1054 4459 1356 4523 facillime
1401 4459 1806 4541 perspicitur.
1890 4478 2035 4522 nam
2091 4456 2425 4540 perpaucis
2481 4456 2642 4520 locis
