3076 4976
699 480 1174 546 Quaestionum
1215 480 1324 533 lib.
1363 480 1445 533 ΠΙ
1485 479 1775 547 (Quaest.
1817 479 1890 532 de
1929 479 2283 545 Leuitico).
2523 482 2649 545 247

448 677 682 741 XVIII.
749 677 845 741 De
895 676 1200 740 sacrificio
1249 695 1358 757 pro
1406 678 1666 756 peccato
1728 696 1874 739 cum
1932 676 2187 752 diceret,
2248 676 2649 751 sacerdo&

358 785 581 866 inquit,
633 784 770 866 qui
817 782 1155 863 inponet
1200 782 1432 857 illud,
1485 782 2005 846 manducabit
2050 783 2285 847 illud.
2362 802 2483 847 non
2532 782 2652 847 hoc

358 891 528 973 quod
583 891 842 971 inponet
898 888 1308 952 manducabit
1363 926 1446 934 —-
1505 909 1651 952 nam
1708 890 1868 952 illud
1924 890 2056 971 igni
2112 893 2520 953 consumetur
2564 927 2653 934 —

359 998 465 1063 sed
536 998 703 1079 quod
768 996 914 1059 inde
978 996 1382 1068 1·emanserit;
1450 1016 1570 1059 non
1641 996 1804 1059 enim
1871 996 2316 1060 holocaustum
2386 1000 2509 1073 est,
2577 999 2653 1059 ut

292 1129 317 1167 5
357 1109 564 1169 totum
625 1103 838 1168 ardeat
895 1103 954 1165 in
1017 1103 1217 1165 altari.
1306 1102 1460 1165 dicit
1526 1107 1736 1166 autem
1806 1105 2060 1183 postea:
2128 1102 2386 1166 omnia
2453 1123 2650 1184 quae

265 1664 316 1701 10

263 2199 313 2236 15

258 2731 314 2770 20

260 3266 311 3306 25

360 1230 495 1294 pro
553 1212 890 1292 peccato
950 1213 1143 1272 sunt
1200 1229 1282 1272 ex
1341 1209 1637 1289 quibus
1696 1210 2041 1272 inlatum
2096 1210 2355 1272 fuerit
2402 1230 2437 1273 a
2485 1229 2649 1272 san-

358 1320 601 1403 guine
661 1336 928 1380 eorum
987 1317 1062 1379 in
1121 1316 1738 1379 tabernaculum
1804 1315 2269 1379 testimonii
2336 1315 2649 1379 exorari

356 1426 434 1488 in
484 1428 770 1488 sancto
820 1443 965 1487 non
1009 1423 1324 1498 edetur,
1368 1421 1503 1486 sed
1551 1423 1723 1506 igni
1771 1422 2445 1487 concremabitur.
2496 1441 2646 1503 quo-

355 1531 542 1596 modo
584 1550 729 1612 ergo
771 1528 847 1592 ad
888 1528 1245 1593 sacerdotes
1286 1529 1599 1611 pertinent
1633 1529 2087 1604 manducanda,
2132 1548 2289 1609 quae
2328 1533 2654 1591 remanent

358 1637 433 1701 de
484 1634 808 1699 sacrificiis
855 1653 966 1717 pro
1014 1634 1341 1715 peccatis?
1415 1634 1585 1715 quod
1640 1634 2133 1717 intellegendum
2191 1638 2287 1697 est
2342 1634 2495 1697 haec
2553 1654 2647 1698 ex·

358 1747 540 1825 cepta
589 1761 746 1816 esse,
799 1741 874 1805 de
924 1761 1191 1823 quorum
1241 1741 1544 1823 sanguine
1600 1742 1884 1824 tangitur
1937 1741 2097 1805 illud
2156 1741 2348 1804 altare
2411 1741 2649 1806 incensi

353 1850 416 1913 in
477 1849 877 1913 tabernaculo
937 1847 1306 1911 testimonii.
1392 1849 1510 1912 hoc
1570 1848 1733 1912 enim
1791 1848 1982 1911 iussit
2034 1847 2168 1911 fieri
2223 1847 2513 1929 superius
2571 1848 2646 1912 de

356 1956 582 2032 uitulo,
634 1974 820 2036 quem
867 1974 978 2036 pro
1025 1958 1282 2035 peccato
1333 1973 1446 2017 suo
1497 1954 1791 2018 sacerdos
1840 1954 2108 2030 offerret,
2166 1956 2229 2016 et
2286 1952 2360 2016 de
2418 1954 2645 2032 uitu10‚

356 2083 541 2144 quem
590 2081 702 2145 pro
751 2066 1009 2144 peccato
1059 2060 1390 2123 uniuersae
1431 2080 1805 2143 synagogae,
1845 2063 1919 2123 ut
1957 2079 2170 2124 carnes
2211 2079 2370 2141 quae
2408 2079 2647 2124 reman-

355 2170 547 2234 serint
601 2169 756 2233 foris
813 2172 982 2231 extra
1039 2172 1244 2232 castra
1301 2168 1753 2242 conbu1·antur;
1822 2167 1941 2231 hoc
1999 2170 2063 2231 et
2118 2167 2304 2231 modo
2370 2167 2647 2231 breuiter

352 2276 890 2339 commemorauit.

439 2382 706 2445 XVIIII.
792 2381 887 2444 Et
960 2381 1123 2444 ista
1190 2384 1316 2444 est
1379 2383 1505 2443 lex
1573 2380 1863 2443 arietis
1932 2380 2066 2461 qui
2130 2399 2266 2463 pro
2335 2380 2643 2445 delicto

353 2493 508 2555 est:
568 2491 850 2552 sancta
909 2491 1373 2552 sanctorum
1434 2491 1645 2552 sunt:
1704 2487 1769 2550 id
1826 2491 1922 2550 est
1977 2486 2055 2551 ad
2104 2486 2460 2552 sacerdotes
2509 2507 2702 2569 per--

351 2596 552 2658 tinent
597 2595 1053 2658 manducanda.

439 2702 576 2764 XX.
655 2701 821 2780 Quid
888 2705 986 2765 est
1052 2701 1220 2782 quod
1288 2701 1363 2763 de
1429 2701 1621 2764 ariete
1686 2720 1796 2783 pro
1864 2700 2094 2764 delicto
2162 2720 2304 2764 cum
2380 2700 2645 2764 dixisset

349 2808 681 2890 legemque
742 2807 1034 2871 sacrificii
1092 2807 1508 2888 exposuisset,
1568 2807 1689 2871 ait:
1758 2807 2149 2887 quomodo
2220 2807 2426 2888 quod
2496 2804 2638 2894 [est]

351 2933 487 2994 pro
537 2917 877 2995 peccato
927 2914 1044 2977 ita
1093 2916 1167 2977 et
1214 2913 1287 2976 id
1339 2913 1547 2994 quod
1594 2932 1729 2996 pro
1780 2913 2111 2990 delicto,
2152 2914 2273 2976 lex
2323 2933 2470 2977 una
2518 2921 2643 2978 est

352 3025 668 3083 eorum?
719 3020 1042 3101 quaeritur
1088 3019 1250 3082 inter
1295 3022 1627 3102 peccatum
1679 3025 1741 3083 et
1789 3021 2089 3083 delictum
2142 3040 2300 3101 quae
2348 3021 2432 3082 sit
2471 3019 2641 3083 diffe-

349 3127 567 3201 rentia,
618 3128 931 3208 quoniam,
993 3128 1046 3190 si
1105 3127 1278 3191 nulla
1335 3131 1523 3202 esset,
1583 3127 1755 3190 nullo
1815 3127 2000 3191 modo
2060 3128 2404 3190 diceretur:
2464 3146 2640 3209 quo-

350 3235 575 3298 modo
645 3236 853 3315 quod
918 3255 1055 3317 pro
1121 3238 1460 3317 peceato
1528 3235 1645 3297 ita
1712 3239 1789 3297 et
1847 3235 2053 3316 quod
2111 3254 2247 3316 pro
2308 3235 2636 3298 delicto,

351 3341 642 3423 quamuis
703 3342 870 3404 enim
927 3342 1024 3404 lex
1084 3342 1346 3422 eiusque
1404 3341 1784 3405 sacrificium
1852 3341 2005 3404 nihil
2061 3340 2274 3418 distet,
2342 3341 2488 3422 quia
2542 3340 2638 3403 lex

347 3467 472 3511 una
519 3451 617 3511 est
663 3467 901 3524 eorum,
950 3453 1156 3511 tamen
1198 3448 1339 3529 ipsa
1378 3448 1523 3524 duo‚
1566 3467 1826 3528 quorum
1870 3468 2064 3511 unum
2104 3452 2201 3511 est
2238 3447 2635 3523 sacrificium,

347 3552 412 3616 id
460 3555 558 3616 est
604 3557 936 3634 peecatum
986 3557 1048 3617 et
1095 3553 1417 3631 delictum,
1478 3554 1529 3616 si
1579 3553 1741 3616 inter
1789 3573 1855 3616 se
1904 3554 2061 3616 nihil
2108 3554 2426 3616 differrent
2473 3556 2536 3615 et
2584 3553 2638 3616 si

529 3744 552 3797 l
596 3745 725 3798 Leu.
766 3744 815 3806 6,
852 3743 921 3796 26
1059 3744 1090 3796 5
1130 3743 1258 3796 Leu.
1301 3745 1348 3804 6,
1390 3744 1456 3796 :30
1599 3747 1663 3798 13
1704 3743 1769 3798 cf.
1809 3743 1937 3796 Leu.
1978 3746 2027 3805 4,
2070 3745 2152 3796 12.
2194 3744 2257 3796 21
2403 3745 2466 3797 17
2506 3744 2634 3798 Leu.

345 3833 395 3896 6,
437 3833 501 3885 31
546 3833 618 3896 (7,
660 3834 710 3898 1)
824 3833 889 3885 21
931 3831 1061 3885 Leu.
1100 3835 1149 3896 6,
1189 3834 1256 3886 37
1299 3834 1370 3899 (7,
1413 3835 1465 3900 7)

416 3955 449 4007 2
488 3955 625 4008 illud
663 3971 763 4009 om.
815 3956 864 4008 T
1001 3956 1354 4010 manducauit
1397 3957 1486 4010 OS
1626 3957 1765 4010 illud
1805 3973 1911 4010 non
1949 3956 2086 4009 illud
2123 3956 2189 4010 N
2318 3959 2349 4010 3
2391 3957 2543 4025 digni
2580 3957 2644 4010 N

342 4044 378 4095 4
415 4045 677 4097 remansit
712 4043 787 4096 Ρ1
899 4049 983 4098 est
1019 4049 1081 4097 ut
1117 4049 1292 4098 totum
1334 4063 1435 4099 om.
1485 4046 1534 4099 T
1640 4047 1671 4098 6
1711 4050 1836 4098 sunt
1877 4047 2008 4101 add.
2046 4062 2115 4098 m.
2151 4049 2187 4097 :2
2226 4046 2269 4097 S
2376 4063 2406 4098 a
2445 4061 2547 4100 om.
2577 4045 2645 4097 N

348 4133 376 4184 7
418 4133 610 4186 exoriri
653 4132 810 4186 CPN
918 4137 950 4185 9
991 4152 1117 4204 ergo
1157 4152 1257 4189 om.
1300 4135 1345 4188 S
1453 4135 1518 4189 10
1558 4139 1776 4204 propter
1814 4136 1957 4204 quod
1996 4135 2115 4188 de
2236 4136 2299 4187 17
2340 4135 2418 4186 lex
2459 4138 2546 4188 est
2594 4134 2641 4185 V

344 4220 408 4273 21
453 4224 552 4282 est,
592 4222 739 4290 quod
774 4222 875 4275 hoc
914 4223 1029 4276 loco
1069 4223 1224 4276 codd.
1255 4224 1474 4286 habent,
1507 4224 1546 4277 d
1571 4225 1788 4286 omittit,
1820 4224 2049 4290 inclusi;
2085 4225 2155 4291 cf.
2194 4241 2248 4276 u.
2275 4226 2380 4289 25,·
2408 4241 2467 4291 p.
2498 4227 2633 4284 249,

342 4313 454 4376 24;
487 4313 626 4373 252,
664 4314 736 4362 18
872 4313 939 4364 24
981 4312 1246 4380 quomodo
1289 4313 1430 4381 quod
1469 4331 1563 4382 pro
1604 4329 1703 4367 om.
1745 4314 1807 4365 N
1975 4313 2237 4381 quomodo
2279 4317 2334 4365 et
2377 4313 2434 4370 C.
2478 4315 2553 4378 (et
2590 4329 2632 4365 s,

346 4396 381 4449 I.
419 4414 484 4453 m.
523 4402 581 4462 2)
623 4399 678 4451 P
782 4401 851 4453 28
891 4401 1027 4454 nihil
1065 4417 1166 4457 om.
1207 4401 1272 4454 N
1409 4402 1661 4456 different
1704 4402 1811 4456 CN
