3076 4976
629 522 1107 589 Quaestionum
1146 525 1258 579 lib.
1299 525 1729 591 V11<Quaest.
1770 526 1845 580 de
1884 526 2275 590 Iudicibus).
2469 530 2597 592 475

304 722 570 803 partem,
618 723 693 784 ut
739 719 908 801 quod
956 720 1199 784 dictum
1250 724 1382 785 est:
1442 721 1650 786 fecit
1697 723 1912 786 illud
1959 723 2035 786 iu
2086 722 2367 805 ephud,
2415 722 2599 787 intel—

305 826 558 911 legatur
612 827 801 901 „secit
844 826 990 891 inde
1040 828 1286 910 ephud“
1342 829 1449 892 uel
1504 829 1696 902 „fecit
1743 849 1813 892 ex
1862 848 1935 894 eo
1985 829 2262 912 ephud“,
2313 849 2432 892 non
2482 829 2601 893 sci·

308 933 462 997 licet
516 933 678 997 illud
732 938 940 998 totum
1001 953 1378 998 consumens
1436 935 1497 998 in
1559 935 1791 1017 ephud,
1842 936 1953 1000 sed
2010 955 2080 1000 ex
2128 935 2240 1000 illo
2291 939 2600 1018 quantum

310 1039 672 1104 sufficiebat
716 1040 1082 1122 inpendens,
1141 1060 1287 1104 nam
1335 1040 1395 1105 in
1445 1042 1556 1105 illa
1602 1042 2116 1124 interpretatione
2166 1061 2324 1124 quae
2375 1060 2444 1105 ex
2493 1042 2602 1105 he·

247 1145 499 1211 sbraeo
558 1149 659 1211 est
713 1146 804 1211 sic
861 1148 1125 1231 legitur:
1192 1147 1558 1229 fecitque
1625 1168 1709 1212 ex
1776 1168 1859 1213 eo
1929 1147 2250 1213 Gedeon
2319 1147 2601 1229 ephod.

314 1252 482 1333 quod
533 1254 700 1317 enim
748 1253 913 1336 apud
964 1252 1381 1338 Septuaginta
1429 1255 1739 1337 scriptum
1796 1259 1894 1319 est
1949 1255 2314 1337 „ephud“,
2364 1255 2481 1318 hoc
2541 1254 2601 1316 in

313 1357 582 1424 hebraeo
647 1361 1016 1441 perhibetur
1070 1360 1196 1425 dici
1250 1361 1610 1444 „ephod“.
1677 1380 1799 1425 non
1858 1366 2069 1425 autem
2128 1380 2344 1426 omnes
2403 1379 2605 1424 sacer-

316 1464 497 1530 dotes
563 1466 678 1530 tali
743 1467 1086 1531 utebantur
1150 1467 1674 1550 superhumerali,
1734 1468 1903 1549 quod
1969 1471 2140 1531 esset
2204 1487 2275 1531 ex
2333 1486 2482 1531 auro
2542 1469 2604 1529 et

313 1572 655 1655 hyacintho
705 1576 768 1636 et
813 1593 1090 1657 purpura
1137 1577 1202 1638 et
1249 1575 1499 1639 coccino
1551 1577 1614 1638 et
1658 1574 1870 1657 bysso,
1922 1574 2035 1638 sed
2081 1575 2257 1639 solus
2315 1590 2603 1637 summus

226 1697 275 1736 ιο
317 1678 632 1744 sacerdos,
684 1679 848 1744 unde
895 1680 1074 1758 illud,
1126 1682 1295 1764 quod
1343 1682 1417 1746 de
1468 1681 1763 1746 Samuele
1804 1681 2440 1745 commemorauimus
2479 1680 2605 1742 fac-

317 1789 457 1848 tum
522 1784 615 1848 illi
685 1786 761 1849 ab
810 1787 946 1850 eius
1004 1790 1223 1864 matre,
1274 1808 1392 1853 non
1453 1790 1587 1851 erat
1641 1786 1863 1867 utique
1918 1787 2066 1863 tale,
2118 1786 2410 1869 quoniam
2460 1804 2605 1849 cum

319 1891 505 1955 datus
555 1895 655 1955 est
700 1892 1073 1956 nutriendus
1119 1914 1240 1958 non
1291 1898 1424 1958 erat
1471 1911 1759 1958 summus
1811 1893 2103 1957 sacerdos
2154 1893 2375 1974 utique
2433 1911 2605 1972 puer.

320 1998 504 2074 unde,
555 2002 629 2062 ut
683 1998 925 2064 dictum
985 2003 1101 2072 est,
1151 2000 1361 2081 ephud
1416 2000 1529 2064 bar
1584 2001 1941 2082 appellatur
1986 1999 2088 2062 uel
2136 1998 2347 2081 potius
2397 1995 2609 2079 ephud

318 2104 448 2181 bat,
499 2105 666 2169 sicut
712 2104 1010 2170 adserunt
1056 2106 1165 2188 qui
1213 2107 1546 2171 hebraeam
1591 2107 1875 2190 linguam
1924 2107 2258 2180 nonerunt,
2309 2107 2373 2167 et
2421 2104 2607 2166 inter-

231 2232 281 2270 ιε»
318 2214 604 2293 pretatur
667 2212 877 2294 ephud
940 2213 1203 2276 lineum.
1270 2212 1383 2277 sed
1452 2212 1705 2277 Gedeon
1772 2211 2061 2277 exist-imo
2129 2209 2290 2274 illud
2355 2209 2605 2282 fecisse,

320 2317 490 2399 quod
549 2324 682 2382 erat
745 2318 1154 2400 praecipuum
1223 2319 1456 2383 summi
1515 2318 1861 2383 sacerdotis
1917 2317 2359 2381 indumentum
2418 2319 2608 2395 atque

322 2428 779 2503 omamentum,
828 2445 940 2509 per
987 2425 1154 2508 quod
1203 2431 1267 2491 et
1315 2430 1525 2491 cetera
1573 2425 1929 2509 significata
1975 2426 2127 2488 sunt
2173 2441 2361 2506 opera
2410 2440 2611 2484 sacra-

318 2532 418 2608 rii,
460 2532 630 2613 quod
676 2532 738 2596 in
786 2553 901 2597 sua
939 2533 1201 2597 ciuitate
1237 2537 1483 2615 praeter
1519 2532 1621 2596 dei
1660 2531 2135 2596 tabernaculum
2177 2529 2607 2593 constituerat.

323 2642 389 2701 et
451 2642 707 2721 propter
770 2638 890 2703 hoc
945 2642 1278 2721 peccatum
1335 2640 1575 2704 factum
1637 2642 1736 2702 est
1789 2638 1883 2702 illi
1942 2641 2006 2701 et
2062 2636 2277 2701 domui
2343 2635 2479 2698 eius
2546 2635 2607 2697 in

230 2768 283 2808 20
324 2745 712 2824 scandalum,
753 2750 827 2810 ut
867 2747 958 2811 sic
997 2747 1281 2811 interiret
1315 2784 1403 2793 —
1443 2747 1613 2829 quod
1659 2750 1881 2829 postea
1930 2746 2242 2826 scriptura
2287 2746 2498 2806 narrat
2526 2778 2612 2787 —

321 2855 504 2917 tanta
550 2854 686 2916 eius
733 2854 1151 2918 numerositas
1200 2854 1496 2917 filiorum.

412 2959 605 3023 XLII.
655 2958 796 3024 Non
843 2960 1299 3042 praetereunda
1347 2961 1547 3024 oritur
1595 2959 1902 3043 quaestio,
1944 2956 2261 3040 quomodo
2302 2954 2616 3037 quieuerit

324 3070 492 3129 terra
547 3065 963 3149 quadraginta
1019 3085 1211 3130 annos
1268 3066 1331 3129 in
1390 3065 1613 3130 diebus
1675 3065 1953 3141 Gedeon,
2011 3083 2154 3127 cum
2210 3065 2360 3145 post
2412 3062 2615 3125 uicto-

322 3174 505 3249 riam,
556 3192 679 3255 qua
732 3173 1031 3237 liberauit
1076 3173 1421 3247 HebraeoS,
1472 3190 1543 3236 ex
1605 3191 1755 3235 auro
1805 3170 2153 3253 spoliorum
2203 3168 2424 3232 fecerit
2469 3167 2613 3230 abo·

234 3305 288 3344 ει
323 3279 737 3344 minationem
789 3283 852 3343 et
889 3285 1037 3360 post
1072 3280 1249 3344 illam
1288 3280 1636 3344 fornicatus
1676 3278 1762 3341 sit
1799 3276 2003 3341 omnis
2042 3274 2284 3339 Israhel
2324 3286 2388 3338 et
2425 3273 2617 3337 fuerit

324 3386 421 3449 illi
470 3391 533 3450 et
580 3385 796 3450 domui
846 3386 983 3450 eius
1031 3386 1093 3448 in
1144 3384 1529 3449 scandalum.
1584 3383 1894 3466 quomodo
1945 3402 2091 3464 ergo
2139 3384 2287 3464 post
2323 3381 2443 3444 hoc
2483 3383 2615 3442 tan-

324 3496 466 3556 tum
530 3492 728 3567 nefaS,
798 3491 966 3573 quod
1033 3495 1096 3556 et
1161 3489 1418 3555 Gedeon
1487 3494 1551 3554 et
1612 3489 1889 3572 populus
1956 3487 2233 3561 admisit,
2300 3485 2617 3568 requieuit

327 3602 493 3662 terra
550 3598 964 3682 quadraginta
1021 3616 1235 3674 annoS,
1286 3615 1430 3660 cum
1490 3596 1608 3660 hoc
1659 3595 1968 3677 scriptura
2015 3594 2219 3658 soleat
2265 3592 2613 3665 ostendere,

330 3724 474 3770 cum
542 3726 576 3769 a
642 3704 896 3769 domino
955 3704 1069 3769 deo
1126 3703 1401 3785 populus
1458 3701 1891 3776 fornicaretur,
1940 3704 2090 3763 tunc
2136 3699 2351 3781 potius
2398 3716 2616 3779 pacem

234 3832 290 3873 so
327 3812 475 3876 illos
542 3810 820 3894 perdere,
878 3830 1002 3874 non
1058 3809 1407 3891 adquirere,
1466 3812 1531 3871 et
1585 3807 1877 3871 hostibus
1945 3805 2293 3889 subiugari,
2351 3824 2473 3867 non
2538 3802 2614 3865 ab

508 4050 541 4101 5
582 4048 647 4103 cf.
687 4047 906 4102 Hieron.
946 4049 985 4099 t.
1026 4045 1257 4099 XXVIII
1294 4062 1348 4113 p.
1388 4044 1491 4097 520
1531 4042 1592 4096 C.
1631 4041 1806 4095 XXXI
1887 4042 1956 4094 20
1995 4040 2060 4094 cs.
2098 4039 2217 4093 Iud.
2256 4039 2306 4102 9,
2346 4041 2376 4091 ἕ)
2451 4037 2518 4091 22
2551 4037 2617 4090 cf.

328 4136 447 4192 Iud.
485 4137 535 4201 8,
575 4137 643 4191 28

400 4262 434 4315 2
473 4260 597 4315 inde
635 4260 690 4313 in
728 4257 856 4313 efud
893 4258 992 4313 PS
1095 4258 1129 4310 5
1168 4256 1388 4310 Gedeon
1428 4272 1490 4308 ex
1529 4272 1591 4308 eo
1631 4253 1679 4307 S
1784 4255 1813 4306 7
1855 4250 2033 4322 ephud
2069 4251 2135 4305 N
2241 4250 2305 4304 10
2342 4249 2619 4303 samuhele

330 4349 438 4405 ΒΝ
445 4351 492 4404 V
618 4350 684 4403 13
732 4347 1108 4418 appellabatur
1169 4347 1220 4400 T
1342 4343 1566 4398 efudbat
1623 4342 1777 4396 PSV
1829 4339 2117 4411 ephudbad
2165 4339 2231 4394 N
2280 4338 2523 4393 effudbat
2577 4338 2624 4391 T

330 4441 398 4493 23
438 4439 592 4492 annis
629 4437 695 4491 N
796 4437 865 4489 26
902 4440 1119 4489 tantum
1157 4451 1257 4487 om.
1298 4434 1372 4487 Ρι
1480 4432 1551 4485 27
1591 4431 1969 4499 requieuitque
2007 4428 2204 4483 PS¹T¹
