3076 4976
666 488 1158 556 Quaestionum
1198 487 1308 540 lib.
1349 484 1777 556 V11(Quaest.
1819 485 1892 538 de
1931 483 2320 553 Iudicibus).
2512 487 2639 550 469

340 685 717 750 sacrificium
785 684 985 748 uellet
1049 683 1267 747 offerre
1334 684 1516 747 uelut
1590 680 1991 745 adiuuandus
2069 680 2205 744 eius
2286 679 2642 762 praesentia

341 792 720 855 sanctitatis.

425 899 713 962 XXXVI.
773 896 1005 977 Quaeri
1061 899 1277 979 potest
1333 913 1523 976 quare
1577 893 1830 959 Gedeon
1893 913 2089 957 ausus
2145 892 2342 956 fuerit
2407 891 2637 955 sacrifi·

339 1005 505 1068 cium
575 1005 794 1070 offerre
862 1003 976 1067 deo
1044 992 1290 1085 praeter
1352 1001 1566 1065 locum
1633 1000 1741 1064 ubi
1807 1000 2083 1065 iusserat
2139 999 2315 1062 deus.
2392 1000 2641 1079 praeter

270 1137 296 1172 ε.
342 1110 816 1175 tabernaculum
878 1109 1108 1191 quippe
1166 1127 1353 1172 suum
1418 1107 1575 1170 deus
1634 1107 2043 1189 prohibuerat
2090 1105 2430 1170 sacrificari
2482 1102 2606 1166 sibi

339 1217 440 1281 cui
478 1217 880 1282 tabernaculo
918 1215 1227 1296 templum
1267 1217 1490 1297 postea
1525 1215 1857 1279 successit.
1898 1218 2179 1296 tempore
2217 1216 2451 1289 autem,
2490 1229 2615 1292 quo

335 1323 459 1387 fuit
515 1323 792 1395 Gedeon,
848 1322 1325 1386 tabernaculum
1384 1320 1484 1385 dei
1540 1325 1675 1385 erat
1725 1323 1785 1384 in
1846 1320 2008 1395 Silo;
2058 1324 2246 1402 atque
2291 1319 2433 1384 ideo
2479 1317 2614 1381 illic

338 1433 585 1494 tantum
633 1430 921 1513 legitime
968 1431 1189 1510 posset
1228 1428 1589 1492 sacrificari.
1641 1428 1751 1492 sed
1789 1428 2287 1511 intellegendum
2331 1431 2430 1491 est
2469 1427 2635 1509 quod

338 1537 519 1600 illum
569 1523 865 1619 angelum
912 1535 1116 1617 primo
1166 1534 1541 1617 prophetam
1587 1538 1927 1616 putauerat
1973 1537 2037 1598 et
2082 1538 2406 1616 tamquam
2445 1533 2631 1597 deum

253 1668 302 1705 ιο
342 1642 521 1706 illum
584 1642 989 1706 consuluerat
1045 1640 1122 1706 de
1180 1641 1492 1705 offerendo
1553 1641 1889 1706 sacrificio:
1950 1640 2118 1722 quod
2166 1642 2274 1705 ille
2325 1640 2379 1705 si
2426 1640 2632 1724 prohi-

340 1749 605 1825 buisset,
647 1768 765 1812 non
818 1749 1041 1830 utique
1081 1748 1288 1821 fieret,
1339 1748 1449 1812 sed
1491 1748 1788 1829 quoniam
1831 1748 2204 1830 adprobauit
2245 1752 2308 1812 et
2345 1751 2418 1811 ut
2455 1747 2634 1812 fieret

339 1855 581 1931 annuit,
630 1854 729 1918 dei
779 1854 1223 1919 auctoritatem
1276 1853 1534 1919 Gedeon
1585 1854 1647 1918 in
1695 1854 1979 1919 faciendo
2040 1858 2299 1919 secutus
2359 1859 2475 1918 est.
2542 1855 2632 1918 ita

339 1961 572 2044 quippe
631 1961 787 2024 deus
846 1961 1132 2044 legitima
1187 1960 1300 2024 illa
1356 1960 1714 2039 constituit,
1773 1965 1847 2025 ut
1900 1962 2077 2045 leges
2137 1980 2256 2024 non
2316 1961 2459 2035 sibi,
2521 1961 2632 2025 sed

336 2067 702 2133 hominibus
743 2067 940 2131 daret.
988 2067 1155 2131 unde
1196 2067 1642 2150 quodcumque
1679 2071 1928 2149 praeter
1963 2068 2077 2131 illa
2115 2069 2249 2149 ipse
2289 2068 2628 2150 praecepit,

252 2201 302 2239 ιε»
338 2194 459 2239 non
526 2193 562 2236 a
625 2174 1226 2257 transgressoribuS,
1286 2173 1398 2238 sed
1463 2175 1680 2255 potius
1738 2194 1774 2237 a
1827 2175 1952 2257 piis
2020 2179 2084 2238 et
2148 2173 2630 2238 oboedientibus

337 2281 650 2363 inpletum
716 2280 1213 2363 intellegendum
1281 2286 1404 2344 est:
1484 2282 1653 2343 sicut
1714 2280 2028 2344 Abrabam
2097 2280 2172 2343 de
2237 2280 2628 2344 immolando

340 2385 490 2451 filio.
540 2405 681 2449 nam
731 2386 822 2449 sic
870 2390 934 2450 et
980 2387 1197 2451 Helias
1248 2391 1418 2451 extra
1464 2387 1938 2451 tabernaculum
1981 2387 2216 2451 domini
2258 2387 2336 2449 ad
2375 2386 2628 2449 conuin-

340 2493 571 2558 cendos
640 2493 999 2558 sacerdotes
1066 2494 1378 2559 idolorum
1447 2495 1858 2559 sacrificauit:
1926 2495 2093 2577 quod
2160 2513 2229 2557 ex
2291 2496 2625 2575 praecepto

340 2598 577 2663 domini
635 2599 865 2664 fecisse
922 2600 1389 2683 intellegendus
1446 2605 1566 2677 est,
1617 2601 1726 2683 qui
1787 2601 1844 2665 ei
1900 2604 2226 2683 tamquam
2281 2599 2627 2683 prophetae

248 2735 301 2773 20
338 2705 723 2770 reuelatione
789 2710 978 2788 atque
1043 2707 1453 2790 inspiratione
1518 2708 1713 2771 iussit
1775 2711 1850 2771 ut
1906 2708 2159 2772 faceret.
2238 2725 2626 2789 quamquam

339 2814 513 2874 tanta
570 2813 961 2877 consuetudo
1017 2818 1266 2894 praeter
1310 2814 1790 2878 tabernaculum
1838 2813 2227 2879 sacrificandi
2276 2812 2626 2889 crebuerat,

338 2920 409 2979 ut
456 2917 648 2981 etiam
699 2916 994 2984 Salomon
1043 2920 1105 2983 in
1155 2920 1420 2985 excelsis
1470 2922 1859 2986 sacrificasse
1905 2921 2262 2985 inueniatur
2316 2938 2432 2984 nec
2489 2919 2626 2983 eius

339 3024 717 3088 sacrificium
773 3025 975 3090 fuisse
1030 3027 1454 3107 reprobatum.
1524 3032 1590 3091 et
1644 3032 1854 3093 tamen
1912 3031 2212 3093 notantur
2264 3047 2468 3110 regeS,
2518 3026 2625 3108 qui

336 3130 500 3194 inter
546 3150 733 3211 opera
768 3132 1115 3196 laudabilia
1153 3151 1269 3196 sua
1307 3152 1426 3198 non
1471 3133 1915 3199 destruxerunt
1952 3136 2218 3210 excelsa,
2261 3134 2367 3198 ubi
2410 3136 2627 3196 contra

243 3267 297 3307 2⁵
334 3236 542 3320 legem
601 3237 701 3302 dei
758 3240 1034 3321 populus
1102 3239 1449 3304 sacrificare
1516 3246 1953 3319 consueuerat,
2013 3245 2077 3306 et
2143 3242 2249 3324 qui
2317 3240 2628 3305 destruxit

335 3344 572 3408 maiore
620 3345 1086 3427 praedicatione
1135 3346 1450 3410 laudatur.
1499 3348 1589 3411 ita
1638 3347 1792 3412 deus
1842 3349 2360 3415 consuetudinem
2401 3346 2626 3430 populi

335 3449 456 3527 sui,
498 3469 621 3531 qua
666 3453 914 3533 praeter
952 3452 1089 3516 eius
1128 3453 1606 3517 tabernaculum
1645 3459 1854 3519 tamen
1894 3475 2014 3520 non
2056 3455 2176 3519 diis
2217 3455 2438 3519 alienis
2478 3452 2622 3516 offe—

334 3555 572 3630 rebant,
623 3557 733 3621 sed
793 3558 1045 3622 domino
1109 3559 1223 3623 deo
1273 3579 1409 3636 suo,
1460 3561 1819 3625 sustinebat
1863 3563 2080 3645 potius
2129 3581 2315 3644 quam
2364 3559 2625 3624 uetabat

509 3799 543 3852 3
581 3798 646 3853 cs.
684 3799 803 3854 Iud.
842 3802 893 3864 (3,
933 3801 1001 3855 20
1114 3802 1145 3853 6
1184 3801 1250 3856 cf.
1290 3802 1451 3856 Dent.
1494 3805 1578 3867 12,
1623 3803 1686 3858 13
1793 3805 1857 3858 16
1897 3805 1961 3860 cf.
2002 3804 2134 3860 Gen.
2175 3805 2261 3866 22,
2303 3807 2334 3858 2
2450 3805 2512 3857 17
2553 3803 2620 3857 cf.

331 3882 414 3937 111
454 3884 584 3955 Reg.
629 3887 712 3948 18.
751 3887 966 3941 30—38
1075 3890 1145 3941 22
1185 3889 1251 3942 ef.
1290 3889 1373 3943 111
1410 3891 1546 3960 Reg.
1587 3892 1637 3952 3,
1675 3893 1854 3945 4-1.·‚

401 4042 435 4093 4
476 4040 606 4094 deus
643 4059 744 4097 om.
784 4045 840 4098 P
1000 4049 1032 4099 5
1071 4047 1369 4102 tacrificare
1417 4048 1488 4102 V¹
1636 4051 1665 4103 7
1709 4051 1874 4104 selom
1912 4050 1977 4103 N
2008 4051 2122 4119 sylo
2170 4050 2221 4102 T
2362 4050 2427 4102 10
2465 4048 2619 4101 illum

326 4129 550 4197 scripsi:
586 4131 641 4184 in
679 4133 773 4186 illo
813 4133 944 4187 libri
1050 4136 1356 4190 consuler-at
1383 4137 1446 4192 S·
1476 4143 1760 4192 consuerat
1787 4139 1853 4192 N
1921 4141 1985 4193 15
2022 4136 2533 4208 transgressioribus
2574 4137 2623 4191 V

329 4235 363 4270 a
400 4218 526 4288 piis]
569 4220 713 4289 sapit
748 4220 815 4274 N
927 4222 992 4277 16
1032 4222 1097 4276 de
1134 4224 1429 4279 habraham
1467 4227 1531 4279 N
1651 4228 1714 4280 17
1756 4232 1812 4281 et
1849 4229 1924 4282 sic
1963 4227 2245 4282 PSVde
2355 4227 2419 4280 19
2455 4227 2619 4280 intel-

327 4305 618 4375 legendum
656 4308 870 4363 PSVT
936 4313 1000 4365 21
1044 4329 1239 4367 consue
1276 4314 1341 4366 N
1448 4315 1755 4369 crebruerat
1792 4316 1838 4371 S
1872 4317 2128 4370 debuerat
2164 4315 2318 4368 P¹V¹
2392 4315 2461 4368 24
2492 4315 2618 4370 dex-

326 4399 609 4449 truxerunt
643 4396 712 4450 N
813 4400 880 4452 25
921 4399 1189 4454 dextruxit
1224 4401 1291 4455 N
1391 4403 1458 4456 27
1499 4404 1582 4456 dis
1618 4404 1684 4456 N
1785 4405 1853 4458 28
1892 4406 2115 4460 uetebat
2149 4405 2304 4459 P¹V¹
