3076 4976
508 480 645 544 410
1223 478 1273 531 S.
1331 477 1608 531 Aureli
1665 476 2094 547 Augustini

510 672 615 736 uis
674 672 764 736 ita
821 672 978 735 haec
1036 671 1230 734 uerba
1287 689 1508 734 sonare
1565 670 1932 746 uideantur3
1989 672 2331 751 utrumque
2390 671 2556 735 enim
2611 688 2807 735 unum

506 781 613 842 est
686 780 1161 850 testamentum,
1230 776 1399 858 quod
1473 777 1535 840 in
1604 776 1875 841 ecclesia
1940 776 2175 840 dicitur
2238 781 2449 841 uetus,
2543 796 2688 841 nam
2753 778 2810 842 si

511 889 771 967 propter
826 884 981 949 haec
1039 883 1233 948 uerba
1289 883 1412 948 duo
1471 886 1853 948 testamenta
1909 883 2172 947 dicenda
2226 887 2456 962 essent,
2502 885 2628 949 iarn
2684 905 2807 950 non

507 992 663 1067 duo,
715 990 827 1055 sed
873 992 1057 1073 plura
1106 995 1318 1055 essent
1368 992 1626 1073 excepto
1675 1009 1863 1054 nouo.
1929 990 2151 1054 multis
2199 990 2363 1054 enim
2409 990 2568 1055 locis
2615 992 2809 1074 scrip·

504 1101 653 1161 tura
683 1097 839 1161 dicit
866 1099 1357 1169 testamentum3
1400 1098 1570 1160 sicut
1597 1096 1761 1160 illud
1792 1095 1959 1178 quod
1985 1096 2227 1160 factum
2256 1096 2461 1161 estad
2491 1096 2806 1163 Abraham
2865 1118 2891 1155 ε»

505 1202 587 1268 de
636 1203 1117 1267 circumcisione
1167 1203 1270 1266 uel
1318 1202 1477 1266 illud
1527 1202 1822 1285 superius
1870 1202 1951 1266 ad
1995 1201 2152 1268 Noe.

601 1310 672 1375 L.
741 1309 891 1374 Vos
951 1309 1270 1373 uidistis
1330 1309 1574 1374 omnia
1631 1327 2151 1391 quaecumque
2215 1309 2404 1374 fecit
2460 1310 2804 1376 dominus

510 1416 705 1481 deus
765 1418 1025 1480 uester
1082 1416 1150 1479 in
1209 1418 1408 1479 terra
1455 1415 1796 1499 Aegypto
1857 1433 2099 1480 coram
2158 1417 2379 1481 uobis
2435 1416 2804 1481 Pharaoni

507 1527 593 1586 et
653 1522 1004 1586 omnibus
1065 1523 1311 1586 seruis
1370 1522 1533 1586 eius
1593 1526 1665 1586 et
1722 1521 1916 1585 omni
1965 1527 2209 1586 terrae
2266 1522 2516 1597 illius,
2573 1527 2803 1588 tenta-

503 1630 771 1694 tiones
819 1647 1149 1713 magnaS‚
1198 1648 1380 1712 quas
1428 1628 1787 1693 uiderunt
1833 1628 2034 1693 oculi
2081 1629 2219 1706 tui,
2268 1629 2485 1713 signa
2532 1634 2605 1695 et
2650 1649 2801 1712 pro·
2839 1648 2886 1687 ιο

505 1737 718 1820 digia
783 1735 925 1800 illa
991 1756 1254 1820 magna
1322 1738 1395 1799 et
1458 1755 1750 1799 manum
1817 1735 2168 1800 ualidam.
2257 1740 2328 1800 et
2394 1756 2529 1802 non
2599 1736 2803 1801 dedit

504 1842 863 1907 dominus
942 1843 1124 1908 deus
1200 1842 1421 1907 uobis
1490 1861 1614 1907 cor
1679 1841 1873 1906 scire
1940 1845 2010 1907 et
2077 1842 2339 1907 oculos
2406 1842 2663 1908 uidere
2730 1846 2803 1907 et

503 1968 730 2013 aures
798 1950 1061 2014 audire
1119 1968 1356 2031 usque
1412 1949 1483 2012 in
1543 1948 1736 2012 diem
1800 1947 2046 2011 istam.
2131 1947 2448 2029 quomodo
2506 1967 2657 2032 ergo
2714 1948 2800 2013 ait

506 2056 840 2140 superius:
900 2076 1036 2121 uos
1084 2055 1402 2119 uidistis
1452 2054 1920 2119 tentationes
1968 2072 2304 2137 magnam,
2363 2073 2546 2137 quas
2605 2054 2797 2119 uide-

505 2165 682 2226 runt
730 2161 934 2226 oculi
982 2162 1119 2239 tui,
1169 2161 1223 2225 si
1263 2180 1401 2225 non
1443 2160 1654 2225 dedit
1694 2160 2044 2224 dominus
2085 2159 2196 2223 eis
2239 2160 2502 2225 oculos
2545 2160 2795 2226 uidere
2831 2176 2877 2215 1⁵

505 2273 581 2331 et
637 2287 857 2332 aures
916 2268 1218 2332 audire?
1295 2267 1415 2332 nisi
1473 2267 1622 2349 quia
1679 2267 1976 2332 uiderunt
2031 2285 2287 2348 corpore
2336 2270 2401 2332 et
2448 2266 2634 2332 corde
2680 2287 2795 2331 non

503 2375 825 2452 uiderunt,
869 2375 1016 2457 quia
1064 2374 1234 2440 oculi
1281 2375 1579 2439 dicuntur
1626 2379 1690 2439 et
1737 2373 1963 2439 cordis.
2013 2377 2344 2457 propterea
2378 2374 2523 2439 inde
2564 2374 2796 2458 coepit:

504 2486 585 2546 et
654 2503 793 2548 non
863 2482 1073 2547 dedit
1138 2482 1483 2547 dominns
1552 2481 1733 2547 deus
1800 2482 2019 2548 uobis
2078 2502 2202 2548 cor
2257 2482 2472 2550 scire.
2549 2481 2628 2547 ad
2682 2482 2798 2548 hoc

500 2589 826 2670 peitinent
875 2589 1021 2664 duo,
1073 2609 1232 2671 quae
1282 2592 1659 2672 sequuntur:
1719 2593 1792 2653 et
1847 2590 2108 2654 oculos
2157 2589 2413 2655 uidere
2464 2592 2537 2654 et
2582 2609 2794 2654 aures

500 2695 798 2772 audire,
856 2696 922 2760 id
978 2699 1079 2760 est
1132 2696 1503 2779 intellegere
1564 2699 1629 2759 ct
1675 2697 2125 2779 obtemperare.
2202 2696 2370 2778 quod
2416 2715 2567 2763 uero
2617 2696 2867 2761 dicitz²⁰

500 2806 577 2865 et
627 2821 765 2867 non
815 2803 1026 2868 dedit
1073 2802 1418 2867 dominus
1467 2802 1653 2866 deus
1703 2801 1956 2877 uobiS‚
2009 2802 2183 2866 nullo
2231 2802 2420 2867 modo
2468 2804 2791 2886 increpans

497 2912 567 2971 et
605 2927 874 2992 arguens
914 2909 1034 2974 hoc
1073 2908 1326 2982 diceret,
1368 2908 1489 2973 nisi
1528 2908 1610 2971 ad
1648 2926 1863 2972 eorum
1904 2928 2154 2991 quoque
2195 2910 2448 2992 culpam
2487 2910 2792 2992 pertinere

498 3012 791 3099 intellegi
848 3015 1064 3092 uellet,
1121 3034 1199 3079 ne
1257 3014 1595 3096 quisquam
1654 3034 1719 3079 se
1779 3035 1849 3078 ex
1916 3016 2033 3080 hoc
2102 3016 2526 3081 excusabilem
2593 3020 2791 3100 putet.

499 3122 697 3187 simul
756 3121 920 3186 enim
980 3120 1260 3185 ostendit
1317 3125 1379 3185 et
1436 3121 1571 3184 sine
1629 3121 1940 3186 adiutorio
2000 3120 2235 3186 domini
2294 3121 2396 3186 dei
2451 3142 2558 3188 eos
2614 3124 2790 3188 intel·

500 3230 715 3312 legere
766 3230 832 3290 et
879 3227 1171 3292 oboedire
1223 3247 1342 3292 non
1389 3247 1581 3311 posse
1632 3229 1832 3292 oculis
1883 3228 2090 3293 cordis
2139 3231 2203 3292 et
2249 3229 2507 3292 auribus
2564 3230 2787 3296 cordis,
2822 3236 2872 3277 2⁵

498 3338 568 3398 et
623 3335 853 3410 tamen,
912 3333 967 3396 si
1023 3333 1406 3398 adiutorium
1465 3334 1568 3398 dei
1624 3334 1809 3410 desit,
1867 3354 1989 3398 non
2046 3334 2189 3399 ideo
2248 3354 2387 3399 esse
2435 3335 2786 3400 excusabile

498 3439 775 3505 hominis
825 3438 1078 3516 uitium,
1129 3440 1424 3521 quoniam
1475 3439 1710 3504 iudicia
1765 3439 1867 3504 dei
1923 3441 2219 3522 quamuis
2276 3442 2527 3505 occulta
2581 3446 2783 3506 tamen

495 3546 669 3610 insta
718 3550 888 3610 sunt.

680 3741 712 3792 5
751 3738 817 3790 cf.
860 3736 991 3791 Gen.
1036 3738 1118 3798 17,
1157 3739 1192 3790 4
1301 3739 1333 3792 6
1374 3736 1440 3790 cf.
1484 3736 1617 3790 Gen.
1658 3738 1707 3800 9,
1738 3737 1796 3798 9;
1837 3736 1939 3792 Ios,
1972 3737 2057 3798 24,
2088 3738 2156 3790 25
2268 3739 2297 3791 7
2337 3737 2501 3793 Dent.
2532 3739 2617 3803 29,
2648 3738 2784 3793 2—4

494 3827 566 3880 27
607 3826 672 3882 cs.
712 3826 877 3896 Apoc.
922 3826 1003 3889 16,
1045 3826 1074 3878 7

569 3962 600 4015 6
640 3958 730 4028 ad]
774 3977 803 4012 a
841 3958 952 4013 PU
1062 3960 1091 4012 7
1132 3959 1200 4012 Et
1239 3976 1336 4012 uos
1366 3958 1732 4018 PSVUde:
1773 3960 1843 4027 cf.
1876 3960 2008 4013 Loc,
2037 3959 2303 4013 LXIIII
2438 3959 2572 4013 fecit
2602 3976 2702 4014 om.
2742 3960 2790 4012 Γ

493 4050 531 4103 8
572 4049 789 4118 aegypti
827 4047 983 4103 PSV
989 4047 1041 4101 U
1045 4048 1094 4101 T
1094 4047 1167 4100 bd
1328 4049 1540 4101 faraoni
1575 4048 1689 4103 PU
1819 4051 1850 4102 9
1891 4049 2088 4118 terrae]
2128 4052 2373 4118 tempore
2411 4048 2478 4103 8¹
2640 4048 2784 4102 illius

496 4137 629 4191 fecit
678 4137 729 4189 V
838 4139 898 4190 11
942 4136 1037 4205 τὴν
1074 4142 1225 4206 χεῖρα
1261 4136 1355 4207 τὴν
1394 4136 1644 4206 κραταιάν
1683 4137 1798 4192 cod.
1829 4138 1986 4191 Alex.
2019 4143 2068 4191 et
2096 4136 2234 4206 Laq.
2349 4138 2414 4191 12
2454 4137 2588 4192 deus
2616 4155 2717 4193 om.
2745 4136 2786 4190 S

501 4227 566 4279 13
604 4225 789 4280 audire
828 4242 985 4279 aures
1021 4224 1240 4278 PVL'T
1381 4225 1567 4279 audire
1607 4241 1708 4280 om.
1739 4226 1785 4281 S
1926 4225 2014 4279 die
2040 4226 2148 4280 ista
2177 4225 2352 4280 PUN
2457 4227 2525 4280 14
2562 4240 2784 4296 magnas

490 4329 598 4368 om.
640 4315 691 4368 Γ
797 4317 861 4368 15
901 4315 945 4367 si
975 4330 1077 4369 om.
1107 4315 1171 4368 N
1276 4316 1341 4368 16
1381 4313 1697 4368 et-audire
1724 4331 1826 4370 om.
1857 4314 1924 4368 N
2029 4317 2093 4369 19
2132 4315 2372 4386 pertinet
2400 4316 2514 4370 PU
2619 4316 2686 4370 23
2725 4331 2784 4367 ex

494 4401 598 4454 hoc
639 4417 741 4456 om.
782 4401 828 4456 S
