3076 4976
429 335 557 399 600
1135 332 1185 389 S.
1244 334 1523 387 Aureli
1579 332 2021 403 Augustini

428 530 491 592 et
538 527 802 591 dicendo
854 547 919 590 se
970 547 1109 592 esse
1159 527 1474 610 sapientes
1525 529 1713 592 stulti
1768 528 1941 594 fiant.
2000 533 2216 612 potest
2271 531 2440 595 enim
2496 531 2730 595 aufern‘

427 634 738 716 superbis,
814 635 982 717 quod
1066 635 1252 699 datur
1331 635 1707 699 humilibus,
1794 641 2180 719 quapropter
2263 640 2326 701 et
2408 637 2729 720 sapientes

428 741 722 822 quamuis
770 741 975 806 cordis
1023 741 1525 819 inluminatione,
1576 762 1696 806 non
1732 743 1990 826 liuguae
2028 744 2369 808 iactatione
2408 744 2730 828 sapientes

429 848 556 912 sint
603 851 667 910 et
710 866 913 930 regeS,
963 848 1334 929 spiritaliter
1389 849 1744 912 iudicantes
1801 853 2056 927 terram,
2104 850 2230 932 ipsi
2278 855 2495 914 autem
2543 872 2579 915 a
2627 871 2732 915 ne·

425 953 592 1017 mine
639 953 1016 1031 iudicentur,
1058 955 1342 1019 seruiant
1387 959 1600 1040 tam—en
1650 956 1901 1021 domino
1949 957 2013 1019 in
2062 956 2287 1020 timore
2338 960 2402 1021 et
2448 958 2733 1022 exultent
2795 977 2822 1015 τι

431 1079 574 1124 cum
625 1064 913 1135 tremore,
962 1080 1039 1124 ne
1088 1066 1346 1141 pereant
1386 1062 1461 1125 de
1499 1062 1609 1126 uia
1646 1067 1841 1136 recta;
1895 1064 2088 1127 deus
2140 1065 2348 1128 enim
2397 1067 2543 1141 est,
2596 1065 2731 1146 qui

431 1170 817 1248 operatur
862 1167 924 1230 in
975 1167 1064 1231 eis
1116 1171 1194 1231 et
1240 1167 1460 1232 uelle
1511 1171 1589 1232 et
1636 1169 1956 1250 operari
2011 1189 2149 1252 pro
2197 1171 2403 1234 bona
2450 1172 2731 1235 uolun-

429 1276 618 1338 tate.

517 1380 874 1443 XXXVIII.
924 1381 1019 1444 Et
1082 1384 1511 1463 postquam
1580 1382 1905 1463 quieuit
1959 1382 2140 1446 Elin
2209 1383 2461 1465 loqui,
2522 1383 2734 1447 dixit

433 1486 804 1550 dominus
873 1487 962 1550 ad
1029 1486 1167 1549 Iob
1234 1506 1371 1569 per
1435 1488 1841 1552 turbinem
1908 1489 2187 1554 nubis:
2246 1490 2438 1553 etiam
2498 1490 2553 1554 si
2608 1490 2730 1554 hoe
2772 1511 2820 1548 ιο

430 1592 617 1656 modo
666 1612 788 1657 uox
832 1593 960 1657 ista.
1005 1594 1175 1658 facta
1222 1596 1339 1668 est,
1381 1614 1503 1677 quo
1555 1594 1741 1659 modo
1792 1595 1868 1658 ad
1906 1596 2193 1678 Moysen,
2235 1595 2340 1660 uel
2378 1615 2500 1679 quo
2543 1595 2730 1660 modo

432 1717 577 1764 cum
625 1719 692 1764 se
741 1700 1035 1765 dominus
1082 1701 1288 1765 tribus
1337 1701 1670 1783 discipulis
1717 1702 1779 1766 in
1819 1706 2030 1768 monte
2073 1703 2478 1779 ostendisset,
2518 1707 2732 1767 tamen

434 1807 604 1891 quod
668 1827 790 1872 non
857 1809 1100 1873 dictum
1166 1812 1266 1874 est
1330 1809 1708 1891 simpliciter
1781 1830 1928 1892 „per
1994 1797 2315 1887 nubem“,'
2362 1811 2475 1875 sed
2554 1830 2732 1893 „per

432 1914 837 1980 turbinem
901 1916 1208 1994 nubis“,
1275 1916 1395 1980 hoc
1462 1916 1806 2000 significari
1872 1917 2157 1993 arbitror,
2219 1917 2385 2000 quod
2444 1937 2564 1981 non
2620 1937 2733 1998 per

433 2042 647 2087 sanam
697 2040 947 2086 carnem
993 2015 1438 2106 interrogatus,
1487 2022 1608 2086 hoc
1656 2025 1757 2086 est
1800 2026 2084 2087 tentatus
2133 2027 2233 2087 est
2278 2023 2412 2100 Iob,
2464 2024 2574 2088 sed
2620 2043 2735 2106 per
2772 2044 2818 2083 15

433 2128 909 2194 tribulationem
956 2129 1621 2211 perturbationemque
1662 2129 1882 2194 carnis,
1936 2129 2114 2211 quis
2164 2133 2290 2194 est
2337 2129 2470 2212 qui
2519 2130 2733 2193 celat

434 2257 549 2301 me
599 2237 1059 2313 consilium,
1113 2236 1542 2301 continens
1594 2254 2004 2300 sermones
2054 2237 2126 2300 in
2187 2236 2444 2312 corde,
2494 2240 2572 2300 et
2617 2256 2730 2299 me

432 2348 672 2427 putat
716 2343 1028 2406 latere?
1076 2362 1259 2407 nemo
1310 2345 1408 2406 est
1454 2361 1603 2425 ergo
1655 2342 1763 2425 qui
1814 2361 1879 2406 se
1918 2342 2285 2406 inmeritum
2320 2343 2454 2425 pati
2493 2341 2733 2424 aliquid

435 2470 729 2534 asperum
794 2449 1000 2525 dicat3
1070 2449 1218 2532 quia
1284 2448 1340 2513 si
1402 2467 1524 2513 non
1583 2448 1793 2523 factiS,
1844 2447 2070 2513 saltem
2130 2448 2343 2513 uerbis
2400 2451 2728 2531 peccatum

434 2564 499 2623 et
564 2559 618 2622 si
684 2575 805 2620 non
870 2556 1106 2632 uerbis,
1174 2556 1402 2620 saltem
1468 2556 1800 2620 temeraria
1862 2556 2376 2638 praesumptione
2441 2555 2615 2620 intus
2669 2555 2731 2618 in
2770 2577 2817 2615 πο

436 2665 620 2730 corde
684 2663 790 2727 uel
856 2662 1251 2727 sermonibus
1318 2661 1808 2745 cogitationum:
1877 2665 1943 2726 et
2007 2661 2301 2744 quoniam
2367 2662 2557 2726 deum
2614 2681 2729 2725 non

433 2774 655 2849 latent,
707 2789 890 2834 nemo
938 2768 1295 2853 flagellatus
1346 2769 1514 2833 dicat
1560 2769 1817 2852 indigne
1866 2788 1933 2833 se
1981 2770 2264 2851 accipere
2312 2768 2728 2851 disciplinam,

439 2878 620 2960 quasi
683 2876 852 2939 ultra
916 2895 1035 2939 non
1104 2874 1209 2951 sit,
1259 2893 1381 2957 quo
1447 2894 1560 2958 per
1623 2875 1800 2938 illam
1866 2874 2174 2957 proficiat.
2242 2875 2571 2939 sciendum
2638 2879 2734 2939 est

440 2984 606 3049 enim
656 2983 745 3047 sic
803 2982 863 3045 in
922 2980 1230 3064 principio
1287 2981 1433 3045 libri
1479 2981 1671 3045 huius
1720 2981 1972 3046 diabolo
2020 2982 2349 3046 laudatum
2394 2981 2508 3045 Iob
2556 2981 2732 3045 testi-

436 3090 646 3154 monio
697 3088 798 3152 dei
847 3092 910 3152 et
954 3089 1015 3152 in
1066 3087 1186 3151 fine
1223 3087 1427 3152 tribus
1476 3087 1697 3152 amicis
1747 3087 1905 3166 ciue,
1944 3090 2019 3152 ut
2054 3089 2266 3151 tamen
2312 3090 2534 3151 nosset
2580 3088 2730 3151 deus
2767 3110 2814 3150 25

440 3199 747 3279 quantum
812 3196 869 3258 ei
936 3195 1187 3259 deesset
1252 3194 1330 3257 ad
1394 3194 1868 3276 perfectionem,
1934 3214 2057 3277 quo
2126 3193 2315 3258 etiam
2380 3193 2731 3258 laudabiles

440 3303 789 3367 secundum
855 3302 1015 3366 hanc
1077 3302 1278 3365 uitam
1340 3302 1510 3365 uiros
1580 3304 1643 3365 et
1708 3301 1823 3365 deo
1890 3301 2016 3364 iam
2083 3300 2403 3383 placentes
2477 3303 2733 3383 paterna

437 3410 692 3492 flagella
736 3409 1117 3491 perducunt3
1178 3427 1338 3491 quae
1385 3407 1592 3472 noluit
1639 3408 1713 3471 ab
1764 3407 2051 3489 apostolo
2100 3426 2422 3471 remouere
2480 3406 2728 3470 dicens:

622 3600 646 3653 1
691 3599 756 3653 cs.
796 3599 948 3653 Rom.
993 3602 1038 3659 l,
1078 3599 1147 3653 22
1239 3602 1272 3653 4
1314 3598 1380 3653 cf.
1419 3599 1446 3652 Ι
1485 3599 1605 3653 Cor.
1647 3600 1695 3659 2,
1741 3602 1805 3654 15
1907 3601 1939 3652 5
1980 3599 2046 3653 cf.
2085 3599 2175 3651 Ps.
2215 3600 2267 3661 2,
2308 3599 2392 3652 11.
2438 3600 2502 3651 12
2597 3599 2628 3650 6
2667 3596 2728 3649 cf.

438 3688 580 3741 Phil.
620 3689 670 3750 2,
712 3689 777 3742 13
852 3690 884 3741 9
923 3688 1019 3741 Iob
1061 3689 1147 3753 38,
1189 3690 1216 3741 l
1297 3689 1358 3741 11
1402 3689 1468 3741 cs.
1499 3687 1593 3740 Ex.
1640 3689 1722 3751 19,
1769 3688 1830 3740 18
1869 3704 1948 3757 sq.
2028 3689 2092 3740 12
2132 3686 2431 3742 cf.Matt11.
2472 3687 2555 3747 17,
2600 3687 2730 3739 1-5

444 3778 508 3830 16
546 3776 644 3829 Iob
685 3777 771 3839 38,
811 3777 843 3828 2

512 3903 546 3955 5
585 3905 944 3954 et—tremore
983 3916 1084 3954 om.
1131 3899 1178 3953 C
1282 3900 1315 3953 6
1356 3904 1438 3952 est
1477 3900 1619 3952 enim
1660 3899 1697 3952 d
1788 3901 1819 3953 9
1859 3903 2214 3968 posteaquam
2255 3898 2433 3952 1>de
2523 3899 2646 3967 elyu
2692 3897 2737 3950 T

438 3990 600 4059 helyu
642 3989 718 4042 Cb
757 3989 893 4042 elius
935 3988 1075 4042 Hier
1111 3988 1290 4042 helius
1329 3988 1375 4043 S
1483 3989 1548 4041 10
1587 3989 1809 4041 nubium
1852 3988 1897 4041 S
2023 3989 2086 4040 17
2125 3988 2231 4056 me]
2270 3997 2393 4041 meu
2432 3987 2463 4039 b
2611 4004 2732 4040 con·

439 4084 649 4132 temnes
694 4077 744 4130 T
750 4076 824 4130 Cb
947 4083 1106 4146 putat
1141 4094 1226 4131 me
1264 4077 1408 4131 Hier
1503 4077 1567 4129 18
1604 4077 1775 4130 latere
1814 4075 2025 4129 SHier:
2066 4075 2191 4129 dare
2239 4075 2464 4129 TPde
2555 4076 2621 4128 19
2651 4092 2730 4127 as-

439 4167 651 4238 perum]
684 4183 716 4218 a
747 4153 849 4234 {ffu-
877 4166 929 4218 P
997 4169 1065 4220 20
1093 4166 1403 4220 et—uerbis
1434 4182 1533 4220 om.
1573 4164 1619 4219 O
1689 4168 1753 4219 21
1786 4164 1968 4233 deum]
2003 4165 2206 4217 domini
2237 4165 2281 4217 C
2349 4165 2419 4216 22
2450 4165 2663 4217 lateant
2694 4161 2736 4215 C

440 4257 508 4309 23
550 4254 765 4325 proficit
803 4254 832 4307 b
943 4256 1010 4308 25
1049 4261 1238 4308 noscet
1281 4255 1327 4308 G
1432 4255 1500 4308 28
1540 4255 1716 4308 uoluit
1760 4253 1806 4307 C
