3076 4976
699 468 1174 534 Quaestionum
1211 467 1324 521 lib.
1370 468 1410 520 V
1460 466 1750 534 (Quaest.
1793 466 1867 521 de
1907 466 2465 535 Deuteronomio).
2593 473 2721 536 405

429 669 577 751 quia
632 685 755 731 non
813 664 945 729 sine
999 663 1217 728 liberis
1266 681 1339 727 ex
1398 663 1516 725 hac
1573 663 1711 725 uita
1765 661 2121 746 emigraret.
2181 666 2246 727 et
2291 663 2409 727 hoc
2466 663 2724 728 iubetur

429 795 500 839 ex
546 774 683 838 eius
741 790 928 835 uxore
977 772 1170 834 frater
1227 769 1363 833 eius
1418 768 1680 851 inplere,
1740 769 1908 850 quod
1953 769 2062 833 ille
2111 788 2231 834 non
2288 771 2518 853 potuit.
2576 791 2720 835 nam

427 882 547 946 etsi
594 880 787 944 frater
831 897 953 941 non
1009 877 1258 951 fuisset,
1311 873 1419 962 [et]
1469 875 1860 957 propinquus
1918 875 2191 939 ducebat
2245 896 2502 941 uxorem
2558 878 2717 956 eiuS‚

426 989 532 1071 qui
579 987 714 1052 sine
751 985 901 1049 filiis
940 988 1230 1047 mortuus
1270 986 1460 1058 esset,
1503 980 1581 1045 ad
1620 981 2060 1046 suscitandum
2100 1001 2312 1046 semen
2352 982 2530 1047 fratri
2569 1003 2715 1059 su0;

361 1118 387 1156 5
424 1096 593 1159 sicut
637 1092 789 1157 fecit
835 1092 1005 1155 Booz
1055 1088 1339 1153 ducendo
1390 1088 1583 1165 Ruth,
1630 1092 1706 1152 ut
1752 1105 1964 1152 semen
2013 1088 2309 1153 excitaret
2365 1090 2715 1173 propinquo

424 1222 561 1279 suo,
628 1198 810 1263 cuius
876 1196 1082 1259 fuerat
1144 1194 1256 1258 illa
1300 1213 1455 1258 uxor
1517 1213 1632 1258 nec
1681 1195 1757 1258 de
1813 1195 1924 1259 illo
1981 1199 2327 1279 pepererat.
2387 1200 2450 1260 et
2505 1200 2714 1261 tamen

424 1308 531 1391 qui
582 1306 656 1370 de
704 1305 817 1369 illa
872 1305 1057 1367 natus
1107 1305 1208 1366 est
1253 1320 1324 1365 ex
1372 1301 1626 1365 nomine
1675 1301 1926 1382 quidem
1986 1301 2266 1366 defuncti
2325 1303 2714 1367 constitutus

421 1417 539 1490 est,
587 1412 736 1495 quia
798 1410 971 1474 filius
1038 1407 1175 1472 eius
1225 1410 1325 1472 est
1388 1408 1597 1472 dictus
1645 1445 1732 1455 —
1780 1412 1969 1489 atque
2015 1409 2106 1472 ita
2168 1408 2409 1473 factum
2475 1415 2591 1486 est,
2643 1413 2715 1474 ut

422 1538 645 1586 nomen
704 1515 987 1582 defuncti
1043 1534 1164 1579 non
1222 1514 1540 1579 deleretur
1587 1535 1658 1578 ex
1715 1514 1956 1579 Israhel
2003 1552 2088 1561 —
2137 1534 2252 1579 nec
2307 1518 2516 1580 tamen
2574 1516 2710 1581 eius

333 1653 383 1691 ιο
421 1626 668 1691 nomine
717 1623 1074 1706 appellatus
1123 1624 1239 1685 est.

508 1733 681 1812 Quae
732 1750 876 1794 cum
923 1729 1014 1793 ita
1063 1727 1210 1804 sint,
1260 1728 1687 1792 abundantius
1736 1728 1985 1793 duobus
2033 1729 2237 1793 modis
2287 1729 2452 1793 solui
2499 1735 2713 1812 potest

418 1837 786 1921 euangelica
851 1835 1159 1916 quaestio,
1219 1837 1292 1898 ut
1346 1854 1511 1899 unus
1571 1854 1807 1914 eorum,
1874 1855 2034 1918 quos
2093 1836 2381 1901 diuersos
2438 1856 2709 1901 comme·

416 1947 664 2011 morant
726 1943 1091 2006 Matthaeus
1141 1945 1204 2005 et
1258 1942 1484 2020 LucaS,
1553 1942 1644 2006 ita
1688 1943 1883 2007 fuerit
1945 1942 2337 2026 propinquus
2402 1944 2583 2008 alteri
2630 1946 2704 2009 ad

417 2051 766 2117 ducendam
814 2049 951 2113 eius
1000 2068 1274 2125 uxorem,
1314 2052 1388 2112 ut
1425 2049 1584 2114 alios
1624 2050 1816 2114 etiam
1856 2069 2109 2114 sursum
2149 2069 2374 2114 uersus
2417 2056 2706 2132 parentes

327 2186 375 2223 ιδ
416 2164 603 2241 atque
650 2155 919 2219 maiores
969 2154 1112 2230 iste,
1162 2154 1320 2218 alios
1368 2155 1475 2218 ille
1525 2155 1753 2219 habere
1801 2157 2098 2239 potuerit.
2149 2177 2289 2220 nam
2339 2157 2395 2221 si
2440 2157 2705 2224 fratrum

412 2265 529 2330 filii
572 2263 866 2338 fuissent,
916 2280 1111 2324 unum
1169 2261 1546 2325 habuissent
1600 2281 1812 2326 auum.
1863 2262 2031 2344 quod
2079 2283 2199 2328 non
2247 2264 2338 2327 ita
2384 2268 2509 2339 est3
2559 2285 2703 2329 nam

413 2369 762 2437 secundum
836 2368 1232 2431 Matthaeum
1310 2368 1573 2433 Mathan
1643 2373 1742 2433 est
1805 2390 1965 2434 auus
2032 2371 2283 2454 Ioseph,
2351 2371 2700 2436 secundum

412 2478 646 2542 Lucam
692 2494 843 2540 uero
893 2495 1010 2538 non
1059 2474 1338 2554 Mathan,
1378 2476 1487 2540 sed
1526 2476 1838 2541 Mathath.
1881 2476 2108 2560 quodsi
2146 2477 2482 2561 quisquam
2518 2483 2703 2561 putat

412 2603 550 2649 esse
598 2585 843 2646 tantum
896 2581 1377 2646 similitudinem
1428 2583 1719 2659 nomini8‚
1768 2590 1842 2649 ut
1888 2585 1965 2648 ab
2015 2585 2428 2667 scriptoribus
2475 2586 2536 2650 in
2577 2606 2702 2650 una

318 2718 371 2757 20
410 2692 622 2755 littera
669 2692 943 2753 erratum
994 2688 1096 2762 sit,
1147 2693 1219 2753 ut
1264 2690 1445 2753 fieret
1489 2692 1621 2754 tam
1667 2710 1866 2772 parua
1912 2695 1977 2755 et
2020 2711 2218 2774 paene
2273 2692 2450 2756 nulla
2498 2693 2698 2757 diuer-

412 2798 588 2872 sitas,
638 2795 788 2876 quid
837 2794 911 2858 de
958 2794 1225 2859 istorum
1274 2796 1562 2877 patribus
1621 2796 1907 2860 dicturus
1956 2801 2095 2862 est?
2158 2817 2295 2861 nam
2348 2799 2696 2863 secundum

407 2906 639 2968 Lucam
688 2902 978 2966 Mathath
1028 2901 1197 2965 filius
1245 2902 1369 2965 fuit
1415 2903 1592 2979 Leni,
1643 2904 1988 2967 secundum
2037 2905 2434 2969 Matthaeum
2483 2910 2696 2970 autem

406 3009 664 3074 Mathan
716 3027 784 3071 ex
833 3008 1093 3072 Eleazar
1147 3009 1404 3092 genitus
1463 3010 1809 3084 inuenitur3
1870 3018 2058 3093 atque
2108 3011 2196 3075 ita
2243 3012 2384 3075 inde
2443 3032 2694 3076 sursum

404 3134 629 3180 uersus
679 3115 912 3178 diuersi
964 3119 1115 3179 sunt
1160 3120 1372 3197 patres
1423 3120 1486 3180 et
1534 3116 1635 3179 aui
1685 3121 1748 3181 et
1795 3117 2017 3182 deinde
2065 3118 2333 3183 maiores
2373 3139 2576 3201 usque
2616 3119 2693 3182 ad

309 3253 363 3292 25
404 3221 767 3298 Zorobabel,
835 3221 941 3302 qui
1007 3221 1132 3285 fere
1201 3226 1299 3286 est
1364 3222 1709 3286 uicesimus
1776 3243 2031 3288 sursum
2098 3245 2321 3289 uersus
2381 3244 2414 3288 a
2461 3226 2691 3307 Ioseph

401 3329 566 3411 apud
612 3329 871 3406 Lucam,
922 3328 1088 3411 apud
1135 3328 1531 3393 Matthaeum
1580 3349 1728 3395 uero
1778 3331 2173 3396 undecimus.
2215 3332 2325 3414 qui
2362 3336 2692 3415 propterea

400 3436 538 3499 ideo
585 3434 721 3518 ipse
770 3453 910 3498 esse
951 3434 1245 3510 creditur,
1296 3436 1444 3516 quia
1495 3439 1674 3517 pater
1721 3436 1856 3500 eius
1906 3437 2071 3519 apud
2120 3443 2458 3521 utrumque
2507 3459 2690 3503 euan-

573 3681 605 3732 5
645 3677 712 3731 cf.
752 3677 917 3731 Ruth.
956 3680 1005 3736 4,
1050 3679 1258 3731 13—17
1375 3679 1437 3732 13
1478 3680 1544 3733 cf.
1583 3680 1780 3733 Matth.
1826 3681 1871 3746 l,
1917 3682 2006 3746 16;
2049 3682 2176 3737 Luc.
2217 3684 2266 3748 3,
2307 3684 2376 3737 23

462 3856 494 3908 2
532 3843 612 3908 fis?
655 3853 707 3906 V
810 3854 842 3907 3
884 3859 937 3908 et
978 3855 1183 3908 inclusi
1219 3862 1435 3910 secutus
1482 3856 1557 3909 V2
1699 3859 2001 3929 propinquo
2049 3859 2097 3912 T
2220 3863 2251 3913 5
2291 3859 2424 3913 boos
2461 3862 2692 3915 PNL’T

391 3945 682 3996 suscitaret
720 3942 766 3996 S
906 3945 935 3997 7
978 3945 1245 3998 constitus
1294 3945 1345 3998 V
1486 3946 1518 3999 8
1569 3951 1652 4000 est
1681 3953 1808 4016 post
1847 3948 1961 4001 eius
1999 3965 2100 4001 om.
2143 3949 2187 4001 S
2333 3951 2396 4002 12
2445 3950 2587 4018 quod
2625 3951 2692 4003 N

393 4033 458 4086 14
496 4031 744 4085 ducendo
782 4032 836 4084 P
960 4037 1015 4084 et
1063 4032 1116 4082 U
1246 4034 1310 4086 17
1355 4037 1427 4098 (et
1470 4035 1556 4100 18)
1597 4035 1800 4088 nathan
1842 4035 1886 4089 S
1987 4036 2051 4088 13
2089 4036 2302 4088 mathat
2344 4037 2681 4092 PNTonat-

386 4121 548 4174 thath
588 4121 633 4174 S
668 4120 907 4174 matthat
953 4121 1064 4173 UV
1272 4127 1431 4192 putet
1480 4123 1527 4175 V
1714 4126 1777 4178 19
1817 4127 2031 4178 tantum
2072 4126 2301 4192 (tantam
2351 4126 2526 4194 [ΓΛ-’3)
2565 4145 2682 4182 esse

386 4208 664 4262 SNVUT
768 4211 837 4263 25
874 4209 1200 4264 uicensimus
1238 4211 1293 4264 P
1328 4212 1647 4266 uicessiums
1695 4213 1746 4266 V
1779 4214 2075 4282 nigesimus
2124 4212 2330 4268 [7²de
2472 4233 2678 4269 rursum

384 4297 587 4352 PU¹S²
734 4302 943 4368 uersus]
983 4317 1170 4353 uersus
1213 4318 1398 4354 uersus
1435 4301 1575 4355 NU¹
1615 4319 1716 4357 om.
1766 4303 1890 4357 Vbd
2052 4306 2104 4373 a]
2147 4303 2211 4356 ab
2263 4305 2409 4358 V'bcz
2445 4305 2513 4358 ad
2552 4305 2687 4358 P¹T

384 4388 454 4441 26
493 4387 642 4456 uero]
684 4391 865 4441 autem
907 4389 980 4442 bd
1015 4405 1118 4442 om.
1169 4389 1221 4442 V
1323 4393 1390 4445 27
1430 4390 1578 4460 ideo]
1616 4391 1756 4445 idem
1799 4392 1872 4446 bd
2019 4394 2383 4463 euangelistas
2423 4394 2484 4445 N
