3076 4976
439 501 566 563 492
1138 491 1190 544 S.
1249 490 1524 544 Aureli
1585 492 2020 560 Augustini

436 690 708 753 fideliter
740 688 1026 752 subdidit
1056 688 1287 750 timens
1328 686 1677 750 saeuiorem
1716 691 2041 769 tamquam
2083 687 2159 751 de
2199 687 2730 771 tergiuersatione

436 796 803 859 uindictam.
880 793 1175 858 credebat
1238 793 1399 857 enim
1468 793 1658 857 etiam
1725 793 1926 857 bonae
1993 797 2056 857 et
2121 794 2386 878 uirginis
2452 794 2728 857 animam

435 905 601 968 filiae
656 904 812 968 bene
875 902 1092 984 recipi,
1162 902 1328 983 quod
1394 921 1514 965 non
1584 920 1652 965 se
1716 901 1858 983 ipsa
1926 905 2191 965 uouerat
2253 900 2726 970 immolandam,

436 1012 547 1075 sed
593 1014 745 1074 uoto
797 1013 859 1073 et
905 1009 1222 1073 uoluntati
1260 1028 1381 1072 non
1421 1008 1745 1071 restiterat
1779 1008 1977 1090 patris
2020 1010 2083 1071 et
2122 1007 2222 1071 dei
2261 1007 2468 1071 fuerat
2506 1010 2730 1071 secuta

435 1117 766 1182 iudicium.
834 1135 1002 1181 mors
1062 1115 1228 1179 enim
1296 1115 1467 1178 sicut
1523 1132 1639 1177 nec
1697 1114 1821 1177 sibi
1869 1133 1904 1176 a
1952 1132 2271 1195 quoquam
2329 1117 2554 1193 sponte
2611 1133 2726 1176 nec
2794 1138 2819 1172 ε»

435 1224 728 1306 cuiquam
778 1225 1003 1304 sponte
1050 1220 1374 1284 inferenda
1422 1222 1538 1295 est,
1587 1220 1680 1282 ita
1728 1219 1843 1283 deo
1894 1220 2151 1283 iubente
2208 1219 2558 1283 recusanda
2604 1239 2727 1283 non
2773 1225 2782 1234 ’

435 1335 552 1406 est,
622 1331 803 1394 cuius
871 1328 1327 1393 constitutione
1394 1346 1796 1408 quocumque
1862 1332 2147 1408 tempore
2215 1327 2538 1391 subeunda
2598 1329 2727 1400 est3

433 1457 546 1502 nec
596 1438 934 1519 quisquam
983 1436 1091 1517 qui
1140 1455 1275 1499 eam
1328 1434 1567 1518 perpeti
1616 1433 1945 1511 detrectat,
1997 1438 2069 1497 ut
2117 1434 2368 1498 omnino
2427 1434 2727 1510 enitetur,

434 1545 547 1609 sed
593 1543 1033 1608 tantummodo
1082 1545 1156 1606 ut
1202 1541 1543 1612 differatur,
1594 1542 1859 1604 laborat.

521 1652 705 1714 Nunc
754 1651 877 1713 iam
927 1649 1081 1731 quid
1131 1649 1391 1729 spiritus
1444 1648 1680 1711 domini
1729 1648 1865 1711 siue
1913 1668 2026 1730 per
2071 1649 2454 1712 nescientem
2504 1647 2728 1730 Iephte
2766 1668 2819 1705 10

435 1758 570 1821 siue
618 1775 731 1837 per
777 1757 1079 1820 scientem
1130 1757 1267 1818 siue
1313 1774 1427 1835 per
1475 1754 1612 1817 eius
1669 1754 2138 1835 inprudentiam
2191 1755 2326 1818 siue
2375 1773 2485 1837 per
2542 1754 2728 1818 oboe-

436 1863 736 1926 dientiam
786 1863 922 1925 siue
970 1881 1080 1943 per
1128 1860 1533 1925 offensionem
1585 1861 1721 1924 siue
1775 1860 2109 1942 perfidem
2158 1862 2218 1924 in
2267 1862 2382 1924 hac
2430 1880 2495 1924 re
2546 1863 2728 1944 gesta

433 1968 975 2052 praefigurauerit,
1017 1970 1324 2048 quantum
1367 1967 1520 2030 deus
1564 1967 1845 2045 adiuuat,
1885 1967 2280 2049 requiramus
2321 1967 2727 2048 breuiterque

432 2077 803 2159 pandamus,
873 2076 1168 2139 admonet
1234 2075 1396 2137 enim
1466 2093 1579 2138 nos
1647 2078 1711 2137 et
1774 2077 1962 2156 urget
2029 2073 2301 2155 quodam
2356 2074 2544 2138 modo
2601 2074 2726 2138 iste

437 2187 791 2246 sanctarum
871 2182 1323 2264 scripturarum
1399 2180 1575 2244 locus
1653 2180 1934 2263 cogitare
2009 2180 2319 2261 quendam
2399 2184 2724 2262 potentem
2764 2196 2820 2233 ¹⁵

433 2289 692 2353 uirtute.
750 2289 897 2353 talis
956 2288 1122 2352 enim
1180 2288 1413 2352 dicitur
1466 2287 1706 2370 Iephte,
1768 2286 1935 2367 quod
1993 2306 2217 2351 nomen
2274 2287 2728 2369 interpretatur

439 2396 846 2477 ,Apen‘ens“;
889 2395 1181 2459 dominus
1223 2397 1431 2458 autem
1467 2393 1782 2469 Christus,
1816 2395 1983 2457 sicut
2021 2393 2260 2457 indicat-
2297 2394 2722 2476 euangelium,

432 2503 764 2585 discipulis
796 2504 930 2567 suis
968 2502 1297 2585 aperuit
1336 2521 1677 2577 sensum,
1711 2505 1798 2565 ut
1833 2501 2436 2585 intellegerent
2475 2502 2723 2583 scrip-

431 2612 680 2674 turas,
731 2610 897 2674 hunc
946 2610 1166 2691 Iephte
1215 2609 1437 2671 fratres
1488 2609 1624 2672 eius
1682 2608 2182 2691 reprobauerunt
2229 2612 2291 2671 et
2338 2608 2413 2671 de
2461 2610 2723 2690 paterna

433 2716 618 2779 domo
689 2716 1063 2797 expulerunt
1127 2715 1473 2779 obicientes
1524 2715 1581 2778 ei
1630 2714 1796 2796 quod
1866 2718 2036 2779 esset
2099 2715 2269 2779 filius
2334 2715 2814 2790 fornicariae,²⁰

431 2826 753 2903 tamquam
785 2821 909 2904 ipsi
949 2824 1164 2884 essent
1204 2820 1278 2884 de
1318 2839 1505 2883 uxore
1544 2821 1838 2904 legitima
1876 2821 2024 2885 nati.
2065 2822 2182 2885 hoc
2224 2821 2414 2884 etiam
2457 2824 2724 2904 egerunt

431 2928 736 2991 aduersus
769 2927 1095 2991 dominum
1126 2926 1439 3009 principes
1473 2928 1873 2991 sacerdotum
1909 2934 1970 2991 et
2010 2928 2250 2992 scribae
2293 2934 2351 2992 et
2387 2928 2721 3010 pharisaei,

432 3034 539 3115 qui
599 3034 672 3097 de
739 3034 902 3117 legis
964 3033 1402 3097 obseruatione
1458 3034 1714 3117 gloriari
1774 3035 2172 3107 uidebantur,
2230 3039 2556 3117 tamquam
2613 3034 2724 3097 ille

434 3142 711 3204 solueret
764 3141 973 3223 legem
1031 3143 1093 3204 et
1138 3140 1279 3205 ideo
1338 3140 1545 3204 ueluti
1601 3160 1719 3204 non
1783 3146 1954 3205 esset
2007 3143 2334 3225 legitimus
2401 3141 2594 3204 filius,
2660 3144 2728 3203 et

431 3265 813 3329 quamquam
891 3245 965 3309 de
1044 3249 1261 3310 sancta
1329 3246 1586 3327 quidem
1654 3247 1897 3330 uirgine
1963 3266 2190 3329 corpus
2258 3247 2722 3329 adsumpserat,
2764 3256 2831 3297 25

432 3352 599 3435 quod
666 3350 961 3414 fidelibus
1030 3357 1246 3415 notum
1319 3357 1438 3428 est,
1504 3355 1714 3416 tamen
1783 3354 1918 3417 eius
1985 3357 2205 3427 mater,
2273 3357 2576 3436 quantum
2643 3354 2722 3416 ad

615 3577 677 3629 17
719 3575 786 3629 cf.
827 3576 955 3629 Luc,
986 3577 1072 3635 24.
1104 3578 1171 3631 27
1286 3578 1351 3632 18
1389 3578 1517 3632 LuC.
1551 3580 1636 3643 24,
1665 3581 1735 3633 45
1849 3581 1914 3633 19
1953 3580 2020 3633 cf.
2049 3579 2167 3635 Iud.
2205 3582 2286 3642 ll,
2317 3581 2365 3633 2.
2399 3580 2429 3633 3
2540 3580 2608 3633 23
2649 3579 2722 3631 cf.

430 3665 546 3720 Ioh.
588 3665 637 3728 8,
675 3666 742 3717 41

502 3788 534 3841 3
571 3790 798 3839 uoueret
831 3787 883 3839 V
983 3790 1017 3841 4
1056 3790 1336 3843 resisteret
1361 3791 1475 3843 PV
1581 3794 1612 3843 5
1654 3808 1718 3843 ne
1756 3793 1851 3858 fin.
1882 3792 1947 3845 N
2085 3794 2449 3860 nec—sponte
2488 3808 2590 3844 om.
2622 3789 2729 3844 ST

431 3878 463 3928 6
502 3878 714 3945 sponte]
752 3875 959 3929 inlicite
997 3876 1059 3929 N
1181 3878 1209 3930 7
1248 3880 1508 3948 temporis
1546 3878 1779 3933 PSVbd
1929 3880 2230 3949 subeunda]
2274 3898 2370 3933 suo
2409 3880 2626 3933 ueunda.
2659 3880 2724 3933 N

430 3964 679 4018 obeunda
716 3963 947 4018 PSVbd
1070 3966 1102 4019 8
1140 3983 1207 4021 ne
1245 3966 1312 4020 N
1460 3968 1551 4037 qui
1590 3985 1708 4022 eam
1739 3974 1870 4038 post
1905 3971 2117 4038 perpeti
2151 3985 2269 4037 poc.
2319 3969 2368 4021 Τ
2508 3986 2570 4022 ea
2607 3968 2732 4020 ΡΝ

432 4053 703 4106 detractat
739 4053 856 4106 NT
963 4056 994 4107 9
1023 4062 1155 4123 post
1190 4055 1405 4109 laborat
1440 4058 1715 4124 sequitur:
1751 4057 1883 4110 haec
1921 4062 2102 4111 autem
2138 4058 2526 4111 festinantibus
2564 4056 2723 4110 nobis

432 4142 497 4195 de
545 4142 823 4211 praedicta
873 4146 1191 4212 quaestione
1239 4146 1373 4198 satis
1422 4162 1538 4198 esse
1586 4152 1878 4216 utcumque
1926 4147 2168 4200 discussa
2214 4164 2308 4216 pro
2357 4147 2455 4199 hac
2502 4144 2723 4215 quidem

430 4235 583 4299 parte
625 4232 742 4284 uisa
780 4236 909 4284 sunt
940 4234 1001 4286 in
1031 4232 1105 4286 bd
1214 4236 1279 4287 14
1317 4233 1617 4302 pendamus
1647 4235 1676 4288 b
1793 4237 1856 4289 15
1896 4235 2123 4304 quedam
2154 4236 2234 4289 N·
2326 4237 2391 4288 17
2431 4237 2619 4305 apiens
2647 4235 2728 4287 P¹

432 4321 496 4374 18
528 4324 589 4372 ut
618 4338 719 4373 om.
756 4321 824 4373 1⁷¹
935 4323 996 4374 21
1034 4322 1277 4389 legitime
1306 4322 1372 4375 N
1475 4322 1543 4377 25
1576 4328 1923 4393 quamquam]
1954 4325 2206 4393 quoniam
2237 4324 2455 4378 PSNV
2557 4325 2624 4378 26
2653 4324 2728 4377 ud

428 4426 548 4479 sup.
591 4414 645 4461 et
684 4428 748 4462 m.
788 4414 825 4463 2
862 4410 917 4462 Ρ
