3076 4976
484 438 616 501 474
1193 436 1243 488 S.
1301 434 1576 488 Aureli
1634 434 2068 504 Augustini

481 631 618 712 puli
657 631 782 694 ista
821 631 1121 694 sectantis
1163 636 1352 712 atque
1390 630 1772 694 uenerantis.
1829 628 1971 692 ideo
2014 628 2281 706 scilicet,
2322 628 2491 710 quod
2529 632 2756 710 praeter

485 735 964 800 tabernaculum
1012 735 1131 812 dei,
1181 737 1290 800 ubi
1340 739 1517 800 erant
1563 736 1688 800 ista
1734 755 1893 818 quae
1939 735 2030 799 ibi
2076 734 2210 799 fieri
2265 734 2542 798 iusserat
2598 734 2756 810 dene,

484 846 657 907 extra
712 842 921 906 simile
969 843 1212 925 aliquid
1254 842 1390 907 fieri
1437 843 1533 907 fas
1582 863 1699 907 non
1749 844 1901 907 erat.
1978 842 2120 906 ideo
2179 842 2468 924 sequitur
2512 844 2576 905 et
2623 841 2761 905 dicit

485 950 839 1032 scriptura:
917 955 993 1014 et
1057 951 1360 1015 factum
1422 955 1548 1015 est
1614 949 1935 1014 Gedeon
2005 953 2082 1014 et
2138 949 2407 1013 domui
2467 949 2643 1013 eius
2695 949 2760 1012 in

487 1056 978 1134 scandalum,
1036 1057 1100 1121 id
1159 1062 1275 1135 est,
1334 1062 1408 1123 ut
1463 1059 1541 1121 ab
1600 1058 1838 1122 offenso
1897 1056 2013 1120 deo
2073 1056 2445 1130 discederet,
2503 1057 2651 1137 quia
2707 1061 2762 1119 et
2814 1077 2834 1115 ⁵

485 1161 606 1226 hoc
655 1163 969 1245 quoddam
1020 1184 1217 1249 genus
1266 1165 1421 1230 idoli
1471 1164 1745 1246 quodam
1792 1164 1980 1229 modo
2032 1166 2184 1239 erat,
2234 1162 2406 1245 quod
2454 1166 2625 1226 extra
2675 1161 2764 1226 dei

484 1269 961 1334 tabernaculum
1014 1271 1340 1353 quodlibet
1394 1290 1587 1334 manu
1634 1270 1875 1335 sactum
1920 1290 2033 1352 pro
2083 1270 2197 1334 deo
2248 1271 2582 1345 coleretur,
2632 1287 2766 1333 cum

484 1375 596 1438 illa
660 1377 801 1458 ipsa
867 1395 1025 1459 quae
1083 1378 1260 1441 iussa
1315 1382 1465 1442 sunt
1520 1375 1582 1441 in
1642 1377 2048 1442 tabernaculo
2105 1377 2240 1440 fieri
2288 1375 2366 1440 ad
2415 1375 2515 1440 dei
2561 1375 2766 1457 potius

486 1483 733 1547 cultum
790 1483 1169 1547 referrentur
1223 1503 1410 1566 quam
1468 1504 1580 1567 pro
1639 1485 1754 1548 deo
1804 1484 2044 1566 aliquid
2092 1503 2310 1548 eorum
2358 1487 2470 1547 aut
2515 1501 2627 1565 pro
2676 1481 2767 1547 dei

485 1589 825 1653 simulacro
876 1590 1208 1654 colendum
1257 1591 1611 1657 haberetur.
2800 1612 2842 1650 ιο

579 1692 975 1777 Quamquam
1021 1716 1134 1778 per
1180 1696 1391 1778 ephud
1439 1700 1544 1762 301
1593 1698 1798 1780 ephod
1852 1718 1924 1763 ea
1976 1697 2316 1775 locutione,
2366 1716 2528 1779 quae
2584 1696 2772 1780 signi-

484 1801 636 1864 ficat
690 1823 725 1866 a
779 1806 956 1886 parte
1013 1807 1242 1879 totum,
1302 1804 1510 1867 omnia
1568 1805 1820 1885 possint
1873 1804 2163 1888 intellegi
2221 1822 2380 1885 quae
2443 1803 2774 1868 constituit

488 1906 740 1972 Gedeon
782 1909 842 1973 in
885 1929 999 1973 sua
1038 1910 1298 1974 ciuitate
1338 1911 1543 1974 ueluti
1581 1911 1660 1974 ad
1700 1911 2032 1975 colendum
2075 1911 2263 1974 deum
2301 1909 2537 1974 similia
2573 1910 2773 1973 taber-

486 2016 710 2079 naculo
770 2016 903 2080 dei:
962 2019 1026 2080 et
1081 2020 1412 2098 propterea
1468 2037 1580 2099 per
1635 2018 1772 2095 hoc,
1832 2018 1979 2099 quia
2035 2017 2154 2081 1100
2211 2020 2311 2080 est
2366 2016 2773 2080 sacerdotalis

487 2121 741 2186 honoris
797 2122 1065 2206 insigne,
1125 2124 1323 2206 quod.
1359 2144 1546 2207 saepe
1613 2126 1926 2207 scriptura
1991 2128 2462 2200 commemorat,
2518 2128 2594 2186 ut
2655 2123 2773 2187 hoc
2810 2145 2853 2186 1⁵

488 2229 575 2292 sit
637 2233 969 2310 peccatum
1040 2229 1318 2308 Gedeon,
1378 2230 1548 2313 quod
1615 2235 1783 2295 extra
1849 2231 1947 2295 dei
2014 2230 2491 2294 tabernaculum
2554 2229 2776 2293 fecerit

488 2336 727 2418 aliquid
774 2337 1002 2411 simile,
1053 2338 1159 2402 ubi
1209 2338 1522 2403 coleretur
1570 2338 1746 2402 deuS.
1795 2358 1916 2402 non
1957 2337 2124 2420 quod
2163 2337 2366 2402 solido
2406 2355 2556 2400 auro
2597 2337 2776 2400 uelut

488 2441 872 2508 adorandum
931 2445 1337 2510 constituerit
1392 2445 1624 2529 ephud,
1675 2445 1786 2510 sed
1845 2445 2012 2528 quod
2070 2464 2141 2509 ex
2197 2463 2347 2510 auro
2394 2443 2557 2526 ipso,
2608 2441 2776 2525 quod

490 2553 662 2614 esset
710 2550 785 2613 de
833 2550 1084 2633 praeda,
1122 2551 1345 2616 fecerit
1392 2572 1463 2616 ea
1512 2572 1673 2635 quae
1720 2554 2106 2635 pertinerent
2151 2552 2229 2616 ad
2268 2555 2632 2616 ornamenta
2670 2550 2775 2613 uel

488 2655 907 2720 instrumenta
963 2658 1238 2733 sacrarii,
1288 2678 1447 2740 quae
1505 2660 1716 2724 omnia
1771 2680 1881 2742 per
1936 2659 2145 2741 ephud
2203 2658 2559 2743 significata
2605 2659 2775 2731 sunt,
2813 2678 2862 2718 πο

486 2767 744 2844 propter
781 2763 1236 2840 excellentiam,
1269 2768 1340 2827 ut
1379 2765 1522 2841 dixi,
1563 2766 1767 2831 uestis
1807 2766 2238 2831 sacerdotalis
2278 2785 2421 2829 nam
2462 2768 2526 2829 et
2561 2764 2774 2847 ipsum

488 2867 697 2948 ephud
755 2888 873 2933 non
934 2870 1185 2951 quidem
1248 2890 1316 2935 ex
1366 2890 1514 2935 auro
1565 2874 1700 2937 solo
1750 2873 1882 2937 fieri
1929 2876 2336 2955 praecepium
2384 2874 2503 2947 est,
2552 2872 2610 2935 si
2653 2870 2774 2935 1100

489 2978 588 3038 est
653 2976 1166 3056 superhumerale
1234 2978 1643 3044 sacerdotalis
1710 2981 1933 3057 uestis,
1999 2999 2222 3043 uerum
2295 2984 2503 3042 tamen
2581 2978 2773 3043 etiam

488 3080 727 3163 aliquid
787 3083 919 3146 auri
977 3083 1195 3155 habet:
1255 3104 1397 3148 nam
1458 3104 1528 3149 ex
1578 3105 1726 3150 auro
1778 3091 1840 3151 et
1886 3087 2224 3169 hyacintho
2275 3089 2340 3149 et
2385 3104 2664 3168 purpura
2712 3089 2776 3148 et

487 3190 743 3254 coccino
795 3194 859 3253 et
904 3191 1097 3273 bysso
1146 3196 1218 3255 ut
1264 3192 1462 3271 fieret,
1513 3193 1822 3258 diuinitus
1869 3193 2246 3274 imperatum
2298 3198 2414 3258 est.
2466 3192 2580 3256 sed
2629 3192 2774 3274 quia
2811 3209 2862 3246 25

485 3297 604 3361 hoc
662 3297 750 3360 ita
807 3302 1157 3381 posuerunt
1214 3300 1623 3383 septuaginta
1675 3300 2073 3383 interpretes,
2133 3303 2206 3363 ut
2261 3299 2771 3363 commemoratis

487 3403 784 3468 omnibus
824 3424 983 3486 quae
1023 3404 1097 3468 de
1137 3406 1361 3488 spoliis
1401 3412 1728 3489 acceperat
1768 3405 2047 3488 Gedeon,
2084 3407 2411 3470 inferrent:
2453 3408 2531 3469 et
2568 3406 2600 3469 f
2609 3405 2775 3469 ecit

484 3510 697 3576 illud
748 3510 1068 3576 Gedeon
1119 3512 1191 3576 in
1243 3513 1525 3595 ephud,
1576 3514 1832 3578 uidetur
1877 3514 1965 3577 ita
2013 3514 2277 3588 dictum,
2324 3516 2653 3594 tamquam
2702 3531 2772 3576 ex

485 3621 621 3681 toto
669 3617 780 3679 illo
831 3616 998 3698 quod
1047 3623 1613 3683 commemoratum
1662 3622 1759 3683 est
1807 3618 1925 3684 hoc
1973 3619 2212 3682 sactum
2261 3636 2401 3682 esse
2458 3618 2772 3691 credatur,

485 3742 631 3786 cum
678 3723 886 3805 possit
932 3724 1123 3786 etiam
1172 3724 1305 3788 illic
1352 3725 1640 3808 intellegi
1687 3726 1927 3789 locutio
1978 3744 2136 3807 quae
2185 3723 2503 3808 significat
2552 3744 2586 3788 a
2635 3727 2772 3788 toto
2813 3740 2868 3778 ³⁰

666 3958 729 4010 15
769 3957 834 4011 cf.
879 3957 968 4011 Ex.
1010 3958 1095 4019 28,
1136 3958 1169 4010 2
1278 3958 1347 4011 24
1387 3957 1452 4011 cf.
1492 3957 1588 4011 Ex.
1629 3958 1716 4025 36,
1754 3958 1786 4011 9
1827 3959 1934 4025 (39,
1975 3960 2029 4023 2)

560 4081 583 4133 1
628 4081 731 4133 iste
768 4081 843 4135 12¹
987 4083 1020 4135 2
1061 4081 1190 4134 deus
1229 4082 1457 4135 iusserat
1495 4080 1561 4134 N
1680 4084 1711 4136 5
1752 4081 1979 4135 disceret
2018 4081 2090 4134 Ρι
2207 4083 2241 4135 6
2281 4081 2535 4151 quodam]
2577 4097 2682 4150 quo
2721 4080 2774 4132 P

483 4170 516 4222 9
557 4169 851 4222 reserentur
890 4169 941 4221 P
1051 4170 1114 4223 13
1152 4168 1502 4222 tabernacula
1540 4167 1657 4223 PS¹
1767 4169 1837 4222 20
1875 4173 2175 4222 strumenta
2212 4168 2276 4220 N
2380 4169 2444 4222 21
2489 4167 2650 4239 ipsud
2676 4165 2775 4221 PS

485 4259 553 4311 22
593 4259 660 4327 si]
702 4259 843 4310 sicut
882 4258 936 4309 P
1015 4259 1083 4310 24
1119 4257 1358 4311 1301111110
1397 4256 1452 4309 P
1485 4257 1682 4311 iacinto
1722 4256 1768 4310 S
1798 4258 2017 4327 yacinto
2045 4256 2112 4310 N
2141 4257 2380 4310 iachinto
2419 4256 2472 4310 V
2539 4255 2609 4310 30
2647 4260 2766 4326 pot·

482 4346 565 4400 uit
600 4346 664 4400 in
697 4363 809 4400 rae.
854 4346 905 4400 T
