3076 4976
310 1144 334 1181 5

728 494 1204 560 Quaestionum
1244 495 1354 548 lib.
1393 495 1476 549 111
1520 494 1807 560 (Quaest.
1848 495 1922 549 de
1961 495 2314 564 Leuitico).
2526 502 2657 565 303

371 691 432 755 in
473 710 729 772 corpore
769 690 1034 766 mortui3
1085 710 1206 755 non
1257 690 1421 755 enim
1471 710 1617 755 cum
1665 691 2042 757 abscedente
2082 692 2291 756 anima
2329 694 2665 759 abscessit.

370 797 580 861 uetuit
626 816 774 881 ergo
824 796 1136 880 scriptura
1185 817 1507 861 summum
1559 798 1952 861 sacerdotem
2002 798 2192 863 etiam
2242 819 2431 882 super
2466 802 2663 883 patris

371 907 478 969 uel
553 905 773 968 matris
849 904 1036 968 funus
1110 905 1375 977 intrare3
1454 904 1621 986 quod
1698 904 2047 968 secundum
2120 926 2243 970 uon
2318 908 2661 990 prohibuit.

374 1011 662 1093 sequitur
708 1011 904 1075 enim:
964 1030 1203 1093 super·
1258 1014 1569 1094 patrem
1629 1030 1854 1074 suum
1913 1016 1988 1075 et
2044 1032 2287 1094 super
2332 1019 2661 1080 matrem

376 1139 593 1184 suam
634 1138 779 1183 non
820 1118 1424 1199 inquinabitur;
1477 1119 1625 1183 ordo
1667 1122 1763 1182 est
1802 1121 2014 1183 autem
2055 1121 2425 1185 uerborum:
2475 1142 2665 1204 super

373 1229 615 1307 patrem
666 1246 852 1289 suum
902 1245 1021 1290 non
1072 1225 1506 1307 inquinabitur
1553 1245 1664 1289 uec
1714 1245 1902 1308 super
1948 1228 2213 1290 matrem
2262 1247 2465 1294 suam.

462 1332 773 1397 LXXXII.
853 1333 946 1396 Et
1002 1333 1091 1396 de
1150 1332 1464 1396 sanctis
1523 1351 1669 1395 non
1730 1332 2005 1398 exibit.
2075 1352 2146 1396 eo
2204 1334 2422 1415 procul
2472 1336 2663 1401 dubio

374 1442 653 1521 tempore
702 1458 825 1519 quo
875 1457 1132 1502 suorum
1200 1438 1419 1502 funera
1484 1438 1989 1515 celebrabantur,
2068 1438 2235 1503 sicut
2297 1443 2361 1504 et
2424 1446 2662 1524 septem

377 1545 598 1609 diebus
649 1546 878 1627 quibus
930 1544 1443 1608 sanctificabatur
1491 1543 1566 1607 de
1617 1543 1854 1608 sanctis
1914 1548 2013 1608 est
2068 1546 2229 1609 exire
2285 1547 2669 1628 prohibituS,

290 1677 338 1716 ιο
373 1672 494 1716 non
542 1655 753 1716 autem
804 1670 1071 1735 semper.
1150 1670 1295 1715 sane
1347 1652 1402 1713 si
1450 1670 1673 1715 uxores
1731 1651 1957 1715 ducere
2018 1652 2119 1715 uel
2179 1652 2342 1717 filios
2404 1655 2659 1738 gignere

285 2747 338 2785 20

376 1777 496 1822 uon
546 1759 924 1822 uetabantur
962 1758 1194 1821 summi
1233 1760 1383 1821 tunc
1425 1758 1808 1835 sacerdotes,
1849 1778 2077 1842 magna
2117 1758 2316 1823 oritur
2355 1762 2661 1842 quaestio,

378 1884 522 1928 cum
567 1865 666 1929 lex
714 1865 904 1928 etiam
954 1864 1274 1947 coniugali
1323 1864 1659 1927 concubitu
1710 1864 2083 1928 inmundum
2132 1865 2451 1930 hominem
2499 1867 2667 1933 dicat

376 1991 577 2053 usque
635 1971 712 2035 ad
770 1991 1118 2052 uesperam,
1180 1971 1371 2033 etiam
1430 1989 1572 2034 curn
1636 1970 1907 2034 abluerit
1963 1990 2188 2053 eorpus
2246 1991 2434 2036 suum
2482 1993 2664 2055 aqua,

379 2082 442 2144 et
485 2079 781 2145 iubeatur
827 2096 1116 2141 summus
1167 2077 1458 2141 sacerdos
1506 2081 1762 2160 propter
1805 2077 2135 2142 incensum
2176 2078 2669 2144 continuationis

315 2214 338 2248 ᾗ
377 2186 474 2249 bis
523 2186 583 2248 in
635 2185 734 2248 die
784 2184 1013 2249 cotidie
1061 2183 1289 2247 intrare
1336 2184 1500 2247 intra
1550 2185 1786 2261 uelum,
1828 2184 1937 2247 ubi
1985 2188 2117 2247 erat
2164 2185 2357 2249 altare
2403 2186 2665 2264 incensi,

378 2311 493 2355 nec
541 2311 924 2373 quemquam
970 2289 1345 2354 inmundum
1393 2290 1467 2353 ad
1519 2294 1737 2353 sancta
1783 2290 1875 2354 fas
1926 2294 2096 2355 esset
2141 2291 2465 2356 accedere:
2517 2313 2665 2375 quo-

379 2399 563 2462 modo
604 2399 668 2461 id
709 2398 938 2463 cotidie
980 2417 1267 2461 summus
1309 2397 1599 2461 sacerdos
1639 2397 1940 2481 inplebat,
1974 2397 2027 2460 si
2057 2396 2221 2462 filios
2250 2400 2662 2480 procreabat?

379 2526 524 2570 nam
573 2506 626 2570 si
676 2506 1000 2589 aegritudo
1051 2505 1144 2568 illi
1195 2505 1555 2583 accidisset,
1615 2505 1757 2586 quis
1804 2505 1943 2569 loco
1995 2504 2130 2569 eius
2180 2505 2562 2589 fungeretur,
2614 2508 2668 2572 si

383 2612 524 2695 quis
563 2613 855 2695 inquirat,
887 2611 1250 2694 responderi
1289 2615 1503 2693 potest
1533 2613 1703 2694 quod
1742 2613 1942 2695 gratia
1983 2613 2079 2676 dei
2121 2632 2241 2676 non
2280 2615 2674 2697 aegrotabat-‚r

383 2719 692 2802 numquid
741 2720 832 2783 sic
881 2719 1071 2783 etiam
1121 2719 1196 2782 de
1237 2719 1506 2782 filiorum
1548 2719 1979 2801 procreat-ione
2018 2718 2379 2800 responderi
2412 2723 2671 2803 potest?

378 2828 543 2890 uude
601 2826 673 2889 fit
730 2846 1141 2908 consequenS‚
1201 2829 1274 2890 ut
1329 2830 1440 2890 aut
1495 2827 1820 2891 continens
1879 2829 2049 2890 esset
2113 2830 2225 2890 aut
2278 2826 2501 2893 diebus
2559 2829 2668 2892 ali·

554 2986 588 3037 4
625 2985 754 3037 Leu.
795 2986 880 3043 21.
922 2985 982 3037 11
1117 2986 1146 3037 7
1185 2984 1313 3036 Leu.
1354 2985 1438 3042 21,
1484 2985 1548 3036 12
1675 2983 1708 3036 8
1749 2983 1813 3036 cf.
1854 2985 1982 3037 Leu.
2023 2985 2071 3044 8,
2113 2985 2179 3037 33
2322 2986 2386 3038 12
2427 2985 2492 3038 cf.
2533 2985 2661 3038 Leu.

382 3074 462 3136 15,
506 3075 570 3126 16
685 3075 749 3126 14
788 3073 853 3126 cf.
893 3073 988 3125 Ex.
1030 3074 1114 3131 30.
1157 3074 1203 3125 7.
1244 3073 1276 3125 8
1387 3074 1449 3124 21
1495 3073 1731 3126 Retract.
1771 3071 1825 3125 ΙΙ
1864 3074 1933 3125 55
1970 3071 2033 3125 In
2071 3072 2236 3125 tertio
2276 3089 2489 3142 quoque
2528 3073 2665 3126 libro

379 3163 471 3215 ubi
510 3163 575 3217 de
614 3180 820 3216 summo
860 3164 1042 3232 agitur
1079 3161 1356 3216 sacerdote
1397 3178 1498 3231 quo
1537 3160 1697 3214 modo
1738 3160 1955 3213 creabat
1992 3161 2130 3214 filios
2171 3178 2288 3214 cum
2318 3160 2545 3215 haberet
2572 3179 2665 3215 ne-

381 3253 686 3305 cessitatem
723 3253 807 3305 bis
847 3252 899 3304 in
932 3252 1018 3304 die
1058 3250 1270 3320 ingredi
1311 3252 1363 3302 in
1403 3253 1593 3303 sancta
1621 3254 1945 3312 sanctorum,
1978 3250 2071 3302 ubi
2102 3253 2217 3303 erat
2247 3250 2415 3303 altare
2445 3249 2665 3315 incensi,

382 3340 450 3393 ad
489 3341 820 3394 offerendum
858 3342 1133 3394 incensum
1172 3356 1327 3392 mane
1368 3345 1420 3392 et
1461 3355 1704 3408 uespera,
1738 3355 1841 3407 quo
1871 3355 1977 3390 nou
2006 3343 2207 3408 posset,
2237 3339 2376 3392 sicut
2405 3338 2488 3390 lex
2518 3337 2666 3402 dicit,

380 3429 668 3482 inmundus
708 3431 925 3492 intrare,
957 3434 1014 3483 et
1052 3429 1238 3482 eadem
1276 3430 1360 3482 lex
1400 3428 1548 3481 dicat
1585 3427 1898 3480 inmundum
1941 3428 2054 3480 fieri
2092 3428 2361 3480 hominem
2403 3427 2567 3480 etiam
2607 3444 2667 3480 ex

383 3519 670 3572 concubitu
720 3519 1006 3587 coniugali,
1048 3535 1206 3588 quem
1258 3516 1413 3571 iubet
1452 3516 1669 3586 quidem
1708 3516 1880 3569 lauari
1921 3533 2061 3586 aqua
2099 3516 2193 3569 sed
2233 3521 2289 3569 et
2324 3517 2496 3569 lotum
2537 3516 2669 3569 dicit

381 3607 694 3660 inmundum
732 3624 848 3660 esse
890 3625 1057 3676 usque
1097 3607 1165 3660 ad
1204 3623 1483 3675 uesperam
1524 3607 1675 3668 (Leu.
1718 3609 1800 3668 15,
1845 3607 1952 3673 16),
1981 3605 2123 3658 uude
2163 3605 2271 3658 dixi
2303 3622 2668 3674 „consequens

381 3697 560 3758 fuisse,
604 3701 664 3749 ut
703 3701 796 3750 aut
833 3698 1112 3750 continens
1153 3703 1297 3749 esset
1335 3701 1430 3749 aut
1469 3696 1659 3748 (liebus
1699 3694 1971 3763 aliquibus
2010 3695 2461 3747 intermitteretur
2487 3695 2667 3747 incen-

380 3789 550 3851 sum“,
588 3802 694 3838 non
751 3785 864 3838 uidi
921 3803 1027 3838 nou
1077 3785 1244 3838 fuisse
1293 3801 1644 3854 consequeus.
1702 3786 1886 3852 potest
1932 3783 2071 3836 euim
2121 3784 2197 3835 sic
2236 3783 2484 3851 intellegi
2525 3784 2667 3852 quod

380 3874 638 3943 scriptum
680 3878 788 3927 est:
828 3874 1178 3927 inmundus
1220 3874 1349 3927 erit
1387 3890 1591 3942 usque
1632 3873 1711 3926 ad
1752 3889 2107 3941 uesperam,
2147 3877 2208 3924 ut
2244 3889 2341 3941 per
2369 3872 2542 3941 ipsam
2571 3889 2663 3925 ue·

381 3980 591 4032 speram
630 3964 738 4016 iam
776 3981 883 4016 uon
922 3969 1064 4016 esset
1101 3963 1389 4016 inmundus
1429 3962 1523 4015 sed
1564 3979 1732 4030 usque
1773 3961 1839 4014 ad
1877 3961 2051 4030 ipsam
2099 3964 2161 4013 ut
2207 3963 2513 4029 uespertino
2561 3961 2669 4012 iam

379 4056 620 4121 tempore
659 4053 937 4106 incensum
976 4052 1205 4106 muudus
1245 4053 1460 4105 offerret
1500 4069 1618 4104 cum
1658 4054 1876 4121 propter
1914 4049 2169 4102 creandos
2207 4050 2345 4102 filios
2385 4057 2510 4119 post
2555 4067 2668 4102 ma·

381 4141 618 4193 tutinum
655 4142 934 4194 incensum
972 4142 1169 4194 mixtus
1211 4145 1354 4194 esset
1394 4141 1624 4193 mulieri.

456 4249 478 4301 1
523 4247 885 4301 abscendente
922 4247 990 4300 N
1109 4250 1143 4300 4
1182 4249 1257 4316 et]
1300 4264 1398 4301 nec
1437 4247 1502 4300 N
1623 4249 1654 4299 8
1695 4246 1839 4315 quod
1878 4246 1952 4299 bd
2109 4244 2447 4298 celebrantur
2483 4243 2675 4298 P¹VT

385 4338 460 4404 et]
502 4338 577 4390 eis
617 4335 855 4390 SP2VT
889 4338 1002 4390 eius
1039 4337 1115 4390 1)ι
1300 4338 1365 4390 12
1423 4335 1765 4390 concubitum
1807 4334 2063 4387 mundum
2102 4334 2169 4388 N
2380 4333 2591 4386 dicatur
2628 4333 2677 4386 S

389 4425 450 4477 15
487 4425 649 4495 iutra]
693 4426 838 4479 ultra
873 4427 1003 4479 PV²
1154 4427 1217 4479 13
1257 4426 1302 4478 si
1341 4442 1440 4480 om.
1480 4423 1607 4478 P¹S
1765 4423 2063 4478 accedisset
2100 4424 2153 4475 P
2312 4421 2592 4490 fugeretur
2630 4421 2695 4475 S‘
