3076 4976
611 546 1088 612 Quaestionum
1126 544 1240 599 lib.
1280 544 1327 598 V
1368 543 1654 612 (Quaest.
1696 544 1770 598 de
1809 546 2377 612 Deuteronomio).
2499 550 2628 614 417

330 741 520 805 dixit:
590 741 938 805 dominus
988 760 1065 804 ex
1117 738 1292 804 Sina
1339 740 1555 804 uenit
1602 743 1674 804 et
1721 740 1996 805 alluxit
2045 760 2125 805 ex
2175 740 2338 806 Seir
2383 741 2627 817 uobis:

333 852 505 919 <et>
555 847 971 913 festinauit
1020 866 1100 910 ex
1147 850 1396 911 monte
1443 846 1733 911 Pharan
1783 866 1944 911 eum
1992 848 2258 912 multis
2315 847 2627 912 milibus

333 940 591 1029 C'adeS.
652 953 738 1017 ad
797 953 1169 1018 dexteram
1233 953 1395 1018 eius
1455 953 1701 1037 angeli
1763 972 1925 1017 eum
1982 972 2084 1018 e0.
2172 958 2244 1018 et
2289 954 2631 1037 pepercit

338 1061 615 1144 populo
674 1079 839 1135 suo;
901 1064 971 1125 et
1022 1079 1274 1124 omnes
1324 1059 1800 1124 sanctificati
1849 1060 1983 1124 sub
2032 1079 2289 1125 manus
2338 1064 2506 1125 tuas
2557 1064 2629 1125 et

264 1192 292 1229 ι,
334 1169 409 1233 hi
476 1168 611 1232 sub
681 1171 753 1231 te
822 1171 1014 1232 sunt.
1100 1171 1171 1232 et
1237 1166 1532 1249 accepit
1599 1166 1682 1230 de
1749 1165 2002 1231 uerbis
2061 1167 2305 1248 ipsius
2361 1167 2624 1252 legem,

330 1296 544 1358 quam
597 1273 990 1338 mandauit
1036 1273 1252 1338 nobis
1300 1273 1626 1356 Moysesn
1677 1273 2178 1338 hereditatem
2227 1292 2627 1357 congrega-

327 1382 675 1447 tionibus
710 1381 959 1445 Iacob.
1010 1383 1081 1444 et
1122 1380 1267 1445 erit
1304 1379 1375 1443 in
1417 1379 1701 1444 dilecto
1741 1379 2096 1463 princeps
2136 1380 2625 1464 congregatis

328 1488 804 1571 principibus
870 1488 1323 1570 populorum
1390 1486 1615 1551 simul
1681 1486 2039 1551 tribubus
2098 1486 2413 1552 Israhel.
2500 1506 2622 1551 non

327 1595 735 1679 neglegenter
789 1593 1244 1676 praetereunda
1302 1598 1399 1657 est
1454 1593 1581 1657 ista
1634 1592 1985 1675 prophetia.
2071 1593 2330 1676 adparet
2395 1592 2628 1677 quippe

236 1702 450 1767 mista
497 1700 851 1766 benedictio
901 1700 976 1764 ad
1026 1719 1264 1764 nouum
1322 1701 1631 1783 populum
1694 1700 2024 1783 pertinere,
2077 1719 2265 1782 quem
2324 1699 2618 1765 dominus

327 1808 620 1874 Chlistus
671 1806 1120 1882 sanctificauit.
1170 1825 1240 1870 ex
1281 1806 1463 1870 ouius
1504 1825 1771 1889 persona
1810 1807 1936 1871 ista
1974 1806 2273 1871 dicuntur
2311 1826 2345 1870 a
2381 1806 2625 1890 Moyse,

324 1936 444 1979 non
487 1934 556 1978 ex
597 1934 862 1997 persona
901 1913 1106 1996 ipsius
1140 1912 1371 1995 Moysi,
1413 1914 1582 1995 quod
1620 1912 1681 1976 in
1724 1913 2261 1996 consequentibus
2303 1912 2629 1977 euidenter

326 2021 605 2103 adparet.
682 2040 827 2084 nam
885 2020 940 2085 si
999 2022 1331 2104 propterea
1398 2019 1640 2084 dictum
1709 2023 1835 2084 est:
1904 2020 2247 2085 dominus
2314 2039 2393 2085 ex
2450 2019 2622 2085 Sina

324 2127 565 2201 uenit,
616 2127 763 2208 quia
811 2126 872 2190 in
922 2129 1136 2191 monte
1188 2125 1337 2190 Sina
1382 2126 1480 2191 lex
1530 2126 1676 2191 data
1724 2130 1841 2203 est,
1895 2126 2046 2209 quid
2095 2126 2216 2191 sibi
2262 2126 2408 2191 uult
2455 2125 2621 2207 quod

230 2255 285 2293 15
328 2234 646 2317 sequitur:
689 2238 763 2297 et
806 2233 1081 2296 alluxit
1121 2252 1200 2297 ex
1240 2232 1403 2298 Seir
1440 2233 1677 2307 nobis»,
1720 2253 1862 2297 eum
1896 2232 2032 2298 Seir
2070 2252 2249 2297 mons
2287 2230 2622 2297 Idumaeae

324 2342 430 2415 sit.
497 2341 605 2404 ubi
672 2339 966 2423 regnauit
1032 2340 1245 2405 Esau?
1332 2339 1557 2403 deinde
1625 2359 1769 2403 cum
1836 2340 2093 2423 Moyses
2159 2339 2325 2404 filios
2381 2339 2624 2403 Israhel

323 2446 653 2512 benedicat
700 2446 800 2511 his
849 2446 1084 2524 uerbis,
1136 2447 1305 2512 sicut
1354 2446 1667 2531 scriptura
1712 2447 2039 2530 praedixit,
2090 2445 2405 2530 quomodo
2453 2445 2620 2509 idem

324 2554 512 2617 dicit:
584 2558 657 2617 et
714 2554 1011 2636 aceepit
1070 2554 1153 2618 de
1211 2554 1467 2619 uerbis
1525 2555 1770 2638 ipsius
1829 2555 2099 2636 legem,
2159 2574 2372 2637 quam
2430 2571 2619 2616 man·

324 2659 539 2723 dauit
617 2659 833 2723 nobis
910 2660 1257 2742 Moyses?
1340 2660 1640 2723 nimirum
1717 2679 1866 2743 ergo
1941 2659 2272 2742 prophetia
2347 2661 2471 2731 est,
2548 2660 2622 2721 ut

224 2787 279 2826 πο
325 2764 620 2841 diximuS.
678 2767 989 2849 populum
1048 2786 1287 2830 nouum
1347 2765 1588 2831 Christi
1653 2766 1856 2850 gratia
1922 2766 2383 2830 sanctificatum
2447 2783 2622 2847 prae-

321 2873 619 2936 nuntians
676 2872 818 2937 ideo
879 2873 996 2936 sub
1056 2874 1308 2937 nomine
1373 2872 1651 2937 filiorum
1708 2873 1971 2940 Israhel.
2031 2872 2180 2954 quia
2244 2890 2455 2936 semen
2523 2874 2622 2935 est

319 2978 660 3053 Abraham,
703 2979 823 3043 hoe
872 2983 970 3043 est
1016 2979 1131 3042 filii
1180 2983 1330 3043 sunt
1376 2979 1839 3061 promissioniS,
1890 2984 1955 3044 et
1999 2978 2432 3061 interpretat-io
2482 2977 2618 3041 eius

320 3089 420 3149 est
475 3086 740 3154 ..uidens
783 3086 1037 3150 deum“.
1089 3086 1385 3150 dominus
1428 3106 1600 3170 erge.
1641 3087 1749 3167 qui
1790 3105 1860 3150 ex
1901 3085 2051 3150 Sina
2089 3085 2283 3160 uenit.
2326 3083 2620 3149 Christus

322 3193 788 3276 intellegendus
839 3197 957 3270 est,
1010 3193 1304 3274 quoniam
1346 3192 1493 3258 Sina
1531 3194 1981 3275 interpretatur
2026 3192 2397 3267 „tentatio“.
2446 3190 2623 3253 uenit

220 3325 280 3364 25
323 3317 471 3382 ergo
532 3317 602 3362 ex
659 3298 1011 3362 tentatione
1068 3298 1404 3381 passionis,
1466 3299 1691 3374 crucia,
1750 3298 1995 3363 mortis,
2083 3299 2154 3361 et
2210 3296 2483 3360 alluxit
2538 3314 2618 3358 ex

323 3405 507 3470 Seir.
556 3404 694 3470 Seir
731 3405 1185 3487 interpretatur
1229 3406 1580 3488 „pilosus‘·',
1631 3404 1799 3487 quod
1839 3404 2154 3489 significat
2192 3406 2616 3486 peccatorem:

320 3514 413 3576 sio
481 3513 646 3576 enim
715 3516 901 3575 natus
971 3515 1070 3575 est
1136 3513 1303 3575 Esau
1375 3511 1518 3576 odio
1585 3511 1864 3576 habitus,
1953 3510 2064 3574 sed
2139 3510 2435 3592 quoniam
2512 3508 2619 3589 qui

323 3618 628 3683 sedebant
684 3619 747 3682 in
804 3619 1084 3682 tenebris
1144 3621 1207 3682 et
1262 3618 1324 3681 in
1384 3618 1606 3681 umbra
1671 3618 1915 3694 mortui,
1982 3619 2088 3681 lux
2155 3619 2290 3681 orta
2348 3618 2447 3679 est
2503 3614 2617 3690 εἰς,

318 3725 459 3790 ideo
520 3725 746 3789 alluxit
802 3744 872 3789 ex
931 3725 1085 3791 Seir.
1174 3726 1366 3789 simul
1434 3725 1627 3789 etiam
1693 3744 1813 3788 non
1882 3723 2152 3788 absurde
2218 3721 2620 3805 intellegitur

214 3860 277 3901 ω
317 3851 459 3896 esse
524 3831 916 3915 praedictum
989 3851 1059 3896 ex
1127 3832 1425 3916 gentibus
1492 3850 1651 3913 quae
1717 3831 2155 3914 significantur
2218 3847 2329 3911 per
2392 3846 2616 3892 nomen

319 3937 474 4015 Seir,
543 3939 689 4021 quia
755 3958 937 4004 mons
1006 3941 1104 4003 est
1167 3938 1486 4021 pertinens
1555 3938 1633 4002 ad
1695 3938 1886 4014 Esau,
1952 3940 2284 4001 uenturam
2350 3933 2616 4018 gratiam

497 4148 566 4203 27
608 4147 676 4202 cf.
718 4147 849 4201 Gen.
892 4149 977 4208 25,
1018 4148 1087 4202 25
1235 4148 1302 4202 cf.
1342 4148 1430 4201 Es.
1471 4149 1523 4210 9,
1565 4148 1597 4201 2

388 4291 413 4342 1
458 4289 536 4342 eir
562 4289 636 4342 1³¹
746 4290 779 4342 2
819 4293 873 4342 et
904 4288 1107 4343 addidi
1117 4307 1137 4356 ,·
1174 4290 1244 4356 cf.
1267 4306 1399 4359 paq.
1436 4292 1561 4355 418,
1595 4292 1629 4341 4
1773 4289 1925 4342 faran
1955 4286 2114 4342 PSU
2138 4287 2254 4340 fran
2281 4284 2348 4339 N
2461 4286 2489 4338 ‘a'
2532 4284 2614 4338 di-

308 4378 474 4439 lectio
513 4378 568 4431 P
673 4378 706 4432 8
746 4376 920 4431 tribus
970 4377 1021 4430 V
1125 4379 1157 4431 9
1198 4380 1484 4448 appareret
1522 4376 1697 4432 ΡΓΒι
1810 4380 1874 4432 15
1913 4374 2069 4430 nobis
2109 4391 2209 4429 om.
2252 4374 2304 4427 V
2407 4375 2476 4428 22
2515 4373 2614 4427 filii

304 4485 413 4520 om.
442 4466 506 4520 N
608 4467 679 4520 23
719 4470 803 4520 est
831 4482 932 4521 om.
963 4466 1025 4519 N
1169 4467 1296 4537 quia
1326 4466 1372 4520 S
1477 4466 1546 4520 28
1586 4465 1812 4520 sedebat
1839 4465 1986 4520 S¹U¹
2096 4464 2160 4518 31
2205 4464 2297 4535 qui
2326 4464 2388 4517 in
2415 4479 2526 4516 ras.
2564 4462 2614 4515 V

416 4592 613 4632 xxvm
642 4592 759 4641 Aug.
789 4597 898 4632 sect.
930 4593 998 4632 111
1027 4604 1131 4643 pm
1158 4593 1183 4631 8
2401 4571 2469 4623 27
