3076 4976
516 468 600 529 56
1222 466 1274 519 S.
1332 466 1606 519 Aureli
1664 466 2102 534 Augustini

515 661 656 724 tui.
737 661 888 742 quid
967 666 1066 725 est
1140 662 1309 743 quod
1383 681 1504 725 non
1546 662 1732 725 dixit:
1784 640 1852 724 et
1879 658 1990 724 'Tho
2037 661 2127 724 ibi
2206 680 2373 725 aram
2445 662 2623 738 mihi,
2697 683 2808 744 qui

519 766 780 849 adparui
807 768 947 844 tibi,
983 769 1093 833 sed
1127 769 1280 832 deus
1313 768 1501 832 dicit:
1534 769 1658 831 fac
1693 767 1804 830 ibi
1840 787 2048 831 aram
2081 768 2221 831 deo
2250 768 2382 848 qui
2425 769 2810 851 adparuit

515 873 719 937 tibi?
767 877 983 938 utrum
1031 875 1201 939 filius
1250 875 1337 938 ibi
1385 874 1677 956 adparuit
1725 879 1789 938 et
1835 874 1989 938 deus
2049 878 2229 957 pater
2285 877 2404 939 hoo
2472 875 2674 942 dicit?
2731 896 2810 939 an

516 980 575 1043 in
626 981 836 1064 aliquo
888 1001 1109 1065 genere
1155 982 1496 1045 locutionis
1547 981 2130 1045 adnumerandum?

608 1086 768 1152 CXI.
819 1088 1000 1168 Quod
1055 1088 1243 1152 Iacob
1310 1107 1688 1153 ascensurus
1756 1087 2002 1165 Bethel‚
2053 1089 2163 1152 ubi
2210 1088 2424 1153 iussus
2492 1092 2591 1153 est
2638 1109 2807 1152 aram
2881 1110 2907 1147 a

517 1194 744 1272 facere,
818 1194 971 1259 dicit
1041 1195 1255 1258 domui
1335 1214 1485 1259 suae
1545 1198 1610 1258 et
1675 1194 1968 1258 omnibus
2035 1195 2143 1277 qui
2209 1214 2352 1259 eum
2417 1196 2530 1260 illo
2598 1200 2808 1260 erant:

516 1301 802 1365 tollite
852 1301 1043 1366 deos
1095 1302 1410 1366 alienos
1461 1301 1596 1384 qui
1662 1301 2087 1365 uobiscum
2138 1306 2324 1366 sunt
2394 1302 2481 1365 de
2546 1302 2809 1366 medio

516 1411 877 1473 uestrum
931 1411 995 1473 et
1041 1411 1277 1482 oetera;
1348 1407 1572 1471 deinde
1641 1408 1907 1474 dicitur:
1961 1410 2037 1472 et
2102 1407 2503 1472 dederunt
2567 1410 2810 1473 Iacob

518 1516 707 1580 deos
735 1516 1072 1592 alienos,
1102 1516 1237 1596 qui
1268 1519 1495 1579 erant
1531 1515 1607 1578 in
1635 1514 2006 1578 manibus
2042 1533 2334 1591 eorum,
2370 1520 2446 1579 et
2475 1515 2811 1580 inaures

519 1641 716 1702 quae
756 1627 983 1686 erant
1018 1622 1095 1685 in
1135 1621 1471 1685 auribus
1512 1639 1800 1687 eorum.
1855 1622 2178 1703 quaeritur
2217 1641 2406 1703 quare
2446 1625 2512 1685 et
2555 1622 2811 1685 inaures

517 1765 606 1773 ——
653 1748 810 1809 quae
859 1730 911 1792 si
962 1733 1324 1793 ornamenta
1370 1732 1565 1805 erant,
1606 1728 1684 1791 ad
1722 1728 2078 1792 idolatriam
2121 1748 2241 1792 uon
2276 1729 2676 1809 pertinebant
2725 1765 2814 1774 —

520 1836 643 1899 nisi
690 1837 838 1918 quia
884 1836 1381 1919 intellegendum
1431 1839 1532 1899 est
1576 1835 1966 1918 phylacteria
2011 1836 2212 1900 fuisse
2262 1836 2518 1900 deorum
2577 1836 2812 1899 alieno-

517 1963 677 2008 rum.
760 1963 902 2007 nam
982 1944 1333 2007 Rebeccam
1411 1963 1446 2006 a
1524 1961 1708 2006 seruo
1788 1943 2072 2007 Abrahae
2149 1943 2400 2007 inaures
2489 1943 2814 2024 accepisse

522 2051 833 2132 scriptura
906 2053 1213 2123 testatum
1293 2047 1460 2130 quod
1535 2068 1657 2112 non
1716 2048 1912 2124 fieret,
1981 2048 2035 2112 si
2104 2049 2195 2112 eis
2260 2048 2513 2112 inaures
2579 2048 2814 2111 habere

521 2157 867 2221 ornamenti
945 2157 1146 2240 gratia
1192 2175 1312 2221 non
1380 2156 1620 2220 liceret.
1690 2174 1837 2239 ergo
1905 2157 2050 2219 illae
2120 2156 2371 2220 inaures
2439 2174 2598 2237 quae
2666 2174 2816 2218 eum

519 2262 707 2326 idolis
774 2262 954 2326 datae
1022 2265 1191 2326 sunt.
1249 2267 1321 2326 ut
1379 2261 1618 2325 dietum
1680 2263 1797 2335 est,
1855 2261 2166 2325 idolorum
2226 2262 2614 2346 phylacteria
2678 2262 2815 2325 fue-

521 2373 687 2432 runt.

613 2474 804 2540 CXII.
855 2475 950 2539 Et
998 2476 1269 2539 faetus
1321 2478 1446 2539 est
1490 2475 1733 2539 timor
1773 2475 1897 2539 dei
1939 2475 2014 2539 in
2056 2475 2558 2541 ciuitatibus
2609 2496 2816 2558 quae

524 2582 743 2645 circa
786 2582 986 2646 illos
1037 2589 1266 2645 erant
1312 2588 1389 2645 θῖ
1435 2601 1581 2645 11011
1632 2587 1819 2645 sunt
1868 2583 2299 2647 consecuti
2346 2589 2532 2664 post
2569 2583 2813 2646 filios

524 2689 855 2753 Israhel.
894 2688 1272 2769 incipiamus
1315 2689 1814 2753 animaduertere
1846 2689 2376 2771 quemadmodum
2409 2689 2563 2753 deus
2601 2709 2814 2771 opere·

523 2799 627 2858 tur
673 2795 735 2858 in
785 2795 1109 2859 hominum
1180 2796 1517 2859 montibus,
1570 2814 1606 2858 a
1653 2815 1776 2876 quo
1826 2796 1990 2859 enirn
2057 2797 2245 2860 timor
2293 2796 2392 2859 dei
2458 2796 2665 2859 faetus
2714 2803 2820 2859 est

523 2902 583 2964 in
634 2902 760 2964 illis
829 2901 1201 2965 ciuitatibus
1268 2902 1388 2965 nisi
1455 2902 1530 2964 ab
1596 2901 1730 2979 illo,
1800 2903 1908 2983 qui
1958 2922 2072 2966 sua
2138 2902 2448 2984 promissa
2491 2902 2554 2964 in
2622 2902 2818 2965 Iacob

522 3008 797 3087 filiisque
847 3007 1187 3071 tuebatur?

617 3113 841 3178 CXIII.
913 3113 1152 3177 Venit
1218 3117 1484 3178 autem
1554 3114 1792 3178 Iacob
1859 3115 1933 3178 in
1985 3115 2212 3190 Lina,
2283 3133 2479 3195 quae
2548 3117 2673 3178 est
2738 3114 2816 3178 in

525 3224 743 3283 terra
792 3220 1181 3292 Chanaan,
1232 3240 1430 3302 quae
1491 3226 1615 3284 est
1661 3221 1976 3284 Bethel.
2036 3220 2668 3284 animaduertendum
2715 3225 2822 3284 est

523 3327 643 3390 tria
712 3327 837 3391 iam
904 3328 1156 3391 nomina
1217 3328 1407 3391 huius
1476 3328 1759 3390 ciuitatis
1828 3331 2350 3390 commemorata:
2420 3326 2818 3402 Vlammau3‚

527 3434 694 3514 quod
744 3434 983 3498 dictum
1035 3436 1133 3497 est
1180 3453 1315 3497 eam
1362 3434 1537 3514 prius
1590 3437 1903 3510 uocatam,
1946 3453 2090 3497 cum
2135 3434 2292 3496 illuc
2331 3433 2507 3515 prius
2545 3453 2818 3517 pergens

527 3541 588 3602 in
664 3539 1192 3621 Mesopotamiam
1273 3540 1556 3603 uenisset
1631 3540 1842 3604 Iacob.
1912 3545 1976 3603 et
2039 3541 2286 3616 Bethor
2358 3540 2525 3621 quod
2590 3560 2821 3605 nomen

708 3733 737 3784 7
788 3731 920 3783 Gen.
971 3732 1058 3787 35.
1108 3732 1155 3784 2.
1205 3733 1238 3784 4
1423 3732 1488 3783 13
1541 3731 1607 3782 cs.
1657 3733 1790 3782 Gen.
1832 3731 1917 3792 ⁴24,
1968 3731 2055 3783 22.
2105 3732 2174 3783 30
2360 3733 2424 3783 18
2465 3730 2596 3785 Gen.
2648 3734 2732 3792 35,
2787 3735 2817 3784 ἶ»

527 3822 595 3873 24
636 3819 767 3873 Gen.
809 3821 895 3886 35,
934 3822 966 3873 6
1078 3821 1146 3873 26
1186 3819 1252 3872 cf.
1294 3819 1425 3872 Gen.
1467 3821 1553 3873 28.
1601 3821 1662 3872 19
1775 3823 1841 3871 28
1883 3819 1951 3871 cs.
1992 3821 2124 3872 Gen.
2165 3820 2252 3880 35,
2297 3822 2360 3872 15

598 3947 630 3995 2
670 3944 924 4012 apparuit
960 3944 1020 3994 Ν
1066 3945 1321 4013 apparui*
1350 3945 1404 3996 P
1588 3945 1624 3996 4
1672 3943 2131 3996 annumerandum
2173 3945 2246 3996 sit
2286 3944 2316 3996 b
2499 3945 2531 3996 8
2579 3944 2748 3996 uestri
2789 3945 2819 3996 b

529 4035 560 4082 9
600 4032 804 4084 alienos
843 4031 972 4083 deos
1011 4030 1057 4085 S
1178 4033 1236 4084 ll
1282 4031 1535 4085 idolatria
1581 4031 2024 4084 &idololatriam
2066 4033 2105 4084 d
2218 4035 2280 4085 12
2321 4034 2390 4101 (et
2430 4033 2519 4098 16)
2558 4032 2821 4084 filacteria

535 4120 794 4174 CPSNV
826 4120 1149 4188 philacteria
1196 4121 1244 4173 T
1291 4120 1580 4189 philateria
1619 4120 1649 4172 b
1811 4122 1877 4172 14
1914 4120 2114 4173 habere
2143 4126 2275 4189 post
2315 4122 2493 4189 gratia
2526 4138 2568 4174 s.
2609 4122 2642 4175 1.
2683 4139 2751 4176 m.
2797 4129 2820 4174 1

530 4209 660 4262 add.
697 4210 760 4262 in
790 4208 835 4262 S
860 4227 961 4263 om.
992 4209 1047 4260 1>
1129 4211 1193 4262 15
1221 4209 1448 4278 gratiam
1489 4208 1534 4261 S
1625 4209 1690 4262 18
1719 4208 1923 4260 domini
1952 4209 2002 4261 Τ
2091 4210 2157 4262 19
2183 4212 2356 4263 secuti
2395 4209 2478 4262 Vb
2569 4211 2638 4261 20
2679 4211 2819 4263 enim

528 4298 811 4350 aduertere
837 4295 1025 4349 PSVb
1133 4298 1203 4350 24
1241 4298 1361 4350 luza
1389 4297 1420 4349 b
1532 4299 1599 4349 ‘25
1640 4298 1694 4350 in
1733 4297 1922 4350 bethel
1947 4298 2115 4350 PVT
2147 4298 2202 4362 in
2243 4298 2428 4350 bethel
2457 4299 2502 4350 S
2605 4299 2676 4351 26
2719 4300 2818 4350 iam

530 4403 629 4439 om.
672 4387 735 4438 N
873 4385 1141 4438 ullamaus
1179 4385 1323 4437 PVb
1361 4387 1631 4438 uolamaus
1671 4386 1716 4438 S
1751 4386 2032 4439 ulammaus
2072 4387 2129 4438 N
2239 4389 2304 4439 27
2347 4388 2519 4454 primu
2555 4385 2623 4438 N

2856 1646 2906 1681 10

2853 2713 2904 2749 20

2857 3244 2902 3282 25
