3076 4976
591 497 1070 562 Quaestionum
1111 497 1223 551 lib.
1263 497 1317 550 II
1354 496 1649 562 (Quaest.
1693 496 1766 550 de
1803 495 2068 552 Exodo).
2343 499 2468 561 133

200 694 501 774 superbia:
574 693 837 757 sedebat
902 693 1063 756 enim
1129 692 1459 756 iudiciaria
1507 691 1900 755 sublimitate
1949 692 2124 755 solus
2173 691 2468 755 uniuerso

198 801 408 882 populo
457 803 689 865 stante.
739 820 879 863 nam
928 799 1095 863 hune
1143 818 1397 863 sensum
1449 799 1707 874 indicat,
1750 817 1894 862 eum
1942 799 2077 880 ipse
2107 797 2326 862 Iothor
2363 818 2468 862 eos

196 908 330 991 e1igi
380 908 575 970 iussit
633 907 713 970 ad
768 906 1133 970 iudicandas
1194 925 1418 970 causas
1476 905 1716 987 populi,
1768 906 1877 986 qui
1925 905 2207 969 odissent
2255 925 2465 986 super-

196 1015 365 1079 biam.
414 1013 641 1077 deinde
681 1032 868 1095 quam
907 1015 991 1077 sit
1030 1012 1491 1077 obseruandum
1536 1012 1701 1094 quod
1743 1012 1893 1075 alibi
1933 1012 2245 1093 scriptura
2283 1012 2468 1076 dicit:

144 1121 319 1192 5si1i,
366 1140 447 1184 ne
516 1121 591 1183 in
659 1120 924 1184 multis
994 1121 1147 1183 sint
1212 1123 1425 1184 aetus
1494 1119 1627 1196 tui,
1696 1119 1852 1183 satis
1911 1124 1974 1182 et
2029 1120 2129 1182 hie
2189 1119 2467 1200 adparet.

126 1677 164 1712 10

129 2742 171 2782 2¹]

196 1228 398 1290 deinde
444 1228 643 1290 uerba
672 1227 892 1290 lothor
939 1227 1143 1290 dantis
1185 1227 1520 1290 eonsilium
1553 1227 1762 1308 Moysi
1805 1225 2254 1289 consideranda
2293 1231 2467 1291 sunt:

197 1334 335 1398 dicit
396 1333 597 1397 enim:
664 1353 856 1396 nune
919 1334 1180 1414 itaque
1247 1333 1419 1395 audi
1486 1352 1615 1409 me,
1685 1336 1758 1397 et
1815 1332 2223 1396 eonsilium
2284 1331 2468 1396 dabo

195 1441 341 1511 tibi,
390 1445 461 1504 et
508 1440 658 1504 erit
709 1439 888 1503 deus
938 1442 1203 1504 tecum.
1255 1440 1364 1503 ubi
1412 1440 1571 1502 mihi
1611 1439 1866 1503 uidetur
1905 1437 2243 1520 significari
2281 1438 2469 1501 nimis

195 1547 487 1611 intentum
564 1546 861 1610 humanis
938 1546 1290 1611 actionibus
1367 1547 1646 1610 animum
1724 1546 1838 1610 deo
1926 1545 2196 1626 quodam
2283 1545 2470 1608 modo

196 1655 452 1729 uacum-i,
504 1673 633 1735 quo
673 1652 747 1716 fit
783 1657 957 1717 tanto
997 1653 1261 1735 plenior,
1304 1657 1536 1734 quanto
1578 1653 1636 1715 in
1683 1672 1953 1735 superna
1991 1657 2179 1734 atque
2220 1654 2472 1715 aeterna

195 1760 434 1824 liberius
485 1759 866 1823 extenditur.

272 1866 583 1932 LXVIIII.
657 1865 839 1944 Quod
896 1885 1043 1929 uero
1104 1865 1394 1950 adiungit
1450 1870 1511 1928 et
1561 1866 1748 1930 dicit:
1817 1869 1978 1929 esto
2046 1869 2124 1928 tu
2190 1866 2469 1946 populo

200 1991 362 2052 quae
427 1971 513 2034 ad
586 1971 803 2034 deum
871 1974 942 2034 et
1006 1972 1287 2034 referes
1346 1971 1573 2034 uerba
1633 1991 1882 2035 eorum
1944 1971 2027 2035 ad
2088 1971 2331 2048 deu1n3
2401 1974 2472 2033 et

197 2079 594 2142 test-aberis
638 2078 801 2141 illis
840 2085 1246 2160 praecepta
1286 2078 1400 2142 (lei
1444 2085 1514 2142 et
1553 2081 1792 2162 legem
1845 2079 2009 2142 eius
2061 2081 2133 2140 et
2180 2077 2470 2141 demon-

148 2207 168 2244 5
200 2185 461 2249 strabis
497 2185 671 2248 illis
712 2185 875 2248 uias
917 2185 985 2248 in
1027 2186 1300 2266 quibus
1341 2186 1835 2250 ambulabunt
1874 2186 1945 2249 in
1987 2185 2095 2249 eis
2138 2189 2208 2248 et
2249 2203 2471 2266 opera

200 2310 364 2371 quae
411 2292 723 2368 facient,
771 2310 916 2355 oum
954 2293 1189 2373 populo
1230 2293 1524 2380 uniuerso
1566 2293 1720 2356 haee
1761 2292 2000 2376 agenda
2041 2311 2179 2355 esse
2220 2291 2472 2354 demon-

201 2404 358 2462 strat.
405 2418 526 2461 non
570 2397 740 2460 enim
781 2398 896 2460 ait:
947 2398 1448 2480 uniuscuiusque
1497 2400 1691 2463 uerba
1736 2401 1897 2462 refer
1944 2398 2020 2462 ad
2071 2399 2277 2474 deum,
2329 2398 2470 2461 sed:

201 2505 407 2569 uerba
462 2525 746 2583 eorum,
805 2525 947 2569 cum
999 2526 1191 2587 supra
1238 2506 1528 2571 dixisset:
1591 2512 1752 2571 esto
1810 2511 1890 2571 tu
1948 2508 2227 2590 populo
2288 2525 2473 2588 quae

201 2612 275 2673 ad
327 2613 537 2676 deum
600 2615 797 2677 sunt.
872 2616 1019 2693 post
1064 2613 1218 2677 haec
1267 2614 1582 2689 admonet,
1632 2633 1706 2677 ne
1756 2613 2146 2691 singulorum
2197 2613 2469 2697 negotia,

202 2737 341 2797 quae
373 2719 536 2783 inter
570 2738 639 2782 se
669 2719 920 2793 habent,
953 2719 1318 2784 deserantur
1349 2722 1568 2783 electis
1600 2720 1898 2784 uidelicet
1921 2721 2286 2803 potentibus
2316 2721 2472 2785 uiris

200 2822 367 2887 deum
414 2825 775 2889 colentibus
822 2826 1010 2889 iustis
1060 2829 1124 2889 et
1172 2827 1277 2908 qui
1328 2827 1570 2890 oderint
1618 2828 1998 2910 ⁸snperbiam,
2041 2848 2199 2909 quos
2241 2828 2472 2892 eonsti-

200 2936 386 2996 tueret
423 2951 619 3013 super
657 2932 968 3007 mineum,
1002 2932 1159 2996 alios
1201 2952 1389 3013 super
1419 2936 1733 3008 centenos,
1767 2934 1922 2998 alios
1956 2955 2142 3016 super
2171 2934 2471 3017 quinqua-

202 3055 397 3119 genoS‚
430 3040 594 3103 alios
626 3058 819 3120 super
848 3039 1061 3102 denos.
1098 3039 1190 3103 sic
1221 3044 1285 3103 et
1314 3041 1390 3102 ab
1421 3040 1559 3121 ipso
1591 3041 1813 3122 Moyse
1843 3042 2116 3105 remouit
2145 3061 2369 3125 graues
2412 3046 2472 3105 et

202 3144 571 3223 periculosas
613 3146 1058 3227 occupationes
1099 3164 1211 3209 nee
1252 3146 1409 3210 istos
1451 3148 1764 3230 g1·auauit-‚
1806 3148 2312 3230 quandoquidem
2351 3148 2472 3230 ipsi

130 3284 148 3313 ε
203 3250 358 3314 mille
387 3252 695 3316 haberent
724 3272 915 3315 unum
950 3272 1137 3333 super
1167 3272 1233 3316 se
1266 3257 1328 3316 et
1360 3254 1476 3317 sub
1510 3254 1620 3317 illo
1653 3254 1954 3318 haberent
1985 3254 2140 3318 alios
2173 3255 2388 3318 decem
2412 3258 2473 3317 et

204 3356 304 3418 sub
351 3358 440 3420 eis
488 3358 649 3423 alios
698 3359 931 3441 uiginti
978 3363 1041 3422 et
1089 3360 1205 3423 sub
1255 3360 1354 3422 his
1405 3360 1564 3425 alios
1614 3365 1889 3439 eentum,
1941 3366 2012 3425 ut
2072 3362 2173 3425 uix
2233 3360 2472 3442 aliquid

202 3461 268 3525 acl
327 3464 615 3549 singulos
684 3484 969 3547 quosque
1034 3466 1426 3547 praeposito&
1501 3467 1875 3548 perueniret,
1954 3468 2121 3550 quod
2195 3468 2471 3531 iudicare

361 3682 392 3735 3
431 3681 497 3735 cf.
536 3682 634 3735 Ex.
678 3683 761 3747 18,
801 3683 866 3735 21
1007 3687 1038 3735 0¹⁹»
1076 3682 1244 3736 Eccli.
1288 3684 1368 3745 11,
1413 3685 1476 3736 10
1619 3686 1646 3736 7
1687 3684 1779 3739 Ex.
1825 3685 1903 3749 18,
1946 3687 2012 3738 19
2151 3688 2216 3738 12
2255 3687 2346 3739 Ex.
2391 3686 2472 3749 18,

207 3768 277 3822 19.
312 3771 392 3825 20.
430 3772 495 3823 21

269 3894 287 3944 1
328 3893 552 3949 iudicari
598 3895 662 3947 C¹
773 3896 1180 3949 solus--stante
1220 3913 1319 3950 om.
1362 3896 1465 3951 SV
1569 3899 1758 3951 uniuer
1796 3899 1874 3966 (so
1904 3905 2247 3967 praesectam.
2285 3904 2380 3965 est)
2423 3901 2477 3952 P

204 3981 230 4031 6
264 3981 711 4037 deinde-lother
747 4002 848 4038 om.
889 3985 947 4037 N
1094 3987 1122 4039 7
1163 3986 1353 4039 exaudi
1402 3987 1453 4038 Τ
1605 3988 1669 4041 10
1707 4004 1898 4040 uacare
1945 3988 1998 4040 V
2174 3993 2379 4057 quanta
2414 3986 2478 4041 N

207 4069 261 4121 12
294 4071 487 4140 populo
526 4073 579 4124 in
617 4073 702 4127 his
742 4074 773 4126 b
852 4074 915 4126 13
944 4090 1034 4142 pr.
1067 4074 1336 4128 dominum
1385 4076 1434 4128 Τ
1505 4077 1572 4129 14
1609 4076 1756 4129 illius
1795 4076 1875 4128 Vb
1914 4094 2014 4130 om.
2049 4077 2094 4129 S
2167 4078 2230 4129 1ss
2270 4078 2473 4129 faciant

208 4155 530 4213 (ῚΝΥΤΒΡ2
707 4162 794 4214 hie
840 4163 901 4215 in
937 4179 1049 4216 ras,
1095 4163 1146 4215 T
1193 4164 1294 4216 hoc
1333 4164 1364 4217 b
1547 4165 1810 4233 agendum
1854 4165 1884 4216 b
2035 4167 2098 4218 17
2155 4166 2351 4217 referes
2400 4165 2474 4217 bcl

210 4244 263 4297 18
298 4247 348 4299 in
386 4248 469 4302 his
509 4266 644 4319 quae
682 4251 1027 4304 CPSNVTb
1138 4253 1201 4305 21
1247 4255 1607 4307 constituerat
1636 4254 1681 4308 S
1708 4255 2005 4307 constituat
2037 4254 2111 4305 bd
2217 4254 2284 4306 23
2324 4254 2468 4305 sio—

206 4349 250 4384 re
278 4353 373 4389 om.
402 4337 467 4389 N
602 4344 843 4393 remouet
870 4339 1049 4393 GP²T
1074 4346 1257 4395 mouet
1286 4343 1347 4393 N
1455 4344 1521 4395 25
1554 4343 1671 4396 decl
1706 4343 1752 4396 G
1857 4345 1923 4395 26
1955 4343 2165 4410 uigenti
2202 4341 2245 4395 C
2389 4344 2472 4410 ut]

206 4425 252 4474 et
286 4429 335 4476 Ν
443 4428 509 4480 27
548 4429 893 4496 peruenirent
940 4429 991 4482 V
