3076 4976
466 523 594 584 554
1171 518 1224 571 S.
1282 516 1552 570 Aureli
1614 515 2048 585 Augustini

461 714 831 777 morietur
887 713 957 777 in
1016 714 1277 778 robore
1338 712 1872 796 simplicitatis
1923 732 2133 777 suae:
2185 712 2440 777 uidetur
2488 712 2745 794 exsequi

460 822 714 886 occulta
786 820 1150 897 homicidia,
1228 839 1728 885 commemorans
1805 821 2052 903 largum
2128 840 2322 884 unum
2408 822 2472 883 et
2556 820 2750 883 alium

460 947 742 1004 auarum,
803 928 951 1009 quia
1008 927 1295 992 homines
1353 927 1746 992 abundantes
1803 931 1868 991 et
1914 927 2073 1010 largi
2121 930 2427 1010 putantur
2475 931 2539 990 et
2583 926 2754 991 boni.

461 1034 833 1098 intestina
908 1034 1071 1098 eius
1145 1035 1361 1116 plena
1436 1038 1613 1098 sunt
1687 1034 1935 1116 adipe:
2013 1033 2205 1098 habet
2274 1033 2607 1100 laet-itiam.
2684 1038 2757 1098 et

457 1140 797 1205 medulla
842 1160 1095 1205 eorum
1144 1140 1649 1205 diffunditur:
1698 1141 2166 1219 intestinorum,
2216 1141 2364 1223 quia
2410 1160 2531 1204 non
2580 1143 2755 1205 tenet
2818 1160 2846 1200 ⁵

459 1248 628 1312 intra
685 1267 751 1311 se
807 1248 975 1312 bona
1030 1267 1165 1326 sua,
1226 1248 1335 1312 sed
1391 1247 1678 1330 inpendit
1731 1248 1845 1311 illa
1900 1249 2006 1311 uel
2061 1248 2123 1311 in
2183 1267 2249 1311 se
2306 1248 2412 1311 uel
2468 1247 2531 1311 in
2588 1248 2754 1312 aliis.

460 1354 718 1435 itaque
796 1354 957 1418 scio
1032 1372 1167 1417 uos
1246 1353 1608 1418 audacter
1680 1354 1858 1418 mihi
1935 1354 2328 1418 insistere:
2395 1374 2516 1419 non
2586 1353 2755 1419 enim

460 1459 853 1524 considerate
887 1460 1122 1524 dicitis.
1155 1460 1330 1542 quia
1369 1459 1670 1524 dicitis:
1713 1460 1844 1524 ubi
1885 1463 2001 1524 est
2039 1460 2300 1525 domus
2339 1460 2755 1544 principis?

457 1566 561 1629 uel
609 1565 922 1649 inpiorum
970 1568 1077 1631 uel
1125 1566 1411 1648 superbi3
1464 1567 1615 1650 quia
1659 1568 1973 1648 putabant
2016 1567 2121 1631 hic
2168 1568 2260 1632 eis
2301 1567 2531 1631 auferri
2568 1567 2754 1642 bona,

457 1690 602 1736 cum
648 1673 935 1755 plerique
983 1673 1171 1737 etiam
1237 1674 1408 1756 pleni
1454 1673 1556 1738 his
1603 1673 1805 1737 uitam
1851 1674 2126 1738 finierint
2161 1693 2273 1757 per
2320 1694 2393 1739 ea
2428 1674 2752 1756 puniendi.
2794 1695 2847 1734 lo

457 1782 531 1842 et
587 1780 713 1843 ubi
774 1783 894 1845 est
946 1780 1290 1845 uelamen
1348 1780 1420 1844 in
1478 1780 1999 1845 tabernaculis
2047 1780 2473 1862 inpiorum?
2532 1780 2751 1853 honor,

455 1884 930 1970 interrogate
1016 1906 1140 1950 eos
1226 1886 1355 1968 qui
1440 1889 1840 1950 transeunt
1922 1907 2051 1969 per
2124 1886 2354 1951 uiam:
2446 1887 2553 1968 qui
2630 1906 2752 1951 non

456 1991 849 2056 delectantur
912 1993 1037 2066 uia,
1105 1993 1217 2056 sed
1282 1997 1614 2057 transeunt
1676 2013 1788 2075 per
1854 2013 2011 2058 eam.
2081 1997 2154 2058 et
2218 1993 2433 2077 signa
2499 2012 2750 2058 eorum

453 2117 589 2162 non
676 2099 1166 2182 ignorabitis:
1253 2101 1361 2164 uel
1443 2100 1765 2183 inpiorum
1851 2120 2010 2182 quae
2097 2100 2245 2164 dant
2328 2102 2751 2175 transeunteS,

455 2204 735 2269 dicentes
800 2205 952 2288 quid
1019 2206 1110 2270 eis
1175 2207 1463 2271 futurum
1530 2208 1634 2286 sit,
1701 2208 1808 2272 uel
1875 2227 1910 2271 a
1976 2208 2210 2290 quibus
2286 2209 2754 2290 cognoscantur
2791 2226 2846 2265 ιε

455 2312 632 2393 inpii.
711 2313 882 2394 quis
960 2314 1447 2377 adnuntiabit
1520 2333 1765 2378 coram
1841 2333 1922 2378 eo
1989 2314 2184 2378 uiam
2253 2313 2465 2378 eius?
2534 2331 2750 2376 coram

452 2418 625 2502 inpio
693 2419 862 2484 uiam
932 2440 1111 2483 suam
1180 2439 1361 2484 nemo
1429 2420 1552 2484 nisi
1611 2420 1905 2484 dominus
1963 2420 2294 2484 adnuntiat
2347 2419 2748 2493 fiducialiter,

452 2527 602 2608 quia
658 2527 795 2609 ipse
861 2528 919 2591 ei
983 2528 1342 2612 respondet.
1411 2533 1473 2593 et
1540 2533 1749 2592 tamen
1823 2530 1936 2605 „et
1999 2529 2197 2612 ipse*
2274 2527 2563 2593 dominus
2637 2527 2749 2602 „in

452 2633 880 2713 sepulcrum
960 2633 1330 2698 deductus
1399 2638 1588 2699 est:“
1660 2636 1752 2699 ita
1821 2654 2061 2699 merc-es
2129 2635 2387 2718 pietatis
2453 2652 2575 2697 non
2640 2634 2748 2697 hic

450 2738 754 2820 speranda
802 2742 917 2805 est.
969 2748 1042 2804 et
1089 2758 1312 2823 super
1359 2760 1704 2805 aceruum
1755 2741 2159 2825 uigilauit:
2209 2744 2353 2805 ante
2403 2740 2569 2805 enim
2606 2741 2747 2822 ipse
2786 2764 2844 2802 20

447 2845 803 2922 resurrexit,
880 2865 1069 2926 quam
1146 2866 1411 2911 aceruus
1485 2851 1844 2932 resurgeret
1917 2847 2403 2931 resurgentium.
2479 2846 2747 2912 dulces

448 2951 755 3014 fuerunt
794 2953 857 3016 ei
900 2952 1196 3033 lapides
1235 2955 1639 3019 torrentis:
1681 2973 1840 3036 quos
1882 2955 2209 3018 saeculum
2247 2973 2368 3019 non
2402 2954 2742 3036 subuertit,

447 3056 512 3119 id
552 3060 652 3120 est
689 3057 1038 3140 discipulos
1080 3077 1250 3123 suos,
1293 3064 1368 3124 et
1404 3065 1579 3143 post
1625 3080 1788 3124 eum
1837 3061 2076 3125 omnis
2126 3061 2342 3125 homo
2393 3060 2748 3141 sequitur

449 3166 523 3226 et
597 3168 768 3228 ante
845 3183 1007 3228 eum
1081 3164 1702 3230 innumerabiles.
1797 3170 1962 3248 autt,
2015 3171 2187 3249 post
2263 3186 2424 3231 eum
2494 3166 2743 3232 omnis

446 3270 693 3348 homo,
751 3270 815 3333 id
873 3274 970 3336 est
1027 3292 1191 3337 unus
1249 3274 1459 3349 hom0,
1520 3277 1594 3336 et
1650 3277 1820 3337 ante
1880 3293 2040 3338 eum
2107 3272 2738 3338 innumerabiles,
2781 3296 2842 3338 as

445 3376 552 3457 qui
608 3394 775 3440 nunc
830 3377 892 3440 in
949 3397 1207 3442 numero
1264 3379 1590 3443 hominum
1652 3379 1938 3463 deputati
1986 3383 2152 3457 sunt,
2204 3384 2346 3444 aut:
2395 3382 2546 3462 post
2592 3398 2739 3443 eum

620 3586 654 3637 4
690 3584 788 3638 Iob
829 3586 913 3645 21,
953 3587 1021 3639 24
1148 3585 1245 3639 Iob
1286 3586 1371 3649 21,
1410 3588 1479 3641 24
1564 3588 1593 3640 7
1633 3587 1730 3641 Iob
1769 3589 1855 3650 21,
1893 3589 1962 3641 27
2047 3587 2079 3640 8
2116 3585 2214 3640 Iob
2254 3589 2341 3651 21,
2380 3587 2448 3641 28
2534 3588 2595 3641 11
2638 3584 2739 3640 Iob

445 3673 530 3735 21,
570 3673 638 3726 28
736 3675 799 3727 12
838 3674 934 3727 Iob
974 3674 1061 3737 21,
1101 3675 1169 3727 29
1264 3676 1329 3728 13
1367 3676 1464 3729 Iob
1505 3676 1594 3740 21,
1631 3678 1700 3730 29
1795 3677 1860 3730 16
1897 3675 1996 3729 Iob
2034 3676 2120 3741 21,
2160 3677 2223 3730 31
2325 3676 2389 3730 18
2426 3676 2524 3730 Iob
2554 3676 2640 3738 21,
2668 3677 2739 3729 32

444 3761 512 3814 20
549 3760 645 3814 Iob
685 3762 773 3825 21,
812 3762 880 3816 32
991 3764 1054 3816 21
1097 3762 1192 3816 Iob
1233 3765 1317 3827 21,
1357 3765 1425 3817 33
1535 3765 1604 3817 23
1642 3764 1739 3817 Iob
1779 3766 1865 3828 21,
1904 3766 1972 3818 33

518 3883 543 3935 1
586 3900 778 3952 rupore
816 3882 862 3936 S
967 3887 999 3937 6
1039 3884 1267 3953 impedit
1310 3885 1355 3939 C
1462 3887 1491 3939 7
1532 3887 1783 3940 insistere
1820 3887 1952 3940 mihi
1991 3886 2038 3941 S
2144 3889 2209 3941 10
2246 3886 2421 3957 plenis
2464 3886 2514 3941 G
2647 3887 2737 3941 his

442 3988 542 4025 om.
590 3971 720 4026 TCb
865 3972 1119 4026 finierunt
1160 3972 1298 4027 GCb
1409 3975 1470 4027 11
1512 3974 1569 4027 in
1608 3990 1709 4027 om.
1748 3974 1794 4028 S
1890 3975 1954 4028 13
1994 3976 2107 4045 uia]
2146 3977 2291 4029 uiam
2335 3976 2388 4030 G
2491 3976 2558 4031 14
2597 3992 2738 4045 quae

444 4061 597 4131 dant]
641 4061 871 4132 quedam
903 4062 949 4116 Ο
1021 4064 1087 4117 15
1118 4062 1168 4115 ei
1203 4062 1290 4116 Τά
1396 4065 1842 4134 cognoscunturb
1931 4066 1994 4118 18
2023 4070 2078 4119 et
2109 4065 2206 4119 alt.
2237 4082 2338 4119 om.
2364 4065 2472 4120 GC
2545 4068 2610 4120 19
2648 4083 2735 4120 se·

439 4152 625 4221 pulcra
662 4151 848 4205 SHier
990 4152 1078 4205 hic
1115 4168 1221 4205 non
1257 4152 1305 4207 0
1389 4155 1458 4207 20
1495 4152 1796 4223 separanda
1830 4153 1878 4208 0
2017 4171 2207 4209 aceruo
2247 4153 2293 4209 S
2378 4156 2444 4209 21
2486 4154 2661 4209 dulcis
2690 4155 2742 4209 S

440 4241 509 4293 22
548 4240 597 4293 ei
633 4240 851 4294 suerunt
886 4237 1029 4295 Hier
1182 4242 1254 4311 ei]
1296 4245 1351 4295 et
1388 4240 1435 4295 S
1582 4242 1757 4296 labilli
1796 4242 1843 4297 S
1873 4242 2051 4313 lapilli
2089 4243 2232 4297 Hier
2382 4248 2652 4297 torrentes
2688 4244 2737 4297 S

439 4329 506 4381 24
543 4332 688 4398 post]
725 4345 821 4399 per
862 4329 913 4384 G
1050 4333 1117 4384 25
1156 4330 1445 4383 id—homo
1485 4348 1586 4386 om.
1633 4331 1684 4386 G
1829 4333 1905 4400 et]
1949 4336 2009 4384 ut
2047 4332 2096 4385 G
2243 4331 2650 4386 innumerabilis
2690 4332 2739 4387 S

438 4418 505 4472 26
545 4416 840 4487 deputandi
883 4418 992 4473 GP
1131 4421 1277 4489 post]
1315 4436 1411 4488 per
1451 4419 1503 4474 G
