3076 4976
341 446 472 509 306
1059 442 1111 497 S.
1167 443 1437 496 Aureli
1494 443 1935 512 Augustini

345 638 511 702 enim
559 638 693 701 sine
743 636 1240 702 sanctificatione
1287 637 1598 702 inuisibili
1645 642 1822 702 tanta
1868 637 2170 702 felicitate
2211 637 2481 702 donatus
2521 641 2646 703 est.

344 745 606 826 proinde
668 744 997 828 colligitur
1051 744 1441 809 inuisibilem
1500 745 2063 809 sanctificationem
2112 744 2490 827 quibusdam
2540 745 2647 809 ad·

344 850 546 915 fuisse
605 852 794 932 atque
851 848 1167 932 profuisse
1228 851 1362 914 sine
1418 849 1782 914 nisibilibus
1843 851 2277 928 sacramentis,
2326 870 2483 932 quae
2531 869 2640 933 pro

345 959 701 1039 temporum
774 957 1145 1020 diuersitate
1209 961 1457 1021 mutata
1522 962 1690 1034 sunt,
1759 961 1832 1021 ut
1895 957 2019 1021 alia
2081 961 2234 1022 tune
2290 958 2526 1022 fuerint
2582 962 2643 1022 et

348 1064 470 1127 alia
534 1062 719 1127 modo
789 1063 936 1139 sint,
1005 1063 1329 1127 uisibilem
1396 1082 1544 1127 uero
1603 1063 2191 1143 sanctificationem,
2250 1084 2410 1147 quae
2466 1064 2644 1128 fieret
2708 1086 2742 1125 5

347 1190 458 1252 per
526 1170 810 1234 nisibilia
875 1174 1287 1246 sacramenta,
1364 1171 1499 1235 sine
1575 1171 1700 1235 ista
1771 1171 2083 1235 inuisibili
2145 1191 2333 1253 posse
2397 1171 2640 1247 adesse,

348 1295 469 1341 non
540 1295 731 1358 posse
796 1277 1117 1358 prodesse.
1203 1296 1317 1341 nec
1382 1280 1595 1341 tamen
1660 1277 1804 1342 ideo
1872 1280 2333 1342 sacramentum
2387 1277 2640 1340 uisibile

355 1383 883 1448 contemnendum
933 1387 1063 1459 est3
1122 1402 1266 1447 nam
1325 1387 1719 1466 contemptor
1777 1383 1914 1449 eius
1962 1384 2371 1449 inuisibiliter
2416 1385 2643 1449 sancti-

349 1490 526 1555 ficari
564 1490 739 1555 nullo
780 1490 968 1555 modo
1009 1493 1238 1573 potest.
1289 1489 1435 1555 hinc
1485 1494 1603 1565 est,
1652 1491 1817 1573 quod
1859 1490 2185 1556 Cornelius
2234 1496 2298 1557 et
2343 1492 2452 1574 qui
2499 1511 2644 1556 eum

350 1616 421 1660 eo
482 1602 675 1674 erant,
737 1616 882 1661 cum
937 1596 1062 1660 iam
1120 1596 1533 1660 inuisibiliter
1588 1596 1797 1662 infuso
1859 1600 2073 1663 sancto
2132 1598 2359 1681 spiritu
2416 1598 2744 1663 sancti-10

349 1703 520 1767 ficati
570 1702 955 1784 adparerent‚
1005 1701 1309 1784 baptizati
1357 1706 1507 1766 sunt
1552 1706 1793 1778 tamen3
1843 1723 1957 1767 nec
2005 1704 2322 1787 superflua
2367 1704 2647 1769 iudicata

352 1814 451 1874 est
506 1809 784 1873 nisibilis
844 1808 1283 1885 sanctificatio,
1347 1827 1536 1890 quam
1602 1802 1945 1873 inuisibilis
2008 1810 2135 1874 iam
2197 1815 2643 1893 praecesserat.

445 1914 757 1979 LXXXV.
795 1914 1256 1978 Etlocutus
1300 1918 1423 1978 est
1453 1914 1821 1979 dominus
1853 1915 1938 1978 ad
1970 1916 2298 1999 Moysen
2331 1917 2642 1982 dicens:

352 2021 476 2085 dic
536 2022 795 2086 Aaron
868 2023 947 2084 et
1011 2021 1229 2085 filiis
1296 2021 1507 2086 eius:
1578 2025 1655 2085 et
1719 2021 2163 2087 adtendant
2228 2044 2262 2087 a
2328 2024 2642 2089 sanctis

355 2128 728 2193 filiorum
776 2128 1127 2205 Israhel,
1189 2131 1266 2192 et
1311 2147 1459 2193 non
1508 2129 2060 2210 profanabunt
2105 2150 2380 2195 nomen
2432 2150 2645 2196 sanc·
2685 2155 2746 2195 ιε

352 2237 522 2298 tum
587 2253 882 2311 meum,
960 2237 1258 2315 quanta
1330 2234 1495 2317 ipsi
1572 2234 2117 2299 sanctificant
2190 2236 2423 2311 mihi;
2501 2256 2643 2322 ego

353 2340 751 2406 dominus
796 2344 874 2404 et
913 2340 1137 2404 dices
1176 2340 1393 2405 illis:
1440 2340 1514 2404 in
1556 2341 1986 2424 progenies
2025 2345 2349 2407 uestras
2390 2345 2644 2409 omnis

351 2447 578 2513 homo
621 2446 1113 2530 quicumque
1155 2447 1611 2512 accesserit
1650 2447 1739 2511 ab
1781 2447 1986 2513 omni
2028 2447 2329 2514 semine
2367 2455 2644 2517 uestro

355 2554 447 2619 ad
490 2557 776 2618 sancta
806 2573 1360 2635 quaecumque
1394 2555 2127 2620 sanctificauerint
2155 2556 2325 2620 filii
2355 2558 2646 2624 Israhel

356 2660 674 2724 domino
727 2662 804 2723 et
849 2659 1354 2723 inmunditia
1402 2660 1579 2723 eius
1627 2660 1703 2724 in
1750 2660 1922 2739 illo,
1964 2663 2648 2731 exterminabitur
2684 2693 2747 2732 20·

358 2768 616 2832 anima
672 2767 824 2830 illa
880 2787 915 2830 a
973 2786 1122 2830 me:
1182 2786 1324 2850 ego
1383 2767 1753 2832 dominus
1813 2769 2008 2833 deus
2066 2773 2360 2836 uester.
2438 2773 2650 2838 ablata

355 2878 455 2939 est
501 2874 706 2938 omnis
758 2872 1071 2937 dubitatio
1120 2872 1435 2937 neminem
1484 2874 1885 2938 sacerdotum
1941 2875 2047 2939 uel
2103 2896 2495 2943 summorum
2545 2879 2651 2943 uel

356 2980 776 3045 secundorum
835 2979 1134 3044 debuisse
1193 2980 1488 3044 accedere
1548 2981 1625 3044 ad
1682 2985 1917 3058 saneta,
1979 2984 2032 3048 si
2086 2983 2465 3049 inmunditia
2512 2985 2648 3050 eius

352 3086 414 3151 in
464 3087 603 3169 ipso
655 3088 847 3151 esset.
908 3089 1040 3150 erat
1088 3105 1237 3170 ergo
1288 3106 1675 3169 consequens
1725 3089 2111 3154 continentia
2157 3091 2525 3170 sacerdoti23‚
2572 3112 2649 3156 ne

352 3198 608 3276 propter
661 3193 938 3257 filiorum
993 3193 1492 3275 procreationem
1552 3194 1870 3275 aliquibus
1929 3195 2151 3261 diebus
2217 3217 2339 3262 non
2397 3198 2650 3280 inpone·
2688 3227 2752 3267 25.

355 3304 529 3364 retur
587 3299 1078 3365 continuationis
1127 3299 1477 3378 incensum,
1527 3301 1696 3382 quod
1747 3321 1782 3364 a
1830 3302 1983 3367 solis
2042 3305 2309 3368 summis
2365 3304 2650 3369 sacerdo·

354 3407 529 3471 tibus
578 3407 677 3471 bis
727 3406 825 3470 die
876 3406 1122 3470 solebat
1164 3406 1380 3488 inponi
1443 3425 1624 3472 mane
1695 3412 1757 3471 et
1803 3427 2089 3492 uespera,
2141 3410 2651 3493 quandoquidem

355 3518 502 3598 post
567 3513 806 3577 coitum
875 3512 1273 3596 coniugalem
1342 3513 1532 3577 etiam
1600 3513 1731 3578 loto
1799 3534 2053 3596 ccipere
2119 3516 2459 3582 inmundus
2519 3521 2655 3581 erat

357 3640 561 3702 usque
611 3619 688 3683 ad
737 3638 1067 3702 uesperam
1118 3639 1152 3682 a
1200 3638 1322 3701 quo
1370 3619 1436 3684 id
1483 3640 1740 3685 necesse
1781 3626 1913 3685 erat
1948 3623 2183 3704 inponi.
2233 3624 2401 3706 quod
2439 3629 2649 3689 autem

538 3803 599 3855 11
644 3799 710 3855 cf.
749 3801 866 3855 Act.
912 3802 993 3865 10,
1034 3803 1247 3856 44--48
1379 3804 1444 3857 13
1482 3803 1613 3857 Leu.
1654 3804 1741 3866 22,
1785 3805 1922 3859 1-3
2051 3807 2120 3861 26
2161 3805 2226 3860 cf.
2266 3806 2363 3860 Ex.
2404 3807 2490 3870 30,
2531 3808 2577 3860 7.
2620 3809 2664 3862 8

357 3892 426 3946 28
465 3891 530 3944 cf.
572 3890 700 3943 Len.
744 3891 826 3952 15,
872 3891 937 3944 16

427 4015 461 4066 4
500 4015 649 4084 sunt]
689 4016 773 4066 est
808 4012 859 4065 V
967 4015 996 4066 7
1036 4029 1254 4082 proesse
1282 4013 1348 4066 N
1486 4013 1607 4068 ideo
1639 4031 1738 4068 om.
1778 4015 1823 4067 V
1937 4017 1996 4070 11
2041 4021 2305 4087 apparent
2339 4017 2385 4071 C
2493 4019 2556 4072 14
2596 4019 2647 4087 a]

358 4102 424 4156 ad
454 4103 640 4157 P¹SN
745 4103 809 4155 17
850 4102 985 4155 dicis
1021 4102 1227 4157 CPSN
1333 4104 1398 4158 19
1436 4103 1564 4157 filiis
1594 4104 1639 4159 S
1745 4106 1813 4159 20
1854 4107 1928 4175 et]
1958 4111 2012 4159 et
2042 4108 2147 4160 erit
2173 4107 2248 4160 bd
2392 4099 2478 4158 ἐπ’
2511 4107 2661 4178 αὐτῷ

355 4192 553 4244 omisso
593 4183 628 4264 ᾖ
669 4192 785 4245 cod.
826 4191 985 4245 Alex.
1027 4197 1075 4245 et
1111 4192 1253 4260 Lag).
1410 4194 1478 4246 22
1517 4192 1788 4246 dubitatio
1828 4196 2121 4264 neminem]
2162 4195 2558 4250 dubitationem
2593 4194 2662 4248 N

356 4280 424 4332 27
467 4280 520 4333 in
560 4279 646 4333 die
686 4279 760 4333 bd
923 4296 1149 4349 uespere
1201 4281 1250 4332 V
1410 4280 1630 4351 quidem
1667 4298 1734 4334 ea:
1772 4281 1914 4336 diem
1950 4301 2017 4337 m.
2056 4288 2095 4336 2
2130 4284 2186 4337 P
2318 4284 2387 4338 29
2426 4300 2661 4354 auespe-

358 4384 470 4421 ram
510 4368 557 4422 S
697 4385 985 4438 uesperum
1032 4369 1081 4422 T
1227 4386 1258 4423 a
1296 4386 1396 4423 om.
1438 4370 1500 4423 N
1642 4387 1745 4439 quo
1786 4371 1861 4441 id]
1902 4371 2044 4441 quod
2082 4373 2143 4426 N
