3076 4976
525 484 655 546 496
1235 484 1284 532 s.
1343 480 1616 533 Aureli
1674 480 2102 550 Augustini

524 678 602 738 et
641 673 951 738 stridor
999 673 1382 749 dentium,
1425 676 1750 755 tamquam
1788 674 2026 755 populo
2069 673 2388 738 maeroris
2430 693 2807 756 quamquam

523 782 801 863 populus
866 780 1168 844 maeroris
1240 780 1428 843 etiam
1491 779 1782 845 diabolus
1843 783 1908 844 et
1965 781 2171 864 angeli
2231 781 2367 844 eius
2426 800 2546 845 non
2603 781 2812 845 incon-

524 887 853 951 uenienter
933 886 1412 970 intelleguntur,
1490 887 1629 950 siue
1705 886 1854 968 quia
1929 891 2244 951 aeternam
2328 887 2648 951 miseriam
2727 888 2811 951 eis

524 1013 684 1075 quos
735 994 1060 1076 decipiunt
1114 994 1456 1074 adquirunt
1511 994 1648 1057 siue
1698 993 1844 1075 quia
1893 997 1957 1057 et
2000 993 2124 1075 ipsi
2182 998 2469 1058 aeternae
2527 995 2812 1058 miseriae

525 1099 812 1182 deputati
860 1103 1026 1164 sunt.

612 1206 951 1290 Eleganter
980 1227 1128 1271 sane
1159 1208 1237 1271 ad
1268 1206 1735 1290 exprimendam
1776 1207 1978 1271 multo
2020 1207 2378 1271 euidentius
2418 1207 2811 1290 prophetiam

524 1314 746 1395 Iephte
812 1313 1142 1396 respondit
1198 1314 1554 1378 senioribus
1624 1312 1891 1378 Galaad:
1951 1333 2204 1377 nonne
2262 1333 2405 1377 uos
2466 1313 2648 1377 odio
2700 1313 2812 1377 ha·

524 1419 837 1484 buistis
894 1438 1008 1483 me
1058 1424 1135 1485 et
1184 1420 1569 1484 eiecistis
1615 1439 1734 1483 me
1785 1419 1871 1483 de
1933 1419 2156 1483 domo
2215 1420 2480 1500 patris
2542 1419 2694 1483 mei
2745 1423 2814 1483 et

527 1526 940 1591 emisistis
1007 1546 1120 1591 me
1168 1547 1204 1591 a
1260 1528 1541 1593 uobis?
1601 1535 1677 1591 et
1735 1527 1924 1609 quid
1982 1530 2106 1590 est
2164 1525 2370 1607 quod
2436 1525 2812 1602 uenistiS‚

528 1633 844 1716 quando
913 1633 1301 1698 tribulati
1369 1635 1621 1698 estis?
1689 1633 1814 1697 tale
1881 1632 2119 1715 aliquid
2184 1633 2528 1716 figuratum
2587 1635 2688 1697 est
2755 1633 2812 1695 in
2851 1650 2888 1688 ιο

525 1740 777 1823 Ioseph,
853 1759 1040 1821 quem
1117 1740 1337 1804 fratres
1421 1740 1766 1804 uendente-s
1841 1739 2207 1804 abiecerunt
2285 1743 2349 1803 et
2422 1759 2567 1803 cum
2654 1740 2814 1802 same

526 1847 981 1911 tribularentur
1036 1845 1113 1909 ad
1169 1846 1306 1909 eins
1365 1865 1549 1927 opem
1613 1846 2240 1927 misericordiamque
2297 1845 2590 1910 conuersi
2649 1847 2813 1908 sunt.

528 1953 631 2017 hic
680 1971 828 2016 uero
887 1952 1092 2017 multo
1160 1952 1430 2035 amplius
1488 1953 1698 2016 elucet
1754 1952 2133 2035 significatio
2201 1954 2582 2026 futurorum,
2651 1951 2816 2034 quod

528 2080 649 2125 non
697 2059 821 2140 ipsi
858 2078 1118 2140 prorsus
1157 2059 1378 2123 fratres
1420 2059 1526 2141 qui
1569 2059 1888 2123 eiecerunt
1921 2059 2145 2140 Iephte
2186 2059 2262 2122 acl
2301 2079 2445 2123 enm
2484 2062 2815 2130 uenerunt,

526 2166 638 2230 sed
698 2165 938 2230 Galaad
996 2167 1272 2230 seniores
1329 2185 1440 2248 pro
1499 2167 1799 2230 uniuerso
1856 2166 1966 2230 illo
2025 2165 2260 2248 populo
2319 2165 2524 2230 eidem
2583 2165 2894 2248 suppli-1⁵

528 2276 762 2338 cantes,
814 2273 983 2336 sicut
1030 2273 1246 2337 eadem
1295 2292 1447 2357 gens
1497 2273 1732 2338 dicitur
1785 2273 2029 2337 Israhel
2077 2273 2215 2336 siue
2259 2273 2320 2336 in
2373 2273 2463 2336 eis
2513 2272 2619 2353 qui
2667 2277 2814 2335 tunc

528 2380 784 2443 fuerunt
850 2377 1297 2462 Christumque
1363 2380 1864 2462 reprobauerunt
1919 2380 2057 2444 siue
2124 2380 2187 2443 in
2237 2379 2326 2443 eis
2386 2380 2494 2461 qui
2543 2379 2621 2442 ad
2683 2379 2815 2442 eius

524 2506 708 2568 opem
757 2490 981 2568 postea
1036 2487 1278 2552 reuersi
1336 2471 1524 2554 sunt.⁸
1564 2488 1797 2570 populo
1856 2487 2024 2551 enim
2074 2487 2307 2551 dicitur
2359 2484 2619 2551 inimico
2682 2486 2816 2549 sine

521 2594 585 2657 in
635 2595 979 2658 maioribus
1040 2595 1178 2659 siue
1224 2595 1286 2658 in
1334 2596 1610 2676 posteris
1668 2595 1801 2658 suis
1848 2594 2042 2678 longa
2097 2594 2240 2659 odia
2293 2592 2569 2658 trahenti
2628 2596 2814 2675 atque

522 2701 804 2765 seruanti
878 2700 1259 2781 tandemque
1339 2720 1644 2765 conuerso
1710 2702 1773 2765 in
1840 2701 1932 2765 eis
2001 2702 2110 2784 qui
2181 2705 2334 2765 tunc
2410 2699 2812 2765 conuertendi
2850 2716 2895 2754 20

524 2810 702 2870 sunt:
768 2826 1019 2872 nonne
1067 2826 1210 2870 uos
1263 2806 1442 2871 odio
1502 2807 1927 2872 habuistis
1984 2828 2098 2871 me
2149 2810 2224 2871 et
2272 2807 2652 2871 eiecistis
2700 2825 2812 2871 me

527 2913 614 2976 de
657 2913 880 2978 domo
920 2914 1183 2995 patris
1223 2913 1418 2976 mei?
1460 2914 1580 2977 hoc
1621 2914 1785 2977 enim
1827 2914 1918 2978 eis
1957 2914 2167 2978 uisum
2213 2918 2312 2978 est
2349 2914 2457 2996 qui
2494 2913 2813 2996 persecuti

527 3023 696 3095 sunt,
746 3019 914 3101 quod
964 3020 1284 3084 eiecerunt
1333 3019 1656 3085 Christum
1705 3021 1780 3085 de
1831 3022 2014 3086 domo
2055 3020 2283 3096 Dauid,
2324 3021 2385 3083 in
2427 3038 2549 3102 qua
2587 3040 2666 3083 re
2684 3020 2813 3103 gni

527 3127 701 3190 eius
752 3146 899 3190 non
950 3127 1110 3190 erit
1155 3127 1376 3192 finis.

619 3234 715 3296 Et
763 3232 1145 3297 dixerunt
1192 3234 1557 3299 seniores
1609 3234 1912 3300 Galaad
1961 3235 2051 3298 ad
2099 3234 2411 3317 Iephte:
2463 3253 2610 3299 non
2662 3235 2809 3307 sic:
2845 3248 2889 3286 ²5

523 3340 751 3404 modo
801 3340 1172 3405 uenimus
1240 3341 1329 3405 ad
1376 3346 1473 3406 te.
1542 3345 1864 3425 tamqnam
1934 3342 2213 3406 dicerent
2256 3341 2475 3405 Iudaei
2525 3342 2808 3405 conuersi

526 3446 604 3508 ad
645 3444 998 3510 Christum:
1039 3450 1190 3511 tunc
1230 3447 1546 3525 uenimuS‚
1586 3452 1660 3512 ut
1687 3468 2227 3531 persequeremur,
2268 3447 2453 3511 modo
2494 3448 2807 3515 uenimus.

523 3556 597 3615 ut
636 3571 995 3633 sequamur.
1028 3553 1398 3635 profitentur
1437 3556 1626 3619 etiam
1668 3555 1973 3619 aduersus
2012 3554 2303 3619 inimicos
2344 3574 2486 3618 eum
2525 3556 2807 3619 futurum

530 3658 652 3722 sibi
719 3664 927 3739 caput.
986 3660 1327 3742 respondet
1372 3661 1500 3737 ine,
1570 3662 1624 3725 si
1692 3681 1907 3726 eorum
1972 3661 2202 3726 uicerit
2264 3661 2577 3739 inimicos,
2646 3661 2805 3744 quod

525 3765 645 3829 erit
693 3765 783 3828 eis
831 3765 892 3829 in
942 3767 1319 3849 principem:
1370 3768 1538 3850 quod
1590 3767 1843 3833 Gedeon
1894 3769 2116 3845 noluit,
2158 3788 2300 3832 cum
2341 3769 2407 3831 id
2442 3770 2806 3834 Israhelitae
2843 3779 2888 3817 ³0

707 3982 735 4034 7
775 3981 893 4035 Iud.
937 3982 1020 4045 11,
1063 3984 1092 4036 7
1232 3985 1293 4036 11
1338 3983 1403 4037 cf.
1446 3983 1577 4038 Gen.
1618 3984 1704 4048 37,
1745 3984 1812 4036 28
1977 3984 2042 4037 cs.
2083 3982 2214 4041 Gen.
2254 3986 2340 4038 42.
2378 3986 2448 4037 44
2577 3987 2646 4040 23
2685 3986 2804 4039 Luc.

528 4070 573 4133 1,
612 4070 682 4122 33
792 4073 858 4124 25
894 4070 1015 4124 Iud.
1059 4073 1140 4135 11,
1181 4072 1229 4126 8.
1271 4074 1301 4126 9
1422 4074 1491 4127 30
1531 4072 1597 4129 cf.
1637 4072 1756 4126 Iud.
1797 4074 1845 4135 8,
1886 4074 1953 4126 22

595 4229 627 4281 3
664 4228 1081 4294 misericordiam
1109 4229 1155 4283 S
1257 4232 1291 4283 4
1331 4232 1478 4300 quia]
1513 4230 1655 4299 quod
1685 4230 1731 4285 S
1834 4233 1866 4285 6
1897 4232 2166 4299 eliganter
2203 4232 2254 4283 V
2360 4232 2423 4285 18
2452 4234 2722 4287 reuersuri
2750 4232 2803 4284 A·

523 4316 657 4369 dicit
694 4317 747 4370 V
779 4318 977 4384 dicitnr
1009 4319 1059 4371 T
1155 4320 1224 4373 20
1264 4321 1573 4372 conuersuri
1602 4320 1764 4373 SNV
1861 4322 1928 4374 22
1970 4322 2045 4373 eis
2075 4338 2178 4374 om.
2204 4320 2271 4374 N
2364 4320 2432 4374 23
2472 4323 2601 4391 qua]
2636 4339 2737 4391 quo
2766 4318 2808 4373 S

522 4408 590 4458 25
628 4422 727 4459 see.
768 4407 883 4461 cod.
923 4408 1082 4461 Alex.
1194 4409 1263 4460 26
1300 4408 1483 4476 modo]
1526 4426 1631 4478 quo
1669 4408 1828 4462 modo
1866 4410 1925 4462 N
2033 4412 2101 4464 29
2139 4408 2422 4478 respondit
2459 4409 2504 4463 S
