<?xml version="1.0" encoding="UTF-8"?>
<!DOCTYPE html PUBLIC "-//W3C//DTD XHTML 1.0 Transitional//EN"
    "http://www.w3.org/TR/xhtml1/DTD/xhtml1-transitional.dtd">
<html xmlns="http://www.w3.org/1999/xhtml" xml:lang="en" lang="en">
 <head>
  <title>
</title>
<meta http-equiv="Content-Type" content="text/html;charset=utf-8" />
  <meta name='ocr-system' content='tesseract 3.04.00' />
  <meta name='ocr-capabilities' content='ocr_page ocr_carea ocr_par ocr_line ocrx_word'/>
</head>
<body>
  <div class='ocr_page' id='page_1' title='image "./corpusscriptoru31wissgoog_0129.png"; bbox 0 0 3076 4976; ppageno 0'>
   <div class='ocr_carea' id='block_1_1' title="bbox 576 470 2470 572">
    <p class='ocr_par' dir='ltr' id='par_1_1' title="bbox 576 470 2470 572">
     <span class='ocr_line' id='line_1_1' title="bbox 576 470 2470 572; baseline 0.004 -16"><span class='ocrx_word' id='word_1_1' title='bbox 576 470 1062 570; x_wconf 79' lang='lat' dir='ltr'>Quaestionum</span> <span class='ocrx_word' id='word_1_2' title='bbox 1102 504 1217 560; x_wconf 91' lang='lat' dir='ltr'>lib.</span> <span class='ocrx_word' id='word_1_3' title='bbox 1257 504 1327 557; x_wconf 94' lang='lat' dir='ltr'>II.</span> <span class='ocrx_word' id='word_1_4' title='bbox 1370 503 1660 569; x_wconf 82' lang='lat' dir='ltr'>(Quaest.</span> <span class='ocrx_word' id='word_1_5' title='bbox 1702 503 1776 557; x_wconf 88' lang='lat' dir='ltr'>de</span> <span class='ocrx_word' id='word_1_6' title='bbox 1815 504 2076 572; x_wconf 84' lang='lat' dir='ltr'>Exodo).</span> <span class='ocrx_word' id='word_1_7' title='bbox 2386 511 2470 572; x_wconf 74' lang='grc'>95</span> 
     </span>
    </p>
   </div>
   <div class='ocr_carea' id='block_1_2' title="bbox 177 698 2474 1103">
    <p class='ocr_par' dir='ltr' id='par_1_2' title="bbox 177 698 2474 1103">
     <span class='ocr_line' id='line_1_2' title="bbox 177 698 2469 783; baseline 0.001 -21"><span class='ocrx_word' id='word_1_8' title='bbox 177 699 928 763; x_wconf 87' lang='lat' dir='ltr'>nudiustertianum</span> <span class='ocrx_word' id='word_1_9' title='bbox 979 698 1185 761; x_wconf 89' lang='lat' dir='ltr'>diem</span> <span class='ocrx_word' id='word_1_10' title='bbox 1234 718 1489 780; x_wconf 89' lang='lat' dir='ltr'>neque</span> <span class='ocrx_word' id='word_1_11' title='bbox 1541 718 1625 762; x_wconf 82' lang='lat' dir='ltr'>ex</span> <span class='ocrx_word' id='word_1_12' title='bbox 1674 719 1822 781; x_wconf 88' lang='lat' dir='ltr'>quo</span> <span class='ocrx_word' id='word_1_13' title='bbox 1863 699 2219 782; x_wconf 85' lang='lat' dir='ltr'>coepisti</span> <span class='ocrx_word' id='word_1_14' title='bbox 2258 701 2469 783; x_wconf 91' lang='lat' dir='ltr'>loqui</span> 
     </span>
     <span class='ocr_line' id='line_1_3' title="bbox 178 805 2470 889; baseline 0 -19"><span class='ocrx_word' id='word_1_15' title='bbox 178 807 470 870; x_wconf 85' lang='lat' dir='ltr'>famulo</span> <span class='ocrx_word' id='word_1_16' title='bbox 521 809 684 883; x_wconf 88' lang='lat' dir='ltr'>tuo,</span> <span class='ocrx_word' id='word_1_17' title='bbox 734 805 1128 889; x_wconf 88' lang='lat' dir='ltr'>intellegitur</span> <span class='ocrx_word' id='word_1_18' title='bbox 1174 806 1427 870; x_wconf 87' lang='lat' dir='ltr'>credere</span> <span class='ocrx_word' id='word_1_19' title='bbox 1474 826 1666 888; x_wconf 84' lang='lat' dir='ltr'>posse</span> <span class='ocrx_word' id='word_1_20' title='bbox 1718 826 1786 871; x_wconf 83' lang='lat' dir='ltr'>se</span> <span class='ocrx_word' id='word_1_21' title='bbox 1825 807 1960 871; x_wconf 86' lang='lat' dir='ltr'>fieri</span> <span class='ocrx_word' id='word_1_22' title='bbox 2000 807 2096 871; x_wconf 89' lang='lat' dir='ltr'>dei</span> <span class='ocrx_word' id='word_1_23' title='bbox 2140 808 2470 872; x_wconf 89' lang='lat' dir='ltr'>uoluntate</span> 
     </span>
     <span class='ocr_line' id='line_1_4' title="bbox 178 912 2468 996; baseline 0 -20"><span class='ocrx_word' id='word_1_24' title='bbox 178 913 379 976; x_wconf 87' lang='lat' dir='ltr'>subito</span> <span class='ocrx_word' id='word_1_25' title='bbox 450 915 888 994; x_wconf 89' lang='lat' dir='ltr'>eloquentem,</span> <span class='ocrx_word' id='word_1_26' title='bbox 955 931 1098 976; x_wconf 92' lang='lat' dir='ltr'>cum</span> <span class='ocrx_word' id='word_1_27' title='bbox 1166 912 1351 976; x_wconf 89' lang='lat' dir='ltr'>dicit:</span> <span class='ocrx_word' id='word_1_28' title='bbox 1422 932 1676 995; x_wconf 90' lang='lat' dir='ltr'>neque</span> <span class='ocrx_word' id='word_1_29' title='bbox 1743 932 1829 977; x_wconf 84' lang='lat' dir='ltr'>ex</span> <span class='ocrx_word' id='word_1_30' title='bbox 1895 932 2044 995; x_wconf 90' lang='lat' dir='ltr'>quo</span> <span class='ocrx_word' id='word_1_31' title='bbox 2114 915 2468 996; x_wconf 89' lang='lat' dir='ltr'>coepisti</span> 
     </span>
     <span class='ocr_line' id='line_1_5' title="bbox 177 1019 2474 1103; baseline 0.001 -20"><span class='ocrx_word' id='word_1_32' title='bbox 177 1019 392 1102; x_wconf 91' lang='lat' dir='ltr'>loqui</span> <span class='ocrx_word' id='word_1_33' title='bbox 454 1020 762 1083; x_wconf 86' lang='lat' dir='ltr'>famulo</span> <span class='ocrx_word' id='word_1_34' title='bbox 822 1024 987 1092; x_wconf 88' lang='lat' dir='ltr'>tuo,</span> <span class='ocrx_word' id='word_1_35' title='bbox 1044 1021 1372 1101; x_wconf 88' lang='lat' dir='ltr'>tamquam</span> <span class='ocrx_word' id='word_1_36' title='bbox 1428 1020 1766 1084; x_wconf 85' lang='lat' dir='ltr'>ostendens</span> <span class='ocrx_word' id='word_1_37' title='bbox 1825 1020 1958 1084; x_wconf 85' lang='lat' dir='ltr'>fieri</span> <span class='ocrx_word' id='word_1_38' title='bbox 2023 1021 2340 1103; x_wconf 88' lang='lat' dir='ltr'>potuisse,</span> <span class='ocrx_word' id='word_1_39' title='bbox 2400 1026 2474 1085; x_wconf 87' lang='lat' dir='ltr'>ut</span> 
     </span>
    </p>
   </div>
   <div class='ocr_carea' id='block_1_3' title="bbox 127 1126 2470 1209">
    <p class='ocr_par' dir='ltr' id='par_1_3' title="bbox 127 1126 2470 1209">
     <span class='ocr_line' id='line_1_6' title="bbox 127 1126 2470 1209; baseline 0.002 -23"><span class='ocrx_word' id='word_1_40' title='bbox 127 1129 311 1190; x_wconf 57' lang='lat' dir='ltr'>aante</span> <span class='ocrx_word' id='word_1_41' title='bbox 365 1126 738 1190; x_wconf 87' lang='lat' dir='ltr'>hesternum</span> <span class='ocrx_word' id='word_1_42' title='bbox 797 1132 862 1190; x_wconf 88' lang='lat' dir='ltr'>et</span> <span class='ocrx_word' id='word_1_43' title='bbox 915 1126 1497 1190; x_wconf 75' lang='lat' dir='ltr'>nudiustertianum</span> <span class='ocrx_word' id='word_1_44' title='bbox 1568 1126 1734 1190; x_wconf 89' lang='lat' dir='ltr'>diem</span> <span class='ocrx_word' id='word_1_45' title='bbox 1804 1127 1910 1209; x_wconf 91' lang='lat' dir='ltr'>qui</span> <span class='ocrx_word' id='word_1_46' title='bbox 1980 1129 2284 1209; x_wconf 87' lang='lat' dir='ltr'>eloquens</span> <span class='ocrx_word' id='word_1_47' title='bbox 2350 1146 2470 1191; x_wconf 90' lang='lat' dir='ltr'>non</span> 
     </span>
    </p>
   </div>
   <div class='ocr_carea' id='block_1_4' title="bbox 109 1682 148 1717">
    <p class='ocr_par' dir='ltr' id='par_1_4' title="bbox 109 1682 148 1717">
     <span class='ocr_line' id='line_1_7' title="bbox 109 1682 148 1717; baseline 0 0"><span class='ocrx_word' id='word_1_48' title='bbox 109 1682 148 1717; x_wconf 73' lang='lat'>1«)</span> 
     </span>
    </p>
   </div>
   <div class='ocr_carea' id='block_1_5' title="bbox 112 2214 152 2252">
    <p class='ocr_par' dir='ltr' id='par_1_5' title="bbox 112 2214 152 2252">
     <span class='ocr_line' id='line_1_8' title="bbox 112 2214 152 2252; baseline 0.05 -2"><span class='ocrx_word' id='word_1_49' title='bbox 112 2214 152 2252; x_wconf 80' lang='lat'>1⁵</span> 
     </span>
    </p>
   </div>
   <div class='ocr_carea' id='block_1_6' title="bbox 113 2749 155 2786">
    <p class='ocr_par' dir='ltr' id='par_1_6' title="bbox 113 2749 155 2786">
     <span class='ocr_line' id='line_1_9' title="bbox 113 2749 155 2786; baseline -0.024 0"><span class='ocrx_word' id='word_1_50' title='bbox 113 2749 155 2786; x_wconf 75' lang='lat'>20</span> 
     </span>
    </p>
   </div>
   <div class='ocr_carea' id='block_1_7' title="bbox 176 1232 2475 3768">
    <p class='ocr_par' dir='ltr' id='par_1_7' title="bbox 176 1232 2468 1317">
     <span class='ocr_line' id='line_1_10' title="bbox 176 1232 2468 1317; baseline 0 -21"><span class='ocrx_word' id='word_1_51' title='bbox 176 1232 397 1298; x_wconf 88' lang='lat' dir='ltr'>fuisset</span> <span class='ocrx_word' id='word_1_52' title='bbox 444 1236 707 1316; x_wconf 87' lang='lat' dir='ltr'>repente</span> <span class='ocrx_word' id='word_1_53' title='bbox 754 1233 951 1308; x_wconf 84' lang='lat' dir='ltr'>fieret,</span> <span class='ocrx_word' id='word_1_54' title='bbox 1004 1253 1071 1297; x_wconf 85' lang='lat' dir='ltr'>ex</span> <span class='ocrx_word' id='word_1_55' title='bbox 1121 1252 1244 1315; x_wconf 91' lang='lat' dir='ltr'>quo</span> <span class='ocrx_word' id='word_1_56' title='bbox 1295 1252 1439 1296; x_wconf 88' lang='lat' dir='ltr'>cum</span> <span class='ocrx_word' id='word_1_57' title='bbox 1488 1234 1600 1297; x_wconf 91' lang='lat' dir='ltr'>illo</span> <span class='ocrx_word' id='word_1_58' title='bbox 1660 1233 1951 1298; x_wconf 88' lang='lat' dir='ltr'>dominus</span> <span class='ocrx_word' id='word_1_59' title='bbox 2009 1235 2182 1317; x_wconf 91' lang='lat' dir='ltr'>loqui</span> <span class='ocrx_word' id='word_1_60' title='bbox 2240 1234 2468 1317; x_wconf 90' lang='lat' dir='ltr'>coepit.</span> 
     </span>
    </p>

    <p class='ocr_par' dir='ltr' id='par_1_8' title="bbox 180 1338 2474 2274">
     <span class='ocr_line' id='line_1_11' title="bbox 260 1338 2468 1418; baseline 0.001 -17"><span class='ocrx_word' id='word_1_61' title='bbox 260 1340 431 1405; x_wconf 83' lang='lat' dir='ltr'>VIII.</span> <span class='ocrx_word' id='word_1_62' title='bbox 497 1338 695 1418; x_wconf 82' lang='lat' dir='ltr'>Quis</span> <span class='ocrx_word' id='word_1_63' title='bbox 744 1340 953 1404; x_wconf 88' lang='lat' dir='ltr'>fecit</span> <span class='ocrx_word' id='word_1_64' title='bbox 1000 1344 1305 1404; x_wconf 88' lang='lat' dir='ltr'>mutum</span> <span class='ocrx_word' id='word_1_65' title='bbox 1364 1345 1442 1403; x_wconf 92' lang='lat' dir='ltr'>et</span> <span class='ocrx_word' id='word_1_66' title='bbox 1496 1340 1996 1417; x_wconf 78' lang='lat' dir='ltr'>audientem,</span> <span class='ocrx_word' id='word_1_67' title='bbox 2056 1341 2468 1404; x_wconf 87' lang='lat' dir='ltr'>uidentem</span> 
     </span>
     <span class='ocr_line' id='line_1_12' title="bbox 180 1444 2470 1528; baseline 0 -19"><span class='ocrx_word' id='word_1_68' title='bbox 180 1451 252 1509; x_wconf 89' lang='lat' dir='ltr'>et</span> <span class='ocrx_word' id='word_1_69' title='bbox 304 1449 682 1510; x_wconf 78' lang='lat' dir='ltr'>caecum?</span> <span class='ocrx_word' id='word_1_70' title='bbox 747 1464 1002 1508; x_wconf 89' lang='lat' dir='ltr'>nonne</span> <span class='ocrx_word' id='word_1_71' title='bbox 1054 1464 1195 1528; x_wconf 88' lang='lat' dir='ltr'>ego</span> <span class='ocrx_word' id='word_1_72' title='bbox 1247 1444 1616 1509; x_wconf 85' lang='lat' dir='ltr'>dominus</span> <span class='ocrx_word' id='word_1_73' title='bbox 1667 1444 1912 1509; x_wconf 80' lang='lat' dir='ltr'>deus?</span> <span class='ocrx_word' id='word_1_74' title='bbox 1979 1449 2146 1523; x_wconf 90' lang='lat' dir='ltr'>sunt,</span> <span class='ocrx_word' id='word_1_75' title='bbox 2197 1447 2306 1528; x_wconf 87' lang='lat' dir='ltr'>qui</span> <span class='ocrx_word' id='word_1_76' title='bbox 2354 1446 2470 1510; x_wconf 83' lang='lat' dir='ltr'>deo</span> 
     </span>
     <span class='ocr_line' id='line_1_13' title="bbox 180 1552 2473 1636; baseline 0 -20"><span class='ocrx_word' id='word_1_77' title='bbox 180 1552 638 1616; x_wconf 76' lang='lat' dir='ltr'>calumnientur</span> <span class='ocrx_word' id='word_1_78' title='bbox 700 1552 806 1615; x_wconf 88' lang='lat' dir='ltr'>uel</span> <span class='ocrx_word' id='word_1_79' title='bbox 870 1552 1219 1632; x_wconf 78' lang='lat' dir='ltr'>scripturae</span> <span class='ocrx_word' id='word_1_80' title='bbox 1284 1552 1500 1634; x_wconf 89' lang='lat' dir='ltr'>potius</span> <span class='ocrx_word' id='word_1_81' title='bbox 1568 1553 1802 1615; x_wconf 87' lang='lat' dir='ltr'>ueteris</span> <span class='ocrx_word' id='word_1_82' title='bbox 1868 1553 2254 1629; x_wconf 78' lang='lat' dir='ltr'>testamenti,</span> <span class='ocrx_word' id='word_1_83' title='bbox 2322 1553 2473 1636; x_wconf 85' lang='lat' dir='ltr'>quia</span> 
     </span>
     <span class='ocr_line' id='line_1_14' title="bbox 182 1659 2468 1744; baseline 0 -22"><span class='ocrx_word' id='word_1_84' title='bbox 182 1659 396 1723; x_wconf 83' lang='lat' dir='ltr'>dixerit</span> <span class='ocrx_word' id='word_1_85' title='bbox 445 1659 626 1735; x_wconf 77' lang='lat' dir='ltr'>deuS,</span> <span class='ocrx_word' id='word_1_86' title='bbox 679 1659 847 1742; x_wconf 90' lang='lat' dir='ltr'>quod</span> <span class='ocrx_word' id='word_1_87' title='bbox 894 1659 1031 1741; x_wconf 90' lang='lat' dir='ltr'>ipse</span> <span class='ocrx_word' id='word_1_88' title='bbox 1078 1659 1302 1723; x_wconf 84' lang='lat' dir='ltr'>fecerit</span> <span class='ocrx_word' id='word_1_89' title='bbox 1349 1678 1608 1724; x_wconf 87' lang='lat' dir='ltr'>caecum</span> <span class='ocrx_word' id='word_1_90' title='bbox 1656 1662 1718 1723; x_wconf 90' lang='lat' dir='ltr'>et</span> <span class='ocrx_word' id='word_1_91' title='bbox 1764 1663 2035 1724; x_wconf 88' lang='lat' dir='ltr'>mutum.</span> <span class='ocrx_word' id='word_1_92' title='bbox 2113 1660 2264 1741; x_wconf 89' lang='lat' dir='ltr'>quid</span> <span class='ocrx_word' id='word_1_93' title='bbox 2321 1679 2468 1744; x_wconf 86' lang='lat' dir='ltr'>ergo</span> 
     </span>
     <span class='ocr_line' id='line_1_15' title="bbox 182 1766 2468 1850; baseline 0 -21"><span class='ocrx_word' id='word_1_94' title='bbox 182 1766 389 1830; x_wconf 85' lang='lat' dir='ltr'>dicunt</span> <span class='ocrx_word' id='word_1_95' title='bbox 447 1766 524 1830; x_wconf 90' lang='lat' dir='ltr'>de</span> <span class='ocrx_word' id='word_1_96' title='bbox 584 1767 836 1832; x_wconf 87' lang='lat' dir='ltr'>domino</span> <span class='ocrx_word' id='word_1_97' title='bbox 896 1766 1147 1831; x_wconf 85' lang='lat' dir='ltr'>Christo</span> <span class='ocrx_word' id='word_1_98' title='bbox 1207 1769 1418 1849; x_wconf 89' lang='lat' dir='ltr'>aperte</span> <span class='ocrx_word' id='word_1_99' title='bbox 1474 1767 1537 1830; x_wconf 92' lang='lat' dir='ltr'>in</span> <span class='ocrx_word' id='word_1_100' title='bbox 1597 1766 1928 1850; x_wconf 88' lang='lat' dir='ltr'>euangelio</span> <span class='ocrx_word' id='word_1_101' title='bbox 1987 1766 2270 1831; x_wconf 85' lang='lat' dir='ltr'>dicente:</span> <span class='ocrx_word' id='word_1_102' title='bbox 2327 1785 2468 1849; x_wconf 89' lang='lat' dir='ltr'>ego</span> 
     </span>
     <span class='ocr_line' id='line_1_16' title="bbox 183 1871 2474 1954; baseline 0.001 -22"><span class='ocrx_word' id='word_1_103' title='bbox 183 1872 392 1949; x_wconf 88' lang='lat' dir='ltr'>ueni,</span> <span class='ocrx_word' id='word_1_104' title='bbox 463 1875 553 1934; x_wconf 88' lang='lat' dir='ltr'>ut</span> <span class='ocrx_word' id='word_1_105' title='bbox 618 1872 752 1954; x_wconf 92' lang='lat' dir='ltr'>qui</span> <span class='ocrx_word' id='word_1_106' title='bbox 828 1891 974 1935; x_wconf 91' lang='lat' dir='ltr'>non</span> <span class='ocrx_word' id='word_1_107' title='bbox 1052 1871 1339 1935; x_wconf 87' lang='lat' dir='ltr'>uident</span> <span class='ocrx_word' id='word_1_108' title='bbox 1411 1871 1749 1935; x_wconf 86' lang='lat' dir='ltr'>uideant</span> <span class='ocrx_word' id='word_1_109' title='bbox 1825 1875 1902 1934; x_wconf 90' lang='lat' dir='ltr'>et</span> <span class='ocrx_word' id='word_1_110' title='bbox 1981 1873 2115 1953; x_wconf 89' lang='lat' dir='ltr'>qui</span> <span class='ocrx_word' id='word_1_111' title='bbox 2191 1872 2474 1935; x_wconf 88' lang='lat' dir='ltr'>uident</span> 
     </span>
     <span class='ocr_line' id='line_1_17' title="bbox 183 1977 2471 2060; baseline 0 -20"><span class='ocrx_word' id='word_1_112' title='bbox 183 1979 397 2043; x_wconf 85' lang='lat' dir='ltr'>caeci</span> <span class='ocrx_word' id='word_1_113' title='bbox 465 1979 725 2043; x_wconf 82' lang='lat' dir='ltr'>fiant?</span> <span class='ocrx_word' id='word_1_114' title='bbox 802 1979 944 2060; x_wconf 88' lang='lat' dir='ltr'>quis</span> <span class='ocrx_word' id='word_1_115' title='bbox 1011 1981 1226 2042; x_wconf 88' lang='lat' dir='ltr'>autem</span> <span class='ocrx_word' id='word_1_116' title='bbox 1292 1978 1415 2042; x_wconf 88' lang='lat' dir='ltr'>nisi</span> <span class='ocrx_word' id='word_1_117' title='bbox 1480 1978 1784 2059; x_wconf 83' lang='lat' dir='ltr'>insipiens</span> <span class='ocrx_word' id='word_1_118' title='bbox 1843 1977 2176 2042; x_wconf 83' lang='lat' dir='ltr'>crediderit</span> <span class='ocrx_word' id='word_1_119' title='bbox 2230 1978 2471 2059; x_wconf 88' lang='lat' dir='ltr'>aliquid</span> 
     </span>
     <span class='ocr_line' id='line_1_18' title="bbox 182 2084 2470 2167; baseline -0 -19"><span class='ocrx_word' id='word_1_120' title='bbox 182 2084 411 2149; x_wconf 89' lang='lat' dir='ltr'>homini</span> <span class='ocrx_word' id='word_1_121' title='bbox 463 2085 815 2149; x_wconf 88' lang='lat' dir='ltr'>secundum</span> <span class='ocrx_word' id='word_1_122' title='bbox 863 2085 1023 2149; x_wconf 88' lang='lat' dir='ltr'>uitia</span> <span class='ocrx_word' id='word_1_123' title='bbox 1072 2085 1418 2166; x_wconf 89' lang='lat' dir='ltr'>corporalia</span> <span class='ocrx_word' id='word_1_124' title='bbox 1474 2104 1663 2167; x_wconf 86' lang='lat' dir='ltr'>posse</span> <span class='ocrx_word' id='word_1_125' title='bbox 1722 2084 2023 2162; x_wconf 89' lang='lat' dir='ltr'>accidere,</span> <span class='ocrx_word' id='word_1_126' title='bbox 2083 2085 2252 2166; x_wconf 90' lang='lat' dir='ltr'>quod</span> <span class='ocrx_word' id='word_1_127' title='bbox 2314 2084 2470 2148; x_wconf 84' lang='lat' dir='ltr'>deus</span> 
     </span>
     <span class='ocr_line' id='line_1_19' title="bbox 184 2191 2006 2274; baseline 0 -19"><span class='ocrx_word' id='word_1_128' title='bbox 184 2191 376 2256; x_wconf 79' lang='lat' dir='ltr'>nolit?</span> <span class='ocrx_word' id='word_1_129' title='bbox 445 2191 560 2257; x_wconf 88' lang='lat' dir='ltr'>sed</span> <span class='ocrx_word' id='word_1_130' title='bbox 608 2211 753 2255; x_wconf 88' lang='lat' dir='ltr'>eum</span> <span class='ocrx_word' id='word_1_131' title='bbox 799 2192 969 2256; x_wconf 88' lang='lat' dir='ltr'>iuste</span> <span class='ocrx_word' id='word_1_132' title='bbox 1017 2195 1224 2256; x_wconf 89' lang='lat' dir='ltr'>totum</span> <span class='ocrx_word' id='word_1_133' title='bbox 1273 2191 1440 2255; x_wconf 90' lang='lat' dir='ltr'>uelle</span> <span class='ocrx_word' id='word_1_134' title='bbox 1487 2210 1670 2255; x_wconf 90' lang='lat' dir='ltr'>nemo</span> <span class='ocrx_word' id='word_1_135' title='bbox 1721 2191 2006 2274; x_wconf 82' lang='lat' dir='ltr'>ambigit.</span> 
     </span>
    </p>

    <p class='ocr_par' dir='ltr' id='par_1_9' title="bbox 185 2298 2475 3447">
     <span class='ocr_line' id='line_1_20' title="bbox 262 2298 2471 2381; baseline -0 -20"><span class='ocrx_word' id='word_1_136' title='bbox 262 2299 468 2365; x_wconf 85' lang='lat' dir='ltr'><strong>VIIII.</strong></span> <span class='ocrx_word' id='word_1_137' title='bbox 541 2299 726 2378; x_wconf 81' lang='lat' dir='ltr'>Quod</span> <span class='ocrx_word' id='word_1_138' title='bbox 774 2299 1065 2363; x_wconf 90' lang='lat' dir='ltr'>dominus</span> <span class='ocrx_word' id='word_1_139' title='bbox 1117 2299 1272 2363; x_wconf 90' lang='lat' dir='ltr'>dicit</span> <span class='ocrx_word' id='word_1_140' title='bbox 1318 2298 1397 2362; x_wconf 87' lang='lat' dir='ltr'>ad</span> <span class='ocrx_word' id='word_1_141' title='bbox 1443 2298 1740 2381; x_wconf 81' lang='lat' dir='ltr'>Moysen:</span> <span class='ocrx_word' id='word_1_142' title='bbox 1800 2299 1936 2362; x_wconf 89' lang='lat' dir='ltr'>sed</span> <span class='ocrx_word' id='word_1_143' title='bbox 1993 2317 2201 2361; x_wconf 92' lang='lat' dir='ltr'>nunc</span> <span class='ocrx_word' id='word_1_144' title='bbox 2250 2298 2471 2374; x_wconf 84' lang='lat' dir='ltr'>uade,</span> 
     </span>
     <span class='ocr_line' id='line_1_21' title="bbox 186 2405 2473 2488; baseline 0.001 -22"><span class='ocrx_word' id='word_1_145' title='bbox 186 2407 255 2468; x_wconf 89' lang='lat' dir='ltr'>et</span> <span class='ocrx_word' id='word_1_146' title='bbox 300 2424 444 2488; x_wconf 87' lang='lat' dir='ltr'>ego</span> <span class='ocrx_word' id='word_1_147' title='bbox 494 2406 849 2487; x_wconf 87' lang='lat' dir='ltr'>aperiam</span> <span class='ocrx_word' id='word_1_148' title='bbox 901 2425 984 2470; x_wconf 89' lang='lat' dir='ltr'>os</span> <span class='ocrx_word' id='word_1_149' title='bbox 1032 2410 1254 2469; x_wconf 88' lang='lat' dir='ltr'>tuum</span> <span class='ocrx_word' id='word_1_150' title='bbox 1305 2409 1381 2468; x_wconf 90' lang='lat' dir='ltr'>et</span> <span class='ocrx_word' id='word_1_151' title='bbox 1429 2405 1825 2469; x_wconf 84' lang='lat' dir='ltr'>instruam</span> <span class='ocrx_word' id='word_1_152' title='bbox 1874 2411 1949 2469; x_wconf 90' lang='lat' dir='ltr'>te</span> <span class='ocrx_word' id='word_1_153' title='bbox 2007 2424 2204 2487; x_wconf 89' lang='lat' dir='ltr'>quae</span> <span class='ocrx_word' id='word_1_154' title='bbox 2260 2406 2473 2469; x_wconf 88' lang='lat' dir='ltr'>locu-</span> 
     </span>
     <span class='ocr_line' id='line_1_22' title="bbox 185 2512 2471 2595; baseline 0.002 -22"><span class='ocrx_word' id='word_1_155' title='bbox 185 2514 409 2576; x_wconf 88' lang='lat' dir='ltr'>turus</span> <span class='ocrx_word' id='word_1_156' title='bbox 459 2530 561 2576; x_wconf 61' lang='grc' dir='ltr'>θῦε.</span> <span class='ocrx_word' id='word_1_157' title='bbox 638 2512 795 2577; x_wconf 87' lang='lat' dir='ltr'>satis</span> <span class='ocrx_word' id='word_1_158' title='bbox 851 2512 955 2577; x_wconf 91' lang='lat' dir='ltr'>hic</span> <span class='ocrx_word' id='word_1_159' title='bbox 1013 2513 1274 2595; x_wconf 83' lang='lat' dir='ltr'>adparet</span> <span class='ocrx_word' id='word_1_160' title='bbox 1329 2532 1449 2576; x_wconf 91' lang='lat' dir='ltr'>non</span> <span class='ocrx_word' id='word_1_161' title='bbox 1506 2515 1753 2575; x_wconf 85' lang='lat' dir='ltr'>tantum</span> <span class='ocrx_word' id='word_1_162' title='bbox 1812 2512 2297 2577; x_wconf 78' lang='lat' dir='ltr'>instructionem</span> <span class='ocrx_word' id='word_1_163' title='bbox 2347 2514 2471 2577; x_wconf 84' lang='lat' dir='ltr'>oris</span> 
     </span>
     <span class='ocr_line' id='line_1_23' title="bbox 187 2618 2470 2703; baseline 0.001 -22"><span class='ocrx_word' id='word_1_164' title='bbox 187 2618 289 2681; x_wconf 85' lang='lat' dir='ltr'>sed</span> <span class='ocrx_word' id='word_1_165' title='bbox 352 2620 558 2702; x_wconf 87' lang='lat' dir='ltr'>ipsam</span> <span class='ocrx_word' id='word_1_166' title='bbox 629 2621 818 2683; x_wconf 84' lang='lat' dir='ltr'>etiam</span> <span class='ocrx_word' id='word_1_167' title='bbox 888 2621 1273 2703; x_wconf 88' lang='lat' dir='ltr'>apertionem</span> <span class='ocrx_word' id='word_1_168' title='bbox 1334 2620 1410 2683; x_wconf 89' lang='lat' dir='ltr'>ad</span> <span class='ocrx_word' id='word_1_169' title='bbox 1467 2619 1569 2683; x_wconf 89' lang='lat' dir='ltr'>dei</span> <span class='ocrx_word' id='word_1_170' title='bbox 1626 2621 2020 2683; x_wconf 88' lang='lat' dir='ltr'>uoluntatem</span> <span class='ocrx_word' id='word_1_171' title='bbox 2085 2622 2149 2682; x_wconf 89' lang='lat' dir='ltr'>et</span> <span class='ocrx_word' id='word_1_172' title='bbox 2205 2620 2470 2701; x_wconf 85' lang='lat' dir='ltr'>gratiam</span> 
     </span>
     <span class='ocr_line' id='line_1_24' title="bbox 188 2725 2472 2809; baseline 0.001 -21"><span class='ocrx_word' id='word_1_173' title='bbox 188 2726 506 2805; x_wconf 89' lang='lat' dir='ltr'>pertinere.</span> <span class='ocrx_word' id='word_1_174' title='bbox 560 2745 677 2789; x_wconf 89' lang='lat' dir='ltr'>non</span> <span class='ocrx_word' id='word_1_175' title='bbox 721 2725 886 2790; x_wconf 88' lang='lat' dir='ltr'>enim</span> <span class='ocrx_word' id='word_1_176' title='bbox 928 2727 1048 2792; x_wconf 84' lang='lat' dir='ltr'>ait:</span> <span class='ocrx_word' id='word_1_177' title='bbox 1098 2731 1167 2791; x_wconf 90' lang='lat' dir='ltr'>tu</span> <span class='ocrx_word' id='word_1_178' title='bbox 1219 2727 1389 2808; x_wconf 89' lang='lat' dir='ltr'>aperi</span> <span class='ocrx_word' id='word_1_179' title='bbox 1440 2746 1509 2789; x_wconf 90' lang='lat' dir='ltr'>os</span> <span class='ocrx_word' id='word_1_180' title='bbox 1557 2730 1741 2790; x_wconf 90' lang='lat' dir='ltr'>tuum</span> <span class='ocrx_word' id='word_1_181' title='bbox 1782 2726 1845 2789; x_wconf 87' lang='lat' dir='ltr'>et</span> <span class='ocrx_word' id='word_1_182' title='bbox 1884 2745 1999 2809; x_wconf 88' lang='lat' dir='ltr'>ego</span> <span class='ocrx_word' id='word_1_183' title='bbox 2039 2725 2348 2789; x_wconf 83' lang='lat' dir='ltr'>inst-ruam</span> <span class='ocrx_word' id='word_1_184' title='bbox 2389 2730 2472 2802; x_wconf 80' lang='lat' dir='ltr'>te,</span> 
     </span>
     <span class='ocr_line' id='line_1_25' title="bbox 190 2831 2473 2915; baseline 0.001 -22"><span class='ocrx_word' id='word_1_185' title='bbox 190 2831 293 2895; x_wconf 79' lang='lat' dir='ltr'>sed</span> <span class='ocrx_word' id='word_1_186' title='bbox 348 2837 690 2914; x_wconf 88' lang='lat' dir='ltr'>utrumque</span> <span class='ocrx_word' id='word_1_187' title='bbox 746 2832 884 2915; x_wconf 89' lang='lat' dir='ltr'>ipse</span> <span class='ocrx_word' id='word_1_188' title='bbox 943 2833 1269 2915; x_wconf 83' lang='lat' dir='ltr'>promisit:</span> <span class='ocrx_word' id='word_1_189' title='bbox 1340 2833 1668 2915; x_wconf 85' lang='lat' dir='ltr'>aperiam</span> <span class='ocrx_word' id='word_1_190' title='bbox 1728 2838 1800 2896; x_wconf 88' lang='lat' dir='ltr'>et</span> <span class='ocrx_word' id='word_1_191' title='bbox 1856 2832 2245 2896; x_wconf 87' lang='lat' dir='ltr'>instruam.</span> <span class='ocrx_word' id='word_1_192' title='bbox 2324 2833 2473 2896; x_wconf 90' lang='lat' dir='ltr'>alibi</span> 
     </span>
     <span class='ocr_line' id='line_1_26' title="bbox 191 2938 2472 3021; baseline 0.001 -21"><span class='ocrx_word' id='word_1_193' title='bbox 191 2942 391 3001; x_wconf 84' lang='lat' dir='ltr'>autem</span> <span class='ocrx_word' id='word_1_194' title='bbox 431 2938 587 3002; x_wconf 89' lang='lat' dir='ltr'>dicit</span> <span class='ocrx_word' id='word_1_195' title='bbox 623 2938 687 3001; x_wconf 91' lang='lat' dir='ltr'>in</span> <span class='ocrx_word' id='word_1_196' title='bbox 727 2939 1010 3021; x_wconf 90' lang='lat' dir='ltr'>psalmo:</span> <span class='ocrx_word' id='word_1_197' title='bbox 1060 2939 1304 3003; x_wconf 85' lang='lat' dir='ltr'>dilata</span> <span class='ocrx_word' id='word_1_198' title='bbox 1352 2958 1429 3003; x_wconf 86' lang='lat' dir='ltr'>os</span> <span class='ocrx_word' id='word_1_199' title='bbox 1470 2942 1686 3002; x_wconf 89' lang='lat' dir='ltr'>tuum</span> <span class='ocrx_word' id='word_1_200' title='bbox 1729 2942 1802 3001; x_wconf 90' lang='lat' dir='ltr'>et</span> <span class='ocrx_word' id='word_1_201' title='bbox 1840 2939 2239 3020; x_wconf 86' lang='lat' dir='ltr'>adinplebo</span> <span class='ocrx_word' id='word_1_202' title='bbox 2278 2939 2472 3002; x_wconf 91' lang='lat' dir='ltr'>illud</span> 
     </span>
     <span class='ocr_line' id='line_1_27' title="bbox 190 3044 2475 3127; baseline 0.001 -20"><span class='ocrx_word' id='word_1_203' title='bbox 190 3081 265 3088; x_wconf 91' lang='lat'>——-</span> <span class='ocrx_word' id='word_1_204' title='bbox 312 3044 421 3107; x_wconf 91' lang='lat' dir='ltr'>ubi</span> <span class='ocrx_word' id='word_1_205' title='bbox 468 3044 787 3127; x_wconf 85' lang='lat' dir='ltr'>significat</span> <span class='ocrx_word' id='word_1_206' title='bbox 832 3045 892 3107; x_wconf 89' lang='lat' dir='ltr'>in</span> <span class='ocrx_word' id='word_1_207' title='bbox 940 3044 1193 3108; x_wconf 88' lang='lat' dir='ltr'>homine</span> <span class='ocrx_word' id='word_1_208' title='bbox 1242 3045 1638 3109; x_wconf 85' lang='lat' dir='ltr'>uoluntatem</span> <span class='ocrx_word' id='word_1_209' title='bbox 1688 3044 2034 3125; x_wconf 88' lang='lat' dir='ltr'>accipiendi</span> <span class='ocrx_word' id='word_1_210' title='bbox 2092 3044 2260 3125; x_wconf 90' lang='lat' dir='ltr'>quod</span> <span class='ocrx_word' id='word_1_211' title='bbox 2317 3044 2475 3109; x_wconf 87' lang='lat' dir='ltr'>deus</span> 
     </span>
     <span class='ocr_line' id='line_1_28' title="bbox 190 3150 2475 3231; baseline 0 -18"><span class='ocrx_word' id='word_1_212' title='bbox 190 3150 373 3214; x_wconf 89' lang='lat' dir='ltr'>donat</span> <span class='ocrx_word' id='word_1_213' title='bbox 423 3151 688 3226; x_wconf 82' lang='lat' dir='ltr'>uolenti,</span> <span class='ocrx_word' id='word_1_214' title='bbox 747 3155 821 3214; x_wconf 89' lang='lat' dir='ltr'>ut</span> <span class='ocrx_word' id='word_1_215' title='bbox 874 3151 953 3214; x_wconf 89' lang='lat' dir='ltr'>ad</span> <span class='ocrx_word' id='word_1_216' title='bbox 1018 3151 1370 3215; x_wconf 87' lang='lat' dir='ltr'>uoluntatis</span> <span class='ocrx_word' id='word_1_217' title='bbox 1437 3151 1759 3215; x_wconf 84' lang='lat' dir='ltr'>exordium</span> <span class='ocrx_word' id='word_1_218' title='bbox 1825 3150 2136 3231; x_wconf 87' lang='lat' dir='ltr'>pertineat</span> <span class='ocrx_word' id='word_1_219' title='bbox 2201 3151 2475 3223; x_wconf 85' lang='lat' dir='ltr'>„dilata</span> 
     </span>
     <span class='ocr_line' id='line_1_29' title="bbox 192 3256 2473 3341; baseline -0 -21"><span class='ocrx_word' id='word_1_220' title='bbox 192 3276 264 3320; x_wconf 88' lang='lat' dir='ltr'>os</span> <span class='ocrx_word' id='word_1_221' title='bbox 311 3262 582 3331; x_wconf 83' lang='lat' dir='ltr'>tuum“,</span> <span class='ocrx_word' id='word_1_222' title='bbox 634 3257 710 3320; x_wconf 92' lang='lat' dir='ltr'>ad</span> <span class='ocrx_word' id='word_1_223' title='bbox 760 3258 859 3321; x_wconf 92' lang='lat' dir='ltr'>dei</span> <span class='ocrx_word' id='word_1_224' title='bbox 906 3262 1121 3321; x_wconf 88' lang='lat' dir='ltr'>autem</span> <span class='ocrx_word' id='word_1_225' title='bbox 1170 3258 1435 3341; x_wconf 86' lang='lat' dir='ltr'>gratiam</span> <span class='ocrx_word' id='word_1_226' title='bbox 1492 3260 1604 3331; x_wconf 85' lang='lat' dir='ltr'>„et</span> <span class='ocrx_word' id='word_1_227' title='bbox 1653 3257 2050 3338; x_wconf 88' lang='lat' dir='ltr'>adinplebo</span> <span class='ocrx_word' id='word_1_228' title='bbox 2099 3256 2330 3321; x_wconf 87' lang='lat' dir='ltr'>illud⁴‘</span> <span class='ocrx_word' id='word_1_229' title='bbox 2386 3295 2473 3304; x_wconf 94' lang='lat'><strong>—</strong></span> 
     </span>
     <span class='ocr_line' id='line_1_30' title="bbox 193 3363 2077 3447; baseline 0.002 -22"><span class='ocrx_word' id='word_1_230' title='bbox 193 3363 289 3427; x_wconf 82' lang='lat' dir='ltr'>hic</span> <span class='ocrx_word' id='word_1_231' title='bbox 338 3383 514 3429; x_wconf 87' lang='lat' dir='ltr'>uero:</span> <span class='ocrx_word' id='word_1_232' title='bbox 565 3367 639 3428; x_wconf 90' lang='lat' dir='ltr'>et</span> <span class='ocrx_word' id='word_1_233' title='bbox 687 3365 1012 3447; x_wconf 89' lang='lat' dir='ltr'>aperiam</span> <span class='ocrx_word' id='word_1_234' title='bbox 1063 3384 1142 3429; x_wconf 91' lang='lat' dir='ltr'>os</span> <span class='ocrx_word' id='word_1_235' title='bbox 1192 3368 1396 3428; x_wconf 90' lang='lat' dir='ltr'>tuum</span> <span class='ocrx_word' id='word_1_236' title='bbox 1449 3367 1522 3429; x_wconf 90' lang='lat' dir='ltr'>et</span> <span class='ocrx_word' id='word_1_237' title='bbox 1567 3364 1938 3428; x_wconf 90' lang='lat' dir='ltr'>instruam</span> <span class='ocrx_word' id='word_1_238' title='bbox 1984 3368 2077 3428; x_wconf 87' lang='lat' dir='ltr'>te.</span> 
     </span>
    </p>

    <p class='ocr_par' dir='ltr' id='par_1_10' title="bbox 195 3471 2472 3768">
     <span class='ocr_line' id='line_1_31' title="bbox 274 3471 2472 3553; baseline 0 -19"><span class='ocrx_word' id='word_1_239' title='bbox 274 3471 351 3534; x_wconf 83' lang='lat' dir='ltr'>X.</span> <span class='ocrx_word' id='word_1_240' title='bbox 404 3472 491 3534; x_wconf 82' lang='lat' dir='ltr'>Et</span> <span class='ocrx_word' id='word_1_241' title='bbox 539 3472 783 3535; x_wconf 89' lang='lat' dir='ltr'>iratus</span> <span class='ocrx_word' id='word_1_242' title='bbox 833 3472 1230 3536; x_wconf 79' lang='lat' dir='ltr'>iracundia</span> <span class='ocrx_word' id='word_1_243' title='bbox 1278 3472 1626 3535; x_wconf 88' lang='lat' dir='ltr'>dominus</span> <span class='ocrx_word' id='word_1_244' title='bbox 1677 3471 1878 3535; x_wconf 82' lang='lat' dir='ltr'>dixit.</span> <span class='ocrx_word' id='word_1_245' title='bbox 1940 3471 2472 3553; x_wconf 88' lang='lat' dir='ltr'>quemadmodum</span> 
     </span>
     <span class='ocr_line' id='line_1_32' title="bbox 195 3578 2470 3663; baseline 0 -23"><span class='ocrx_word' id='word_1_246' title='bbox 195 3578 388 3657; x_wconf 84' lang='lat' dir='ltr'>possit</span> <span class='ocrx_word' id='word_1_247' title='bbox 439 3580 727 3663; x_wconf 82' lang='lat' dir='ltr'>intellegi</span> <span class='ocrx_word' id='word_1_248' title='bbox 785 3579 1062 3644; x_wconf 86' lang='lat' dir='ltr'>irascens</span> <span class='ocrx_word' id='word_1_249' title='bbox 1122 3579 1297 3656; x_wconf 64' lang='lat' dir='ltr'>dene,</span> <span class='ocrx_word' id='word_1_250' title='bbox 1367 3580 1513 3661; x_wconf 87' lang='lat' dir='ltr'>quia</span> <span class='ocrx_word' id='word_1_251' title='bbox 1570 3599 1691 3644; x_wconf 88' lang='lat' dir='ltr'>non</span> <span class='ocrx_word' id='word_1_252' title='bbox 1752 3581 1920 3643; x_wconf 86' lang='lat' dir='ltr'>sicut</span> <span class='ocrx_word' id='word_1_253' title='bbox 1976 3581 2162 3643; x_wconf 90' lang='lat' dir='ltr'>homo</span> <span class='ocrx_word' id='word_1_254' title='bbox 2218 3599 2328 3661; x_wconf 88' lang='lat' dir='ltr'>per</span> <span class='ocrx_word' id='word_1_255' title='bbox 2383 3578 2470 3642; x_wconf 90' lang='lat' dir='ltr'>in-</span> 
     </span>
     <span class='ocr_line' id='line_1_33' title="bbox 196 3685 2472 3768; baseline 0.002 -24"><span class='ocrx_word' id='word_1_256' title='bbox 196 3685 618 3750; x_wconf 83' lang='lat' dir='ltr'>rationabilem</span> <span class='ocrx_word' id='word_1_257' title='bbox 682 3686 1247 3768; x_wconf 86' lang='lat' dir='ltr'>perturbationem,</span> <span class='ocrx_word' id='word_1_258' title='bbox 1315 3706 1426 3767; x_wconf 92' lang='lat' dir='ltr'>pe1·</span> <span class='ocrx_word' id='word_1_259' title='bbox 1490 3686 1698 3750; x_wconf 88' lang='lat' dir='ltr'>omnia</span> <span class='ocrx_word' id='word_1_260' title='bbox 1762 3686 2105 3750; x_wconf 87' lang='lat' dir='ltr'>tenendum</span> <span class='ocrx_word' id='word_1_261' title='bbox 2171 3689 2294 3761; x_wconf 90' lang='lat' dir='ltr'>est,</span> <span class='ocrx_word' id='word_1_262' title='bbox 2361 3688 2472 3750; x_wconf 89' lang='lat' dir='ltr'>ubi</span> 
     </span>
    </p>
   </div>
   <div class='ocr_carea' id='block_1_8' title="bbox 200 3876 2466 4029">
    <p class='ocr_par' dir='ltr' id='par_1_11' title="bbox 200 3876 2466 4029">
     <span class='ocr_line' id='line_1_34' title="bbox 365 3876 2466 3942; baseline 0 -13"><span class='ocrx_word' id='word_1_263' title='bbox 365 3878 392 3929; x_wconf 84' lang='lat'>7</span> <span class='ocrx_word' id='word_1_264' title='bbox 428 3876 520 3929; x_wconf 82' lang='lat' dir='ltr'>Ex.</span> <span class='ocrx_word' id='word_1_265' title='bbox 562 3879 612 3939; x_wconf 75' lang='lat'>4,</span> <span class='ocrx_word' id='word_1_266' title='bbox 656 3879 717 3929; x_wconf 93' lang='lat'>11</span> <span class='ocrx_word' id='word_1_267' title='bbox 895 3877 953 3930; x_wconf 91' lang='lat'>11</span> <span class='ocrx_word' id='word_1_268' title='bbox 996 3878 1110 3932; x_wconf 76' lang='lat'>1011.</span> <span class='ocrx_word' id='word_1_269' title='bbox 1151 3879 1202 3941; x_wconf 82' lang='lat'>9,</span> <span class='ocrx_word' id='word_1_270' title='bbox 1243 3879 1310 3931; x_wconf 88' lang='lat'>39</span> <span class='ocrx_word' id='word_1_271' title='bbox 1488 3880 1552 3931; x_wconf 73' lang='lat'>16</span> <span class='ocrx_word' id='word_1_272' title='bbox 1595 3878 1681 3930; x_wconf 76' lang='lat' dir='ltr'>Ex.</span> <span class='ocrx_word' id='word_1_273' title='bbox 1723 3880 1774 3939; x_wconf 84' lang='lat'>4,</span> <span class='ocrx_word' id='word_1_274' title='bbox 1819 3879 1883 3930; x_wconf 74' lang='lat'>12</span> <span class='ocrx_word' id='word_1_275' title='bbox 2044 3880 2111 3931; x_wconf 78' lang='lat'>22</span> <span class='ocrx_word' id='word_1_276' title='bbox 2151 3878 2237 3932; x_wconf 80' lang='lat' dir='ltr'>Ps.</span> <span class='ocrx_word' id='word_1_277' title='bbox 2277 3878 2364 3942; x_wconf 81' lang='lat'>80,</span> <span class='ocrx_word' id='word_1_278' title='bbox 2407 3878 2466 3931; x_wconf 87' lang='lat'>11</span> 
     </span>
     <span class='ocr_line' id='line_1_35' title="bbox 200 3962 578 4029; baseline 0.013 -15"><span class='ocrx_word' id='word_1_279' title='bbox 200 3962 260 4015; x_wconf 70' lang='lat'>27</span> <span class='ocrx_word' id='word_1_280' title='bbox 297 3964 380 4017; x_wconf 79' lang='lat' dir='ltr'>Ex.</span> <span class='ocrx_word' id='word_1_281' title='bbox 416 3966 467 4029; x_wconf 83' lang='lat'>4,</span> <span class='ocrx_word' id='word_1_282' title='bbox 514 3968 578 4019; x_wconf 88' lang='grc'>14</span> 
     </span>
    </p>
   </div>
   <div class='ocr_carea' id='block_1_9' title="bbox 202 4070 2473 4228">
    <p class='ocr_par' dir='ltr' id='par_1_12' title="bbox 202 4070 2473 4228">
     <span class='ocr_line' id='line_1_36' title="bbox 268 4070 2473 4126; baseline 0 -3"><span class='ocrx_word' id='word_1_283' title='bbox 268 4072 288 4123; x_wconf 93' lang='grc'>1</span> <span class='ocrx_word' id='word_1_284' title='bbox 341 4070 805 4125; x_wconf 83' lang='lat' dir='ltr'>nudustertianum</span> <span class='ocrx_word' id='word_1_285' title='bbox 853 4072 1066 4125; x_wconf 77' lang='lat' dir='ltr'><em>CPNV</em></span> <span class='ocrx_word' id='word_1_286' title='bbox 1243 4075 1276 4126; x_wconf 75' lang='lat'>2</span> <span class='ocrx_word' id='word_1_287' title='bbox 1325 4089 1381 4125; x_wconf 86' lang='lat' dir='ltr'>se</span> <span class='ocrx_word' id='word_1_288' title='bbox 1429 4088 1530 4125; x_wconf 82' lang='lat' dir='ltr'>om.</span> <span class='ocrx_word' id='word_1_289' title='bbox 1570 4072 1813 4125; x_wconf 81' lang='lat' dir='ltr'>I&#39;SVTb</span> <span class='ocrx_word' id='word_1_290' title='bbox 1996 4074 2031 4125; x_wconf 88' lang='lat'>4</span> <span class='ocrx_word' id='word_1_291' title='bbox 2068 4073 2359 4126; x_wconf 81' lang='lat' dir='ltr'>extendens</span> <span class='ocrx_word' id='word_1_292' title='bbox 2398 4073 2473 4124; x_wconf 86' lang='lat' dir='ltr'>P¹</span> 
     </span>
     <span class='ocr_line' id='line_1_37' title="bbox 202 4158 2471 4228; baseline 0.001 -18"><span class='ocrx_word' id='word_1_293' title='bbox 202 4158 231 4209; x_wconf 86' lang='lat'>5</span> <span class='ocrx_word' id='word_1_294' title='bbox 266 4164 525 4214; x_wconf 80' lang='lat' dir='ltr'>externum</span> <span class='ocrx_word' id='word_1_295' title='bbox 570 4160 727 4214; x_wconf 76' lang='lat' dir='ltr'>P¹V¹</span> <span class='ocrx_word' id='word_1_296' title='bbox 765 4161 1142 4228; x_wconf 66' lang='lat' dir='ltr'>exhesternum</span> <span class='ocrx_word' id='word_1_297' title='bbox 1192 4161 1241 4213; x_wconf 84' lang='lat' dir='ltr'><em>T</em></span> <span class='ocrx_word' id='word_1_298' title='bbox 1381 4161 1853 4214; x_wconf 82' lang='lat' dir='ltr'>nudustertianum</span> <span class='ocrx_word' id='word_1_299' title='bbox 1901 4160 2061 4214; x_wconf 80' lang='lat' dir='ltr'>CPN</span> <span class='ocrx_word' id='word_1_300' title='bbox 2200 4163 2230 4213; x_wconf 82' lang='lat'><strong>9</strong></span> <span class='ocrx_word' id='word_1_301' title='bbox 2270 4160 2471 4213; x_wconf 85' lang='lat' dir='ltr'>calum-</span> 
     </span>
    </p>
   </div>
   <div class='ocr_carea' id='block_1_10' title="bbox 203 4245 2472 4317">
    <p class='ocr_par' dir='ltr' id='par_1_13' title="bbox 203 4245 2472 4317">
     <span class='ocr_line' id='line_1_38' title="bbox 203 4245 2472 4317; baseline 0.002 -21"><span class='ocrx_word' id='word_1_302' title='bbox 203 4245 390 4301; x_wconf 82' lang='lat' dir='ltr'>nienter</span> <span class='ocrx_word' id='word_1_303' title='bbox 424 4249 564 4303; x_wconf 84' lang='lat' dir='ltr'>P¹V</span> <span class='ocrx_word' id='word_1_304' title='bbox 596 4249 996 4303; x_wconf 83' lang='lat' dir='ltr'>calumniantur</span> <span class='ocrx_word' id='word_1_305' title='bbox 1034 4250 1064 4303; x_wconf 88' lang='lat' dir='ltr'>b</span> <span class='ocrx_word' id='word_1_306' title='bbox 1199 4250 1263 4303; x_wconf 90' lang='lat'>10</span> <span class='ocrx_word' id='word_1_307' title='bbox 1302 4249 1509 4303; x_wconf 84' lang='lat' dir='ltr'>dixerat</span> <span class='ocrx_word' id='word_1_308' title='bbox 1557 4249 1659 4302; x_wconf 84' lang='lat' dir='ltr'>V¹b</span> <span class='ocrx_word' id='word_1_309' title='bbox 1805 4250 2008 4303; x_wconf 84' lang='lat' dir='ltr'>fecerat</span> <span class='ocrx_word' id='word_1_310' title='bbox 2046 4250 2076 4301; x_wconf 87' lang='lat' dir='ltr'>b</span> <span class='ocrx_word' id='word_1_311' title='bbox 2201 4249 2262 4301; x_wconf 83' lang='lat'>13</span> <span class='ocrx_word' id='word_1_312' title='bbox 2301 4249 2472 4317; x_wconf 89' lang='lat' dir='ltr'>inspi-</span> 
     </span>
    </p>
   </div>
   <div class='ocr_carea' id='block_1_11' title="bbox 206 4333 2470 4496">
    <p class='ocr_par' dir='ltr' id='par_1_14' title="bbox 206 4333 2470 4496">
     <span class='ocr_line' id='line_1_39' title="bbox 206 4333 2470 4407; baseline 0.002 -22"><span class='ocrx_word' id='word_1_313' title='bbox 206 4333 329 4389; x_wconf 78' lang='lat' dir='ltr'>ciens</span> <span class='ocrx_word' id='word_1_314' title='bbox 366 4338 501 4390; x_wconf 81' lang='lat' dir='ltr'>P¹V</span> <span class='ocrx_word' id='word_1_315' title='bbox 574 4338 639 4391; x_wconf 89' lang='lat'>16</span> <span class='ocrx_word' id='word_1_316' title='bbox 676 4338 817 4392; x_wconf 86' lang='lat' dir='ltr'>uade</span> <span class='ocrx_word' id='word_1_317' title='bbox 856 4344 916 4392; x_wconf 91' lang='lat' dir='ltr'>tu</span> <span class='ocrx_word' id='word_1_318' title='bbox 954 4338 1284 4393; x_wconf 79' lang='lat' dir='ltr'><strong><em>PS¹NVTb</em></strong></span> <span class='ocrx_word' id='word_1_319' title='bbox 1362 4340 1426 4392; x_wconf 78' lang='lat'>18</span> <span class='ocrx_word' id='word_1_320' title='bbox 1466 4340 1599 4391; x_wconf 82' lang='lat' dir='ltr'>satis</span> <span class='ocrx_word' id='word_1_321' title='bbox 1636 4339 1723 4391; x_wconf 87' lang='lat' dir='ltr'>hie</span> <span class='ocrx_word' id='word_1_322' title='bbox 1763 4338 1988 4407; x_wconf 83' lang='lat' dir='ltr'>adparet</span> <span class='ocrx_word' id='word_1_323' title='bbox 2026 4354 2125 4391; x_wconf 83' lang='lat' dir='ltr'>om.</span> <span class='ocrx_word' id='word_1_324' title='bbox 2159 4338 2222 4389; x_wconf 90' lang='lat' dir='ltr'><em>N</em></span> <span class='ocrx_word' id='word_1_325' title='bbox 2289 4337 2356 4389; x_wconf 74' lang='lat'>20</span> <span class='ocrx_word' id='word_1_326' title='bbox 2386 4339 2470 4405; x_wconf 86' lang='lat' dir='ltr'>tu]</span> 
     </span>
     <span class='ocr_line' id='line_1_40' title="bbox 208 4424 1123 4496; baseline 0.005 -21"><span class='ocrx_word' id='word_1_327' title='bbox 208 4424 325 4478; x_wconf 82' lang='lat' dir='ltr'>uade</span> <span class='ocrx_word' id='word_1_328' title='bbox 360 4431 417 4479; x_wconf 89' lang='lat' dir='ltr'>tu</span> <span class='ocrx_word' id='word_1_329' title='bbox 462 4426 509 4479; x_wconf 80' lang='lat' dir='ltr'><em>G</em></span> <span class='ocrx_word' id='word_1_330' title='bbox 614 4426 682 4479; x_wconf 80' lang='lat'>28</span> <span class='ocrx_word' id='word_1_331' title='bbox 722 4434 902 4496; x_wconf 76' lang='lat' dir='ltr'>posset</span> <span class='ocrx_word' id='word_1_332' title='bbox 941 4427 1123 4481; x_wconf 84' lang='lat' dir='ltr'><strong>P¹SN</strong></span> 
     </span>
    </p>
   </div>
  </div>
 </body>
</html>
