3076 4976
989 457 1512 511 Adnotationum
1550 458 1617 510 in
1656 457 1773 510 Iob
1810 456 1984 510 liber
2021 457 2062 511 I.
2535 461 2662 522 535

372 656 510 720 eius
550 656 771 720 amicis
811 655 982 720 dicta
1022 657 1190 719 sunt.
1241 656 1318 718 et
1354 655 1765 738 rogabunt
1802 653 2091 718 faciem
2131 657 2345 716 tuam
2386 651 2661 715 multi:

376 763 589 827 omnia
632 763 758 826 ista
806 762 880 826 de
928 761 1219 827 ecclesia.

459 869 605 936 XII.
656 868 866 932 Verba
893 869 1028 934 Iob.
1079 869 1216 933 sed
1254 870 1531 933 iustus
1570 868 1696 932 uir
1733 871 1811 932 et
1849 867 2021 932 sine
2061 865 2394 931 crimine
2434 864 2664 927 uenit

370 976 445 1040 in
488 975 879 1039 derisum:
930 975 1007 1039 de
1059 975 1310 1039 domino
1359 974 1825 1059 intellegendus
1875 979 1992 1040 est.
2043 992 2301 1038 sensus:
2352 990 2471 1035 non
2512 989 2660 1053 ergo

304 1103 332 1141 5
367 1083 621 1160 mirum,
673 1083 729 1147 si
777 1086 842 1148 et
888 1102 1006 1167 ego
1064 1083 1250 1147 uobis
1305 1084 1366 1147 in
1427 1084 1707 1148 derisum
1762 1083 1928 1147 ueni.
2016 1086 2092 1146 et
2149 1080 2426 1144 domus
2485 1078 2658 1142 eius

367 1192 456 1254 ut
512 1189 1093 1254 deuastaretur
1148 1190 1237 1254 ab
1296 1190 1643 1271 iniquis:
1706 1188 1978 1254 ecclesia
2032 1208 2069 1251 a
2123 1185 2658 1270 persecutoribus,

366 1295 600 1361 immo
667 1315 858 1361 uero
925 1296 1206 1361 nullus
1266 1297 1671 1372 confidat,
1741 1317 1912 1361 cum
1980 1296 2093 1360 sit
2154 1313 2518 1376 nequam,
2578 1310 2658 1356 se

367 1403 839 1485 inpunitum
916 1403 1315 1467 futurum:
1400 1403 1549 1485 quia
1628 1401 2028 1467 iudicium
2103 1420 2139 1464 a
2211 1399 2435 1465 domo
2512 1399 2656 1463 dei.

367 1511 779 1591 tamquam
827 1509 1267 1592 inquisitio
1316 1510 1392 1573 in
1441 1528 1576 1574 eos
1625 1529 1773 1574 non
1821 1510 1933 1573 sit
1987 1508 2288 1572 futura:
2347 1525 2468 1570 non
2515 1524 2659 1569 con·

279 1633 330 1672 ιο
369 1616 587 1680 fidant.
683 1617 823 1681 sed
886 1619 1149 1680 tamen
1215 1618 1635 1704 interroga
1702 1614 2292 1700 quadrupedia,
2369 1614 2437 1678 si
2501 1612 2657 1677 tibi

362 1723 950 1805 respondeant:
1008 1724 1150 1788 ideo
1197 1727 1369 1789 recte
1415 1724 1682 1806 inquirit
1726 1724 2001 1805 iniquos,
2049 1722 2196 1804 quia
2243 1741 2314 1784 ex
2361 1721 2657 1803 operibus

363 1833 708 1914 potuerunt
755 1849 1096 1914 agnoscere
1145 1834 1489 1896 creatorem
1542 1834 1607 1895 et
1653 1831 1857 1896 colere
1897 1829 2279 1904 debuerunt;
2328 1847 2450 1892 non
2491 1827 2657 1892 enim

363 1940 793 2002 creaturarum
867 1937 1273 2019 responsione
1328 1936 1555 2001 'doceri
1632 1937 2005 2013 debuerant,
2082 1955 2226 2000 cum
2302 1935 2659 2017 acceperint

360 2044 693 2120 rationem,
743 2063 867 2126 qua
911 2044 1038 2108 ista
1083 2047 1550 2128 cognoscerent.
1600 2043 1667 2108 si
1713 2063 1861 2108 non
1908 2043 1984 2107 in
2032 2061 2258 2106 manu
2307 2041 2482 2106 eius
2531 2045 2656 2106 est

272 2168 326 2209 ιο
364 2151 627 2216 anima
683 2151 1033 2215 omnium
1090 2151 1586 2215 uiuentium:
1644 2150 1792 2214 hinc
1840 2169 1988 2233 ergo
2038 2150 2256 2226 scitur,
2315 2150 2463 2232 quia
2515 2149 2653 2231 ipse

365 2258 580 2323 omnia
619 2258 878 2335 creauit,
918 2258 1066 2339 quia
1103 2257 1178 2321 in
1218 2277 1446 2322 manu
1485 2258 1660 2321 eius
1701 2258 1960 2321 anima
1998 2258 2343 2320 omnium
2380 2256 2652 2321 uiuen-

362 2365 593 2430 tium.
643 2368 721 2428 et
769 2363 1119 2446 spiritus
1169 2363 1422 2428 omnis
1464 2363 1732 2428 carnis
1770 2361 2152 2428 hominis:
2204 2364 2407 2428 omnis
2446 2364 2650 2429 carnis

363 2473 698 2549 humanae,
746 2470 811 2535 id
860 2474 959 2536 est
1003 2470 1328 2535 rationalis
1383 2469 1649 2534 animae.
1716 2469 1936 2535 auris
1985 2471 2187 2534 enim
2237 2491 2649 2539 sermones

361 2580 806 2644 diiudicat:
876 2577 1409 2660 quemadmodum
1476 2595 1704 2641 sensus
1772 2577 2097 2643 sensibilia
2163 2578 2494 2655 diiudicat,
2559 2580 2651 2644 ita

263 2703 321 2743 ιο
359 2684 669 2769 spiritalia
725 2684 1008 2767 spirituS,
1068 2684 1176 2766 qui
1233 2682 1455 2748 debuit
1509 2702 1910 2767 cognoscere,
1977 2685 2276 2767 quoniam
2337 2687 2400 2750 in
2459 2706 2648 2752 manu

358 2791 596 2856 domini
643 2795 762 2868 est,
813 2810 998 2874 opera
1044 2790 1306 2855 domini.
1380 2790 1456 2854 in
1514 2790 1771 2855 multo
1829 2794 2188 2874 tempore
2236 2794 2647 2876 sapientia

357 2903 514 2963 est:
563 2917 686 2962 non
733 2898 954 2980 utique
1002 2897 1067 2961 in
1114 2897 1318 2962 multo
1357 2902 1664 2980 tempore,
1705 2897 1816 2962 sed
1855 2898 2024 2981 apud
2063 2899 2409 2975 dominum,
2449 2922 2486 2965 a
2523 2921 2647 2984 quo

354 3004 625 3088 petenda
673 3008 791 3070 est.
861 3004 930 3068 si
979 3004 1510 3079 destruxerit,
1562 3006 1742 3086 quis
1793 3005 2328 3071 aedificabit?
2393 3012 2648 3090 propter

354 3111 661 3176 uirtutem
712 3111 1087 3175 destruxerit
1137 3114 1202 3175 et
1254 3114 1512 3193 propter
1567 3111 1939 3199 sapientiam
1998 3113 2401 3192 concluserit,
2451 3118 2524 3179 ut
2571 3115 2647 3179 ad

258 3234 317 3273 2⁵
356 3237 498 3282 eam
564 3237 685 3283 non
752 3219 1099 3302 perueniat.
1184 3218 1252 3282 si
1318 3219 1843 3300 prohibuerit
1907 3239 2221 3301 aquam,
2290 3221 2645 3286 siccabit

352 3328 680 3390 terram:
732 3326 1108 3409 sapientiam
1154 3327 1379 3409 ipsam,
1419 3329 1714 3389 terram
1761 3344 1912 3390 uero
1962 3326 2299 3391 hominem.
2350 3328 2644 3409 quodsi

533 3570 556 3622 1
598 3567 697 3621 Iob
740 3569 824 3632 11,
865 3567 930 3621 19
1049 3567 1082 3621 3
1119 3567 1217 3621 Iob
1260 3568 1342 3631 12,
1380 3530 1441 3622 4*
1534 3572 1567 3622 5
1604 3567 1702 3621 Iob
1746 3570 1829 3631 12,
1868 3569 1900 3623 6
2021 3571 2051 3623 7
2090 3569 2188 3624 Iob
2229 3571 2312 3633 12,
2352 3573 2384 3624 6
2501 3574 2536 3627 s
2574 3574 2641 3629 cf.

347 3658 375 3712 1
412 3657 556 3711 Petr.
596 3659 649 3723 4,
692 3658 755 3710 17
875 3659 907 3711 9
947 3657 1044 3711 101>
1088 3659 1169 3720 12,
1210 3660 1242 3713 c
1365 3658 1430 3713 1o
1468 3657 1565 3712 101>
1608 3658 1691 3720 12,
1734 3658 1764 3711 7
1891 3659 1958 3712 14
1995 3658 2091 3712 101>
2135 3661 2218 3723 12,
2261 3660 2325 3713 10
2438 3663 2502 3716 17
2540 3662 2640 3716 101»

348 3748 435 3810 12,
477 3748 543 3800 10
638 3747 704 3801 18
741 3745 837 3800 101>
883 3748 965 3810 12,
1010 3747 1068 3801 11
1166 3748 1231 3801 21
1272 3746 1370 3801 101>
1415 3749 1495 3811 12,
1540 3748 1605 3800 12
1696 3748 1765 3801 23
1804 3745 1901 3800 101>
1946 3748 2027 3811 12,
2070 3749 2135 3803 14
2226 3750 2293 3802 25
2332 3750 2430 3804 101>
2461 3752 2541 3814 12,
2572 3755 2637 3806 15

342 3836 416 3890 26
452 3836 549 3889 101>
592 3835 675 3898 12,
718 3837 783 3888 15

420 3942 447 3995 1
489 3941 676 3995 amicis
716 3942 829 3994 eius
875 3941 1102 3996 TPde
1243 3943 1275 3997 6
1314 3943 1397 4011 ut]
1436 3960 1543 3996 non
1587 3944 1634 3996 C
1845 3942 2180 4011 iniquissimo
2221 3942 2267 3996 S
2407 3946 2436 3998 7
2476 3945 2638 4000 immo

339 4047 446 4086 om.
485 4029 533 4084 S
671 4031 787 4084 uiro
826 4030 873 4085 S
980 4032 1040 4084 11
1082 4030 1460 4100 responderint
1497 4030 1685 4084 SHier
1795 4030 1862 4084 12
1900 4047 2222 4099 cognoscere
2261 4030 2336 4084 bd
2427 4032 2492 4086 13
2529 4051 2638 4089 non

338 4119 642 4173 debuerant
686 4119 838 4173 TPC
996 4122 1060 4174 14
1099 4121 1212 4174 eius
1251 4136 1351 4174 om.
1398 4118 1500 4173 TC
1643 4122 1708 4174 15
1747 4120 1836 4173 hic
1879 4119 1932 4173 G·
2078 4120 2143 4171 16
2182 4120 2361 4173 anima
2399 4123 2636 4177 omnium

338 4209 644 4262 uiuentium
683 4210 738 4262 in
774 4226 936 4263 manu
975 4209 1088 4262 eius
1133 4208 1255 4262 Oba
1393 4210 1457 4262 18
1497 4225 1651 4262 aures
1692 4209 1738 4263 S
1877 4208 2137 4262 sermonis
2177 4207 2224 4262 S
2353 4211 2422 4264 20
2462 4227 2566 4281 que
2604 4212 2635 4265 b

335 4297 409 4351 22
449 4296 607 4351 deum
652 4296 698 4351 Ο
766 4299 834 4351 23
876 4297 1199 4351 destruxerit
1235 4314 1337 4353 om.
1383 4299 1430 4352 G
1497 4299 1567 4352 24
1606 4298 1826 4352 cluserit
1869 4297 1917 4352 G
1958 4298 2213 4351 clauserit
2249 4298 2323 4352 bd
2382 4300 2462 4376 Ι26
2493 4300 2637 4369 quod

335 4387 449 4442 etsi
484 4386 514 4440 b
