3076 4976
753 432 1224 499 Quaestionum
1260 434 1371 490 lib.
1409 434 1523 489 1111
1566 436 1854 500 (Quaest.
1896 436 1968 489 de
2008 436 2356 505 Numer-is).
2559 443 2691 507 333

403 632 546 695 uult
592 636 847 713 propter
893 631 1063 715 quod
1110 631 1291 707 facit;
1357 636 1684 714 tamquam
1733 632 1788 696 si
1833 632 2111 715 peierare
2178 634 2356 711 nolit,
2407 638 2471 697 et
2519 635 2691 712 facit,

404 757 547 801 cum
592 739 738 802 uult
783 739 1021 814 uiuere,
1071 739 1124 802 si
1174 739 1533 821 quisquam,
1582 739 1705 803 nisi
1751 739 1991 816 fecerit,
2059 744 2327 804 mortem
2392 740 2686 807 minetur.

401 843 542 908 uult
589 863 737 929 ergo
786 845 1013 921 facere,
1063 845 1210 925 quia
1256 846 1401 909 uult
1447 845 1686 923 uiuere,
1738 850 1803 910 et
1847 846 1987 911 ideo
2037 866 2158 911 non
2208 867 2318 929 per
2364 866 2433 913 se
2481 848 2694 930 ipsum

401 952 773 1034 adpetendO,
843 955 915 1016 ut
978 951 1211 1016 falsum
1285 952 1470 1029 iuret,
1554 952 1664 1016 sed
1721 956 1796 1015 ut
1859 952 2094 1016 falsum
2159 953 2421 1018 iurando
2489 954 2692 1018 uiuat.

337 1078 364 1116 5
403 1059 569 1141 quod
618 1059 672 1122 si
718 1058 808 1122 ita
857 1062 974 1134 est,
1023 1057 1238 1123 nescio
1287 1062 1502 1122 utrum
1549 1058 1801 1141 possint
1847 1058 1973 1122 dici
2019 1058 2145 1123 ista
2183 1063 2446 1140 peccata
2481 1060 2694 1125 nolen-

397 1167 580 1241 tium,
631 1164 842 1246 qualia
887 1165 992 1229 hic
1039 1164 1336 1229 dicuntur
1400 1164 1719 1248 expianda.
1785 1184 1930 1229 nam
1979 1165 2035 1229 si
2083 1165 2422 1249 diligenter
2487 1167 2690 1232 consi-

399 1273 670 1348 deretur,
717 1272 878 1337 forte
925 1272 1137 1354 ipsum
1184 1289 1444 1353 peccare
1493 1290 1676 1336 nemo
1724 1271 1905 1348 uelit,
1946 1272 2057 1336 sed
2093 1275 2351 1355 propter
2386 1273 2560 1337 aliud
2596 1274 2687 1350 fit,

398 1380 564 1463 quod
611 1380 756 1443 uult
813 1379 922 1459 qui
985 1382 1226 1459 peccat.
1294 1398 1511 1444 omnes
1580 1379 1813 1461 quippe
1879 1379 2189 1457 homineS,
2240 1379 2349 1461 qui
2414 1379 2687 1444 scientes

394 1486 636 1550 faciunt
696 1485 863 1567 quod
937 1504 1059 1550 non
1134 1485 1306 1561 licet,
1386 1485 1625 1550 uellent
1696 1485 1916 1550 licere:
1983 1504 2186 1568 usque
2253 1485 2407 1550 adeo
2472 1486 2686 1569 ipsum

308 1617 359 1655 ιο
396 1612 653 1675 peccare
720 1611 902 1657 nemo
951 1591 1196 1674 adpetit
1259 1595 1514 1674 propter
1569 1592 1687 1657 hoc
1756 1591 1991 1675 ipsum,
2050 1591 2162 1656 sed
2226 1596 2480 1675 propter
2524 1592 2686 1657 illud

395 1700 563 1783 quod
629 1719 698 1763 ex
763 1719 836 1763 eo
906 1698 1334 1780 consequitur.
1408 1699 1561 1762 haec
1628 1699 1683 1763 si
1729 1698 1819 1761 ita
1886 1717 1953 1763 se
2018 1698 2275 1774 habent,
2343 1717 2466 1764 non
2535 1705 2685 1765 sunt

393 1809 652 1888 peccata
697 1805 1048 1869 nolentium
1094 1804 1219 1868 nisi
1265 1804 1708 1881 nescientium,
1759 1824 1918 1887 quae
1967 1804 2414 1869 discernuntur
2461 1825 2495 1869 a
2541 1825 2686 1887 pec-

394 1912 551 1976 catis
597 1912 975 1978 nolentium.

479 2018 676 2082 XXV.
743 2018 834 2082 Et
898 2018 1144 2081 anima
1217 2035 1730 2099 quaecumque
1803 2019 2246 2100 peccauerit
2308 2018 2382 2082 in
2459 2038 2678 2083 manu

302 2153 355 2193 ιε
393 2124 791 2207 superbiae
859 2143 938 2188 ox
1004 2124 1384 2208 indigenis
1452 2127 1581 2188 aut
1645 2144 1727 2188 ex
1792 2124 2227 2208 proselytis,
2296 2124 2510 2188 deum
2559 2124 2678 2189 hic

391 2231 807 2309 exacerbat,
884 2234 957 2295 et
1020 2230 1652 2295 exterminabitur
1726 2231 1969 2295 anima
2036 2231 2177 2295 illa
2241 2231 2329 2296 de
2394 2233 2676 2315 populo

391 2356 546 2413 suo,
615 2337 964 2419 quoniam
1011 2337 1319 2401 uerbum
1368 2336 1651 2401 domini
1700 2337 2165 2418 contempsit
2211 2340 2286 2402 et
2329 2338 2677 2403 mandata

391 2443 551 2508 eius
640 2443 1043 2528 dispe1·sit;
1132 2442 1601 2509 contritione
1693 2446 2139 2509 conteretur
2203 2444 2448 2509 anima
2511 2445 2675 2522 illa,

387 2555 782 2632 peccatum
848 2551 1012 2615 eius
1061 2551 1133 2614 in
1202 2550 1355 2617 illa.
1424 2570 1585 2634 quae
1651 2551 1782 2616 sint
1842 2555 2109 2634 peccata
2174 2571 2334 2634 quae
2399 2552 2557 2616 fiunt
2604 2552 2675 2616 in

297 2689 352 2730 20
387 2677 604 2721 manu
670 2657 1094 2738 superbiae,
1152 2657 1218 2721 id
1265 2660 1363 2722 est
1429 2658 1725 2740 superbia
1791 2657 2296 2736 committuntur,
2364 2659 2677 2742 scriptura

384 2764 524 2847 ipsa
595 2763 659 2827 in
734 2763 1272 2847 consequentibus
1347 2764 1503 2828 satis
1579 2765 1888 2847 exposuit,
1963 2765 2071 2829 ubi
2140 2766 2254 2830 ait:
2325 2765 2675 2848 quoniam

385 2871 694 2934 uerbum
771 2869 1050 2935 domini
1131 2872 1613 2953 contempsit.
1692 2872 1864 2937 aliud
1939 2876 2038 2956 est
2112 2891 2260 2955 ergo
2336 2876 2673 2956 praecepta

384 2982 802 3054 contemnere,
869 2978 1041 3042 aliud
1097 2978 1310 3060 magni
1376 2978 1630 3059 quidem
1695 2979 1983 3061 pendere,
2034 2979 2146 3044 sed
2209 2983 2320 3044 aut
2383 2980 2671 3063 ignarum

384 3088 600 3149 contra
645 3085 850 3150 facere
898 3088 1010 3149 aut
1055 3085 1320 3149 uictum.
1370 3104 1529 3167 quae
1571 3084 1694 3149 duo
1743 3085 2014 3151 fortasse
2051 3086 2406 3168 pertineant
2443 3085 2524 3150 ad
2560 3086 2671 3151 illa

289 3226 340 3266 85
380 3194 660 3273 peccata,
711 3210 870 3273 quae
919 3211 955 3255 a
1001 3191 1364 3256 nolentibus
1411 3190 1594 3264 fiunt,
1645 3191 1720 3256 de
1769 3193 2003 3274 quibus
2043 3193 2336 3275 superius
2376 3193 2670 3274 quemad·

377 3296 639 3362 modum
705 3297 820 3363 deo
880 3298 1222 3381 propitiato
1273 3298 1668 3381 expiarentur
1713 3299 2042 3364 admonuit
2087 3318 2159 3364 ac
2206 3298 2348 3364 inde
2396 3298 2670 3364 subiecit

377 3407 636 3485 peccata
664 3405 1017 3486 superbiae,
1050 3424 1196 3468 cum
1226 3405 1492 3486 quisque
1533 3405 1978 3486 superbiendo,
2015 3406 2081 3470 id
2121 3409 2220 3471 est
2257 3409 2664 3489 praeceptum

379 3510 835 3575 contemnendo
900 3530 1227 3594 peipemm
1293 3511 1465 3576 facit.
1534 3512 1704 3593 quod
1764 3531 1962 3597 genus
2028 3512 2273 3594 peccati
2318 3533 2442 3577 non
2510 3512 2665 3576 dixit

558 3701 623 3753 14
659 3699 822 3755 Num.
867 3702 948 3764 15,
987 3702 1072 3756 30.
1113 3703 1176 3756 31

450 3825 474 3877 1
516 3825 1004 3894 tamquam—facit
1040 3841 1145 3879 om.
1182 3825 1365 3881 P¹SV
1503 3827 1749 3896 peiorare
1789 3826 1834 3881 0
1956 3827 1990 3880 3
2028 3843 2085 3880 se
2123 3827 2240 3896 ipso
2286 3825 2332 3880 0
2447 3827 2482 3880 4
2519 3825 2662 3879 iuret

374 3928 474 3966 om.
514 3913 561 3967 S
689 3917 722 3968 5
761 3917 988 3983 possent
1025 3915 1068 3967 C
1104 3915 1279 3983 possit
1315 3915 1370 3967 P
1498 3915 1531 3968 8
1572 3916 1805 3968 scienter
1840 3915 1967 3985 Euq
2005 3915 2106 3981 (ed.
2144 3915 2355 3970 Knoell
2380 3932 2442 3983 p.
2480 3917 2656 3978 1076)

376 4002 434 4054 11
488 4018 545 4055 se
583 4018 686 4056 om.
725 4001 771 4056 S
918 4003 982 4055 14
1027 3989 1220 4056 manus
1264 4003 1310 4056 G
1452 4005 1517 4058 15
1558 4008 1652 4056 aut
1693 4005 1776 4073 ex]
1819 4008 1876 4057 et
1910 4005 2038 4073 Euq
2185 4007 2248 4058 16
2289 4007 2572 4058 exaceruat
2607 4003 2663 4055 P

372 4088 459 4159 de]
497 4108 527 4144 a
566 4090 613 4144 S
755 4091 821 4145 18
861 4091 1118 4161 dispersit
1151 4092 1373 4160 scripsi.-
1411 4092 1676 4162 disperdit
1720 4092 1925 4147 CPSN
1931 4093 1981 4146 V
2014 4091 2339 4162 disperdidit
2381 4092 2660 4161 deEu9;

367 4178 463 4232 sed
497 4179 567 4246 cf.
609 4182 746 4242 334,
787 4182 871 4232 20
906 4185 957 4233 et
994 4179 1320 4232 διεσκέδασεν
1359 4180 1477 4234 cod.
1521 4179 1715 4234 Graec.
1866 4181 1932 4234 19
1970 4180 2423 4251 peccatum—illa
2458 4198 2564 4236 om.
2598 4179 2666 4234 N

369 4267 437 4321 20
474 4267 725 4340 superbie
765 4269 1180 4322 committuntur
1222 4269 1268 4322 G
1371 4271 1436 4323 21
1481 4270 1699 4339 exponit
1736 4269 1867 4339 Euy
1972 4270 2040 4323 22
2079 4286 2206 4339 ergo
2246 4272 2330 4323 est
2363 4270 2415 4323 Τ
2517 4272 2586 4324 25
2625 4287 2657 4323 a

368 4370 468 4409 om.
506 4357 634 4426 Euq
741 4357 808 4411 26
848 4356 1042 4410 deinde
1081 4357 1373 4427 PVTEuy
