<?xml version="1.0" encoding="UTF-8"?>
<!DOCTYPE html PUBLIC "-//W3C//DTD XHTML 1.0 Transitional//EN"
    "http://www.w3.org/TR/xhtml1/DTD/xhtml1-transitional.dtd">
<html xmlns="http://www.w3.org/1999/xhtml" xml:lang="en" lang="en">
 <head>
  <title>
</title>
<meta http-equiv="Content-Type" content="text/html;charset=utf-8" />
  <meta name='ocr-system' content='tesseract 3.04.00' />
  <meta name='ocr-capabilities' content='ocr_page ocr_carea ocr_par ocr_line ocrx_word'/>
</head>
<body>
  <div class='ocr_page' id='page_1' title='image "./corpusscriptoru31wissgoog_0653.png"; bbox 0 0 3076 4976; ppageno 0'>
   <div class='ocr_carea' id='block_1_1' title="bbox 270 1168 293 1204">
    <p class='ocr_par' dir='ltr' id='par_1_1' title="bbox 270 1168 293 1204">
     <span class='ocr_line' id='line_1_1' title="bbox 270 1168 293 1204; baseline 0 0"><span class='ocrx_word' id='word_1_1' title='bbox 270 1168 293 1204; x_wconf 75' lang='lat'><strong>5</strong></span> 
     </span>
    </p>
   </div>
   <div class='ocr_carea' id='block_1_2' title="bbox 232 1699 287 1738">
    <p class='ocr_par' dir='ltr' id='par_1_2' title="bbox 232 1699 287 1738">
     <span class='ocr_line' id='line_1_2' title="bbox 232 1699 287 1738; baseline -0.018 0"><span class='ocrx_word' id='word_1_2' title='bbox 232 1699 287 1738; x_wconf 87' lang='lat'>10</span> 
     </span>
    </p>
   </div>
   <div class='ocr_carea' id='block_1_3' title="bbox 236 2236 288 2275">
    <p class='ocr_par' dir='ltr' id='par_1_3' title="bbox 236 2236 288 2275">
     <span class='ocr_line' id='line_1_3' title="bbox 236 2236 288 2275; baseline 0 0"><span class='ocrx_word' id='word_1_3' title='bbox 236 2236 288 2275; x_wconf 76' lang='lat'>15</span> 
     </span>
    </p>
   </div>
   <div class='ocr_carea' id='block_1_4' title="bbox 234 2769 290 2808">
    <p class='ocr_par' dir='ltr' id='par_1_4' title="bbox 234 2769 290 2808">
     <span class='ocr_line' id='line_1_4' title="bbox 234 2769 290 2808; baseline -0.018 0"><span class='ocrx_word' id='word_1_4' title='bbox 234 2769 290 2808; x_wconf 82' lang='lat'>20</span> 
     </span>
    </p>
   </div>
   <div class='ocr_carea' id='block_1_5' title="bbox 242 3298 297 3338">
    <p class='ocr_par' dir='ltr' id='par_1_5' title="bbox 242 3298 297 3338">
     <span class='ocr_line' id='line_1_5' title="bbox 242 3298 297 3338; baseline -0.055 0"><span class='ocrx_word' id='word_1_5' title='bbox 242 3298 297 3338; x_wconf 79' lang='lat'>25</span> 
     </span>
    </p>
   </div>
   <div class='ocr_carea' id='block_1_6' title="bbox 932 519 2610 586">
    <p class='ocr_par' dir='ltr' id='par_1_6' title="bbox 932 519 2610 586">
     <span class='ocr_line' id='line_1_6' title="bbox 932 519 2610 586; baseline 0.001 -11"><span class='ocrx_word' id='word_1_6' title='bbox 932 520 1458 576; x_wconf 81' lang='lat' dir='ltr'>Adnotationum</span> <span class='ocrx_word' id='word_1_7' title='bbox 1499 520 1563 572; x_wconf 88' lang='lat' dir='ltr'>in</span> <span class='ocrx_word' id='word_1_8' title='bbox 1604 520 1718 572; x_wconf 91' lang='lat' dir='ltr'>Iob</span> <span class='ocrx_word' id='word_1_9' title='bbox 1760 520 1932 572; x_wconf 87' lang='lat' dir='ltr'>liber</span> <span class='ocrx_word' id='word_1_10' title='bbox 1968 519 2008 572; x_wconf 95' lang='lat'>1.</span> <span class='ocrx_word' id='word_1_11' title='bbox 2483 524 2610 586; x_wconf 85' lang='lat'>619</span> 
     </span>
    </p>
   </div>
   <div class='ocr_carea' id='block_1_7' title="bbox 320 715 2630 3568">
    <p class='ocr_par' dir='ltr' id='par_1_7' title="bbox 320 715 2630 3568">
     <span class='ocr_line' id='line_1_7' title="bbox 321 715 2610 782; baseline -0.002 0"><span class='ocrx_word' id='word_1_12' title='bbox 321 715 1025 782; x_wconf 88' lang='lat' dir='ltr'>consiliadestruens</span> <span class='ocrx_word' id='word_1_13' title='bbox 1058 718 1136 780; x_wconf 89' lang='lat' dir='ltr'>et</span> <span class='ocrx_word' id='word_1_14' title='bbox 1166 735 1469 780; x_wconf 89' lang='lat' dir='ltr'>omnem</span> <span class='ocrx_word' id='word_1_15' title='bbox 1503 715 2039 780; x_wconf 79' lang='lat' dir='ltr'>altitudinem</span> <span class='ocrx_word' id='word_1_16' title='bbox 2073 717 2610 780; x_wconf 81' lang='lat' dir='ltr'>extollentem</span> 
     </span>
     <span class='ocr_line' id='line_1_8' title="bbox 322 822 2612 906; baseline -0.001 -18"><span class='ocrx_word' id='word_1_17' title='bbox 322 843 400 888; x_wconf 92' lang='grc'>30</span> <span class='ocrx_word' id='word_1_18' title='bbox 495 823 891 887; x_wconf 89' lang='lat' dir='ltr'>aduersus</span> <span class='ocrx_word' id='word_1_19' title='bbox 987 822 1419 887; x_wconf 87' lang='lat' dir='ltr'>scientiam</span> <span class='ocrx_word' id='word_1_20' title='bbox 1515 822 1642 886; x_wconf 89' lang='lat' dir='ltr'>dei</span> <span class='ocrx_word' id='word_1_21' title='bbox 1737 826 1815 887; x_wconf 88' lang='lat' dir='ltr'>et</span> <span class='ocrx_word' id='word_1_22' title='bbox 1898 823 2226 906; x_wconf 86' lang='lat' dir='ltr'>captiuans</span> <span class='ocrx_word' id='word_1_23' title='bbox 2312 842 2612 887; x_wconf 88' lang='lat' dir='ltr'>omnem</span> 
     </span>
     <span class='ocr_line' id='line_1_9' title="bbox 320 929 2615 1011; baseline -0.001 -16"><span class='ocrx_word' id='word_1_24' title='bbox 320 929 849 995; x_wconf 88' lang='lat' dir='ltr'>intellectum</span> <span class='ocrx_word' id='word_1_25' title='bbox 909 929 1000 993; x_wconf 87' lang='lat' dir='ltr'>ad</span> <span class='ocrx_word' id='word_1_26' title='bbox 1059 929 1668 994; x_wconf 83' lang='lat' dir='ltr'>oboedientiam</span> <span class='ocrx_word' id='word_1_27' title='bbox 1720 949 1921 993; x_wconf 89' lang='lat' dir='ltr'>suam.</span> <span class='ocrx_word' id='word_1_28' title='bbox 1969 948 2231 1011; x_wconf 85' lang='lat' dir='ltr'>penna</span> <span class='ocrx_word' id='word_1_29' title='bbox 2278 929 2615 993; x_wconf 87' lang='lat' dir='ltr'>struthi-</span> 
     </span>
     <span class='ocr_line' id='line_1_10' title="bbox 322 1035 2612 1118; baseline -0.001 -17"><span class='ocrx_word' id='word_1_30' title='bbox 322 1057 557 1101; x_wconf 90' lang='lat' dir='ltr'>onum</span> <span class='ocrx_word' id='word_1_31' title='bbox 606 1036 854 1100; x_wconf 85' lang='lat' dir='ltr'>mixta</span> <span class='ocrx_word' id='word_1_32' title='bbox 903 1040 1030 1100; x_wconf 92' lang='lat' dir='ltr'>est</span> <span class='ocrx_word' id='word_1_33' title='bbox 1068 1036 1224 1101; x_wconf 88' lang='lat' dir='ltr'>alis</span> <span class='ocrx_word' id='word_1_34' title='bbox 1266 1036 1744 1101; x_wconf 90' lang='lat' dir='ltr'>herodionis</span> <span class='ocrx_word' id='word_1_35' title='bbox 1787 1039 1863 1099; x_wconf 92' lang='lat' dir='ltr'>et</span> <span class='ocrx_word' id='word_1_36' title='bbox 1903 1036 2376 1118; x_wconf 82' lang='lat' dir='ltr'>accipitris:</span> <span class='ocrx_word' id='word_1_37' title='bbox 2414 1035 2612 1099; x_wconf 87' lang='lat' dir='ltr'>tardis</span> 
     </span>
     <span class='ocr_line' id='line_1_11' title="bbox 320 1142 2619 1227; baseline -0 -20"><span class='ocrx_word' id='word_1_38' title='bbox 320 1143 594 1227; x_wconf 87' lang='lat' dir='ltr'>ingenio,</span> <span class='ocrx_word' id='word_1_39' title='bbox 647 1161 805 1224; x_wconf 90' lang='grc'><strong>(1303</strong></span> <span class='ocrx_word' id='word_1_40' title='bbox 857 1142 1218 1227; x_wconf 87' lang='lat' dir='ltr'>significant</span> <span class='ocrx_word' id='word_1_41' title='bbox 1264 1143 1676 1219; x_wconf 66' lang='lat' dir='ltr'>struthiones»,</span> <span class='ocrx_word' id='word_1_42' title='bbox 1729 1142 1876 1224; x_wconf 89' lang='lat' dir='ltr'>quia</span> <span class='ocrx_word' id='word_1_43' title='bbox 1914 1144 2128 1206; x_wconf 90' lang='grc'><strong>301310</strong></span> <span class='ocrx_word' id='word_1_44' title='bbox 2168 1162 2285 1206; x_wconf 89' lang='grc'>303</span> <span class='ocrx_word' id='word_1_45' title='bbox 2327 1147 2619 1224; x_wconf 78' lang='lat' dir='ltr'>possunt,</span> 
     </span>
     <span class='ocr_line' id='line_1_12' title="bbox 324 1248 2621 1332; baseline -0 -19"><span class='ocrx_word' id='word_1_46' title='bbox 324 1250 626 1314; x_wconf 88' lang='lat' dir='ltr'>donatum</span> <span class='ocrx_word' id='word_1_47' title='bbox 687 1269 826 1313; x_wconf 89' lang='lat' dir='ltr'>esse</span> <span class='ocrx_word' id='word_1_48' title='bbox 885 1269 997 1331; x_wconf 79' lang='lat' dir='ltr'>pel·</span> <span class='ocrx_word' id='word_1_49' title='bbox 1053 1249 1190 1313; x_wconf 90' lang='lat' dir='ltr'>eius</span> <span class='ocrx_word' id='word_1_50' title='bbox 1251 1249 1522 1332; x_wconf 82' lang='lat' dir='ltr'>gratiam</span> <span class='ocrx_word' id='word_1_51' title='bbox 1583 1248 1691 1330; x_wconf 94' lang='grc'><strong>(131</strong></span> <span class='ocrx_word' id='word_1_52' title='bbox 1750 1249 1951 1312; x_wconf 90' lang='lat' dir='ltr'>stulta</span> <span class='ocrx_word' id='word_1_53' title='bbox 2004 1249 2227 1312; x_wconf 89' lang='lat' dir='ltr'>mundi</span> <span class='ocrx_word' id='word_1_54' title='bbox 2282 1250 2497 1332; x_wconf 87' lang='lat' dir='ltr'>elegit,</span> <span class='ocrx_word' id='word_1_55' title='bbox 2547 1252 2621 1312; x_wconf 91' lang='lat' dir='ltr'>ut</span> 
     </span>
     <span class='ocr_line' id='line_1_13' title="bbox 324 1355 2621 1439; baseline -0 -20"><span class='ocrx_word' id='word_1_56' title='bbox 324 1359 740 1438; x_wconf 85' lang='lat' dir='ltr'>aequarentur</span> <span class='ocrx_word' id='word_1_57' title='bbox 813 1356 1283 1439; x_wconf 85' lang='lat' dir='ltr'>ingeniosorum</span> <span class='ocrx_word' id='word_1_58' title='bbox 1355 1355 1667 1419; x_wconf 82' lang='lat' dir='ltr'>celeritati</span> <span class='ocrx_word' id='word_1_59' title='bbox 1732 1355 1969 1437; x_wconf 78' lang='grc'><strong>11311101</strong></span> <span class='ocrx_word' id='word_1_60' title='bbox 2034 1355 2445 1431; x_wconf 77' lang='lat' dir='ltr'>credentium,</span> <span class='ocrx_word' id='word_1_61' title='bbox 2514 1355 2621 1436; x_wconf 89' lang='lat' dir='ltr'>qui</span> 
     </span>
     <span class='ocr_line' id='line_1_14' title="bbox 321 1461 2621 1546; baseline -0.001 -20"><span class='ocrx_word' id='word_1_62' title='bbox 321 1482 433 1546; x_wconf 90' lang='lat' dir='ltr'>per</span> <span class='ocrx_word' id='word_1_63' title='bbox 505 1462 618 1526; x_wconf 89' lang='lat' dir='ltr'>has</span> <span class='ocrx_word' id='word_1_64' title='bbox 694 1481 844 1525; x_wconf 89' lang='lat' dir='ltr'>aues</span> <span class='ocrx_word' id='word_1_65' title='bbox 922 1481 1076 1543; x_wconf 88' lang='lat' dir='ltr'>quas</span> <span class='ocrx_word' id='word_1_66' title='bbox 1154 1461 1680 1525; x_wconf 89' lang='lat' dir='ltr'>commemorauit</span> <span class='ocrx_word' id='word_1_67' title='bbox 1754 1461 2213 1544; x_wconf 86' lang='lat' dir='ltr'>significantur,</span> <span class='ocrx_word' id='word_1_68' title='bbox 2281 1481 2391 1543; x_wconf 90' lang='lat' dir='ltr'>per</span> <span class='ocrx_word' id='word_1_69' title='bbox 2454 1462 2621 1524; x_wconf 90' lang='lat' dir='ltr'>hunc</span> 
     </span>
     <span class='ocr_line' id='line_1_15' title="bbox 324 1567 2618 1650; baseline -0.001 -17"><span class='ocrx_word' id='word_1_70' title='bbox 324 1589 578 1634; x_wconf 88' lang='lat' dir='ltr'>uersum</span> <span class='ocrx_word' id='word_1_71' title='bbox 620 1567 1124 1650; x_wconf 86' lang='lat' dir='ltr'>intellegendum</span> <span class='ocrx_word' id='word_1_72' title='bbox 1173 1570 1289 1633; x_wconf 89' lang='lat' dir='ltr'>est.</span> <span class='ocrx_word' id='word_1_73' title='bbox 1342 1570 1418 1631; x_wconf 91' lang='lat' dir='ltr'>et</span> <span class='ocrx_word' id='word_1_74' title='bbox 1464 1567 1814 1649; x_wconf 90' lang='lat' dir='ltr'>reliquit</span> <span class='ocrx_word' id='word_1_75' title='bbox 1859 1567 1936 1630; x_wconf 92' lang='lat' dir='ltr'>in</span> <span class='ocrx_word' id='word_1_76' title='bbox 1984 1571 2202 1632; x_wconf 85' lang='lat' dir='ltr'>terra</span> <span class='ocrx_word' id='word_1_77' title='bbox 2250 1588 2398 1633; x_wconf 90' lang='lat' dir='ltr'>oua</span> <span class='ocrx_word' id='word_1_78' title='bbox 2445 1588 2618 1632; x_wconf 87' lang='lat' dir='ltr'>sua:</span> 
     </span>
     <span class='ocr_line' id='line_1_16' title="bbox 325 1673 2620 1756; baseline -0.001 -15"><span class='ocrx_word' id='word_1_79' title='bbox 325 1677 450 1741; x_wconf 90' lang='lat' dir='ltr'>iam</span> <span class='ocrx_word' id='word_1_80' title='bbox 504 1676 728 1756; x_wconf 88' lang='lat' dir='ltr'>incipit</span> <span class='ocrx_word' id='word_1_81' title='bbox 775 1675 849 1738; x_wconf 91' lang='lat' dir='ltr'>de</span> <span class='ocrx_word' id='word_1_82' title='bbox 900 1675 1256 1738; x_wconf 88' lang='lat' dir='ltr'>struthione</span> <span class='ocrx_word' id='word_1_83' title='bbox 1306 1675 1533 1750; x_wconf 78' lang='grc'><strong>(110010,</strong></span> <span class='ocrx_word' id='word_1_84' title='bbox 1585 1675 1648 1738; x_wconf 87' lang='lat' dir='ltr'>id</span> <span class='ocrx_word' id='word_1_85' title='bbox 1699 1677 1797 1737; x_wconf 91' lang='lat' dir='ltr'>est</span> <span class='ocrx_word' id='word_1_86' title='bbox 1844 1674 1918 1737; x_wconf 88' lang='lat' dir='ltr'>de</span> <span class='ocrx_word' id='word_1_87' title='bbox 1967 1673 2088 1751; x_wconf 89' lang='lat' dir='ltr'>his,</span> <span class='ocrx_word' id='word_1_88' title='bbox 2140 1694 2297 1755; x_wconf 91' lang='grc'><strong>(1303</strong></span> <span class='ocrx_word' id='word_1_89' title='bbox 2346 1694 2458 1756; x_wconf 85' lang='grc'><strong>1101</strong></span> <span class='ocrx_word' id='word_1_90' title='bbox 2501 1674 2620 1738; x_wconf 88' lang='grc'><strong>1100</strong></span> 
     </span>
     <span class='ocr_line' id='line_1_17' title="bbox 327 1779 2622 1865; baseline -0.001 -19"><span class='ocrx_word' id='word_1_91' title='bbox 327 1782 558 1846; x_wconf 88' lang='grc'><strong>3311331</strong></span> <span class='ocrx_word' id='word_1_92' title='bbox 617 1781 954 1865; x_wconf 83' lang='lat' dir='ltr'>significat.</span> <span class='ocrx_word' id='word_1_93' title='bbox 1006 1800 1126 1844; x_wconf 92' lang='lat' dir='ltr'>non</span> <span class='ocrx_word' id='word_1_94' title='bbox 1178 1781 1346 1844; x_wconf 90' lang='lat' dir='ltr'>enim</span> <span class='ocrx_word' id='word_1_95' title='bbox 1392 1779 1812 1844; x_wconf 86' lang='lat' dir='ltr'>miscerentur</span> <span class='ocrx_word' id='word_1_96' title='bbox 1855 1799 2094 1861; x_wconf 91' lang='lat' dir='ltr'>pennae</span> <span class='ocrx_word' id='word_1_97' title='bbox 2144 1800 2359 1845; x_wconf 88' lang='lat' dir='ltr'>eorum</span> <span class='ocrx_word' id='word_1_98' title='bbox 2410 1780 2622 1844; x_wconf 88' lang='lat' dir='ltr'>tardae</span> 
     </span>
     <span class='ocr_line' id='line_1_18' title="bbox 327 1887 2622 1971; baseline -0.001 -19"><span class='ocrx_word' id='word_1_99' title='bbox 327 1889 442 1953; x_wconf 85' lang='lat' dir='ltr'>alis</span> <span class='ocrx_word' id='word_1_100' title='bbox 490 1888 811 1952; x_wconf 89' lang='lat' dir='ltr'>uelocium</span> <span class='ocrx_word' id='word_1_101' title='bbox 861 1888 1077 1950; x_wconf 88' lang='lat' dir='ltr'>auium</span> <span class='ocrx_word' id='word_1_102' title='bbox 1126 1887 1204 1950; x_wconf 86' lang='lat' dir='ltr'>ad</span> <span class='ocrx_word' id='word_1_103' title='bbox 1252 1888 1489 1971; x_wconf 87' lang='lat' dir='ltr'>pariter</span> <span class='ocrx_word' id='word_1_104' title='bbox 1533 1887 1904 1965; x_wconf 87' lang='lat' dir='ltr'>uolandum,</span> <span class='ocrx_word' id='word_1_105' title='bbox 1956 1888 2081 1951; x_wconf 92' lang='lat' dir='ltr'>nisi</span> <span class='ocrx_word' id='word_1_106' title='bbox 2129 1907 2308 1969; x_wconf 90' lang='lat' dir='ltr'>spem</span> <span class='ocrx_word' id='word_1_107' title='bbox 2353 1887 2622 1968; x_wconf 84' lang='lat' dir='ltr'>priorem</span> 
     </span>
     <span class='ocr_line' id='line_1_19' title="bbox 324 1994 2623 2077; baseline -0.001 -18"><span class='ocrx_word' id='word_1_108' title='bbox 324 1995 388 2059; x_wconf 92' lang='lat' dir='ltr'>in</span> <span class='ocrx_word' id='word_1_109' title='bbox 426 1998 591 2059; x_wconf 88' lang='lat' dir='ltr'>terra</span> <span class='ocrx_word' id='word_1_110' title='bbox 628 1994 1072 2075; x_wconf 87' lang='lat' dir='ltr'>relinquerent,</span> <span class='ocrx_word' id='word_1_111' title='bbox 1114 2013 1301 2074; x_wconf 84' lang='lat' dir='ltr'>quam</span> <span class='ocrx_word' id='word_1_112' title='bbox 1340 2014 1453 2076; x_wconf 89' lang='lat' dir='ltr'>per</span> <span class='ocrx_word' id='word_1_113' title='bbox 1490 2013 1616 2058; x_wconf 90' lang='grc'>033</span> <span class='ocrx_word' id='word_1_114' title='bbox 1656 1994 1992 2077; x_wconf 87' lang='lat' dir='ltr'>significat.</span> <span class='ocrx_word' id='word_1_115' title='bbox 2037 1997 2113 2057; x_wconf 92' lang='lat' dir='ltr'>et</span> <span class='ocrx_word' id='word_1_116' title='bbox 2157 1995 2232 2057; x_wconf 91' lang='lat' dir='ltr'>in</span> <span class='ocrx_word' id='word_1_117' title='bbox 2282 1994 2623 2075; x_wconf 89' lang='lat' dir='ltr'>puluere</span> 
     </span>
     <span class='ocr_line' id='line_1_20' title="bbox 327 2099 2625 2183; baseline -0 -18"><span class='ocrx_word' id='word_1_118' title='bbox 327 2101 766 2165; x_wconf 88' lang='lat' dir='ltr'>calefiunt:</span> <span class='ocrx_word' id='word_1_119' title='bbox 817 2101 966 2183; x_wconf 87' lang='lat' dir='ltr'>quia</span> <span class='ocrx_word' id='word_1_120' title='bbox 1015 2099 1136 2164; x_wconf 90' lang='lat' dir='ltr'>etsi</span> <span class='ocrx_word' id='word_1_121' title='bbox 1181 2100 1247 2163; x_wconf 91' lang='lat' dir='ltr'>id</span> <span class='ocrx_word' id='word_1_122' title='bbox 1297 2100 1466 2182; x_wconf 90' lang='lat' dir='ltr'>quod</span> <span class='ocrx_word' id='word_1_123' title='bbox 1513 2101 1810 2182; x_wconf 87' lang='lat' dir='ltr'>sperabat</span> <span class='ocrx_word' id='word_1_124' title='bbox 1853 2101 1914 2164; x_wconf 92' lang='lat' dir='ltr'>in</span> <span class='ocrx_word' id='word_1_125' title='bbox 1958 2100 2213 2164; x_wconf 85' lang='lat' dir='ltr'>saeculo</span> <span class='ocrx_word' id='word_1_126' title='bbox 2255 2121 2372 2165; x_wconf 91' lang='lat' dir='ltr'>non</span> <span class='ocrx_word' id='word_1_127' title='bbox 2414 2101 2625 2164; x_wconf 85' lang='lat' dir='ltr'>adten-</span> 
     </span>
     <span class='ocr_line' id='line_1_21' title="bbox 329 2207 2623 2291; baseline 0 -19"><span class='ocrx_word' id='word_1_128' title='bbox 329 2208 511 2282; x_wconf 91' lang='lat' dir='ltr'>derit,</span> <span class='ocrx_word' id='word_1_129' title='bbox 578 2207 949 2289; x_wconf 86' lang='lat' dir='ltr'>plerumque</span> <span class='ocrx_word' id='word_1_130' title='bbox 1016 2208 1380 2271; x_wconf 85' lang='lat' dir='ltr'>fauentibus</span> <span class='ocrx_word' id='word_1_131' title='bbox 1448 2208 1835 2272; x_wconf 88' lang='lat' dir='ltr'>amatoribus</span> <span class='ocrx_word' id='word_1_132' title='bbox 1894 2208 2152 2284; x_wconf 84' lang='lat' dir='ltr'>saeculi,</span> <span class='ocrx_word' id='word_1_133' title='bbox 2212 2209 2317 2289; x_wconf 91' lang='lat' dir='ltr'>qui</span> <span class='ocrx_word' id='word_1_134' title='bbox 2376 2209 2623 2291; x_wconf 87' lang='lat' dir='ltr'>pulueri</span> 
     </span>
     <span class='ocr_line' id='line_1_22' title="bbox 331 2313 2627 2397; baseline -0.001 -18"><span class='ocrx_word' id='word_1_135' title='bbox 331 2316 797 2397; x_wconf 84' lang='lat' dir='ltr'>comparantur,</span> <span class='ocrx_word' id='word_1_136' title='bbox 838 2314 1151 2395; x_wconf 90' lang='lat' dir='ltr'>prouenit.</span> <span class='ocrx_word' id='word_1_137' title='bbox 1195 2317 1272 2377; x_wconf 89' lang='lat' dir='ltr'>et</span> <span class='ocrx_word' id='word_1_138' title='bbox 1311 2313 1571 2378; x_wconf 88' lang='lat' dir='ltr'>oblita</span> <span class='ocrx_word' id='word_1_139' title='bbox 1611 2318 1737 2377; x_wconf 90' lang='lat' dir='ltr'>est</span> <span class='ocrx_word' id='word_1_140' title='bbox 1784 2314 1965 2396; x_wconf 89' lang='lat' dir='ltr'>quia</span> <span class='ocrx_word' id='word_1_141' title='bbox 2015 2333 2150 2396; x_wconf 88' lang='lat' dir='ltr'>pes</span> <span class='ocrx_word' id='word_1_142' title='bbox 2201 2314 2627 2397; x_wconf 86' lang='lat' dir='ltr'>disperdet</span> 
     </span>
     <span class='ocr_line' id='line_1_23' title="bbox 330 2420 2627 2504; baseline -0.001 -18"><span class='ocrx_word' id='word_1_143' title='bbox 330 2441 416 2486; x_wconf 88' lang='grc'>03</span> <span class='ocrx_word' id='word_1_144' title='bbox 486 2423 562 2483; x_wconf 88' lang='grc'>01</span> <span class='ocrx_word' id='word_1_145' title='bbox 616 2420 889 2484; x_wconf 82' lang='grc'><strong>1103113</strong></span> <span class='ocrx_word' id='word_1_146' title='bbox 947 2421 1123 2504; x_wconf 87' lang='lat' dir='ltr'>agri</span> <span class='ocrx_word' id='word_1_147' title='bbox 1181 2421 1717 2485; x_wconf 87' lang='lat' dir='ltr'>conculcabit</span> <span class='ocrx_word' id='word_1_148' title='bbox 1774 2441 1891 2485; x_wconf 88' lang='lat' dir='ltr'>ea:</span> <span class='ocrx_word' id='word_1_149' title='bbox 1953 2420 2186 2504; x_wconf 88' lang='lat' dir='ltr'>quodsi</span> <span class='ocrx_word' id='word_1_150' title='bbox 2250 2425 2313 2484; x_wconf 88' lang='lat' dir='ltr'>et</span> <span class='ocrx_word' id='word_1_151' title='bbox 2360 2420 2627 2484; x_wconf 88' lang='lat' dir='ltr'>aduersa</span> 
     </span>
     <span class='ocr_line' id='line_1_24' title="bbox 330 2527 2628 2610; baseline -0 -18"><span class='ocrx_word' id='word_1_152' title='bbox 330 2528 707 2609; x_wconf 88' lang='lat' dir='ltr'>cuiusquam</span> <span class='ocrx_word' id='word_1_153' title='bbox 774 2527 1093 2610; x_wconf 85' lang='lat' dir='ltr'>cupiditas</span> <span class='ocrx_word' id='word_1_154' title='bbox 1161 2532 1225 2591; x_wconf 92' lang='lat' dir='ltr'>et</span> <span class='ocrx_word' id='word_1_155' title='bbox 1290 2528 1492 2609; x_wconf 92' lang='lat' dir='ltr'>iniqui</span> <span class='ocrx_word' id='word_1_156' title='bbox 1557 2528 1750 2592; x_wconf 90' lang='lat' dir='ltr'>buius</span> <span class='ocrx_word' id='word_1_157' title='bbox 1825 2528 2046 2592; x_wconf 87' lang='lat' dir='ltr'>mundi</span> <span class='ocrx_word' id='word_1_158' title='bbox 2120 2528 2490 2610; x_wconf 88' lang='lat' dir='ltr'>perturbent</span> <span class='ocrx_word' id='word_1_159' title='bbox 2563 2531 2628 2591; x_wconf 90' lang='lat' dir='ltr'>et</span> 
     </span>
     <span class='ocr_line' id='line_1_25' title="bbox 332 2634 2629 2717; baseline -0 -19"><span class='ocrx_word' id='word_1_160' title='bbox 332 2635 622 2699; x_wconf 86' lang='lat' dir='ltr'>obterant</span> <span class='ocrx_word' id='word_1_161' title='bbox 678 2653 854 2717; x_wconf 90' lang='lat' dir='ltr'>spem</span> <span class='ocrx_word' id='word_1_162' title='bbox 914 2635 1052 2698; x_wconf 90' lang='lat' dir='ltr'>eius</span> <span class='ocrx_word' id='word_1_163' title='bbox 1111 2635 1325 2709; x_wconf 87' lang='lat' dir='ltr'>talem,</span> <span class='ocrx_word' id='word_1_164' title='bbox 1384 2637 1712 2716; x_wconf 88' lang='lat' dir='ltr'>tamquam</span> <span class='ocrx_word' id='word_1_165' title='bbox 1763 2652 1882 2698; x_wconf 86' lang='lat' dir='ltr'>oua</span> <span class='ocrx_word' id='word_1_166' title='bbox 1932 2635 2070 2698; x_wconf 91' lang='lat' dir='ltr'>eius</span> <span class='ocrx_word' id='word_1_167' title='bbox 2123 2654 2282 2716; x_wconf 90' lang='lat' dir='ltr'>quae</span> <span class='ocrx_word' id='word_1_168' title='bbox 2327 2634 2629 2715; x_wconf 87' lang='lat' dir='ltr'>relinquit</span> 
     </span>
     <span class='ocr_line' id='line_1_26' title="bbox 329 2741 2624 2823; baseline 0 -19"><span class='ocrx_word' id='word_1_169' title='bbox 329 2741 390 2804; x_wconf 92' lang='lat' dir='ltr'>in</span> <span class='ocrx_word' id='word_1_170' title='bbox 467 2745 652 2818; x_wconf 87' lang='lat' dir='ltr'>terra,</span> <span class='ocrx_word' id='word_1_171' title='bbox 729 2742 819 2804; x_wconf 86' lang='lat' dir='ltr'>ita</span> <span class='ocrx_word' id='word_1_172' title='bbox 890 2760 1011 2804; x_wconf 92' lang='lat' dir='ltr'>non</span> <span class='ocrx_word' id='word_1_173' title='bbox 1090 2744 1288 2817; x_wconf 89' lang='lat' dir='ltr'>curat,</span> <span class='ocrx_word' id='word_1_174' title='bbox 1364 2745 1438 2805; x_wconf 90' lang='lat' dir='ltr'>ut</span> <span class='ocrx_word' id='word_1_175' title='bbox 1510 2744 1837 2823; x_wconf 87' lang='lat' dir='ltr'>tamquam</span> <span class='ocrx_word' id='word_1_176' title='bbox 1912 2741 2110 2805; x_wconf 88' lang='lat' dir='ltr'>oblita</span> <span class='ocrx_word' id='word_1_177' title='bbox 2184 2761 2304 2805; x_wconf 91' lang='lat' dir='ltr'>non</span> <span class='ocrx_word' id='word_1_178' title='bbox 2372 2741 2624 2805; x_wconf 86' lang='lat' dir='ltr'>sentiat.</span> 
     </span>
     <span class='ocr_line' id='line_1_27' title="bbox 340 2847 2628 2925; baseline -0 -14"><span class='ocrx_word' id='word_1_179' title='bbox 340 2847 734 2912; x_wconf 88' lang='lat' dir='ltr'>obduruit</span> <span class='ocrx_word' id='word_1_180' title='bbox 801 2851 1081 2912; x_wconf 90' lang='lat' dir='ltr'>contra</span> <span class='ocrx_word' id='word_1_181' title='bbox 1145 2849 1382 2913; x_wconf 83' lang='lat' dir='ltr'>filios</span> <span class='ocrx_word' id='word_1_182' title='bbox 1452 2868 1675 2925; x_wconf 89' lang='grc'><strong>3303,</strong></span> <span class='ocrx_word' id='word_1_183' title='bbox 1735 2868 1823 2911; x_wconf 91' lang='grc'>30</span> <span class='ocrx_word' id='word_1_184' title='bbox 1882 2847 2049 2913; x_wconf 85' lang='lat' dir='ltr'>sint</span> <span class='ocrx_word' id='word_1_185' title='bbox 2108 2848 2320 2912; x_wconf 86' lang='lat' dir='ltr'>eius:</span> <span class='ocrx_word' id='word_1_186' title='bbox 2379 2847 2628 2911; x_wconf 88' lang='lat' dir='ltr'>etiamsi</span> 
     </span>
     <span class='ocr_line' id='line_1_28' title="bbox 338 2954 2626 3037; baseline -0 -19"><span class='ocrx_word' id='word_1_187' title='bbox 338 2954 463 3018; x_wconf 90' lang='lat' dir='ltr'>iam</span> <span class='ocrx_word' id='word_1_188' title='bbox 511 2973 629 3019; x_wconf 93' lang='lat' dir='ltr'>non</span> <span class='ocrx_word' id='word_1_189' title='bbox 683 2973 826 3037; x_wconf 90' lang='lat' dir='ltr'>spes</span> <span class='ocrx_word' id='word_1_190' title='bbox 876 2955 961 3018; x_wconf 92' lang='lat' dir='ltr'>sit</span> <span class='ocrx_word' id='word_1_191' title='bbox 1008 2955 1177 3018; x_wconf 92' lang='lat' dir='ltr'>sicut</span> <span class='ocrx_word' id='word_1_192' title='bbox 1224 2973 1365 3032; x_wconf 90' lang='lat' dir='ltr'>oua,</span> <span class='ocrx_word' id='word_1_193' title='bbox 1416 2955 1527 3019; x_wconf 88' lang='lat' dir='ltr'>sed</span> <span class='ocrx_word' id='word_1_194' title='bbox 1575 2975 1674 3018; x_wconf 92' lang='lat' dir='ltr'>res</span> <span class='ocrx_word' id='word_1_195' title='bbox 1719 2955 1879 3037; x_wconf 81' lang='lat' dir='ltr'>ipsa,</span> <span class='ocrx_word' id='word_1_196' title='bbox 1930 2955 2257 3019; x_wconf 80' lang='lat' dir='ltr'>sicutfilii</span> <span class='ocrx_word' id='word_1_197' title='bbox 2301 2955 2428 3018; x_wconf 91' lang='lat' dir='ltr'>iam</span> <span class='ocrx_word' id='word_1_198' title='bbox 2476 2954 2626 3030; x_wconf 84' lang='lat' dir='ltr'>nati,</span> 
     </span>
     <span class='ocr_line' id='line_1_29' title="bbox 337 3060 2626 3143; baseline -0 -20"><span class='ocrx_word' id='word_1_199' title='bbox 337 3060 458 3124; x_wconf 90' lang='lat' dir='ltr'>hoc</span> <span class='ocrx_word' id='word_1_200' title='bbox 524 3063 624 3124; x_wconf 90' lang='lat' dir='ltr'>est</span> <span class='ocrx_word' id='word_1_201' title='bbox 685 3060 960 3125; x_wconf 82' lang='lat' dir='ltr'>felicitas</span> <span class='ocrx_word' id='word_1_202' title='bbox 1026 3062 1413 3143; x_wconf 87' lang='lat' dir='ltr'>temporalis,</span> <span class='ocrx_word' id='word_1_203' title='bbox 1481 3061 1730 3125; x_wconf 86' lang='lat' dir='ltr'>fortiter</span> <span class='ocrx_word' id='word_1_204' title='bbox 1793 3062 2143 3125; x_wconf 90' lang='lat' dir='ltr'>contemnit</span> <span class='ocrx_word' id='word_1_205' title='bbox 2205 3061 2423 3125; x_wconf 89' lang='lat' dir='ltr'>nolens</span> <span class='ocrx_word' id='word_1_206' title='bbox 2489 3079 2626 3123; x_wconf 90' lang='lat' dir='ltr'>eam</span> 
     </span>
     <span class='ocr_line' id='line_1_30' title="bbox 338 3167 2629 3249; baseline -0 -19"><span class='ocrx_word' id='word_1_207' title='bbox 338 3186 517 3230; x_wconf 87' lang='lat' dir='ltr'>suam</span> <span class='ocrx_word' id='word_1_208' title='bbox 577 3187 717 3231; x_wconf 88' lang='lat' dir='ltr'>esse</span> <span class='ocrx_word' id='word_1_209' title='bbox 775 3168 1168 3244; x_wconf 85' lang='lat' dir='ltr'>felicitatem,</span> <span class='ocrx_word' id='word_1_210' title='bbox 1228 3169 1379 3249; x_wconf 86' lang='lat' dir='ltr'>quia</span> <span class='ocrx_word' id='word_1_211' title='bbox 1434 3168 1611 3232; x_wconf 88' lang='lat' dir='ltr'>illam</span> <span class='ocrx_word' id='word_1_212' title='bbox 1671 3187 1883 3232; x_wconf 85' lang='lat' dir='ltr'>ueram</span> <span class='ocrx_word' id='word_1_213' title='bbox 1935 3167 2268 3233; x_wconf 90' lang='lat' dir='ltr'>desiderat.</span> <span class='ocrx_word' id='word_1_214' title='bbox 2317 3167 2629 3231; x_wconf 85' lang='lat' dir='ltr'>frustra</span> 
     </span>
     <span class='ocr_line' id='line_1_31' title="bbox 336 3273 2625 3356; baseline 0 -19"><span class='ocrx_word' id='word_1_215' title='bbox 336 3273 754 3338; x_wconf 88' lang='lat' dir='ltr'>laborauit</span> <span class='ocrx_word' id='word_1_216' title='bbox 788 3273 1093 3355; x_wconf 89' lang='lat' dir='ltr'>absque</span> <span class='ocrx_word' id='word_1_217' title='bbox 1125 3273 1295 3338; x_wconf 93' lang='lat' dir='ltr'>ullo</span> <span class='ocrx_word' id='word_1_218' title='bbox 1328 3274 1655 3337; x_wconf 85' lang='lat' dir='ltr'>timore:</span> <span class='ocrx_word' id='word_1_219' title='bbox 1688 3274 1807 3338; x_wconf 92' lang='lat' dir='ltr'>hoc</span> <span class='ocrx_word' id='word_1_220' title='bbox 1841 3278 2176 3356; x_wconf 88' lang='lat' dir='ltr'>antequam</span> <span class='ocrx_word' id='word_1_221' title='bbox 2198 3276 2625 3348; x_wconf 84' lang='lat' dir='ltr'>conuertatm·;</span> 
     </span>
     <span class='ocr_line' id='line_1_32' title="bbox 332 3379 2629 3462; baseline 0 -20"><span class='ocrx_word' id='word_1_222' title='bbox 332 3379 582 3443; x_wconf 87' lang='lat' dir='ltr'>laborat</span> <span class='ocrx_word' id='word_1_223' title='bbox 627 3379 792 3443; x_wconf 90' lang='lat' dir='ltr'>enim</span> <span class='ocrx_word' id='word_1_224' title='bbox 842 3398 951 3461; x_wconf 90' lang='lat' dir='ltr'>spe</span> <span class='ocrx_word' id='word_1_225' title='bbox 1001 3380 1241 3443; x_wconf 89' lang='lat' dir='ltr'>saeculi</span> <span class='ocrx_word' id='word_1_226' title='bbox 1290 3380 1426 3443; x_wconf 87' lang='lat' dir='ltr'>sine</span> <span class='ocrx_word' id='word_1_227' title='bbox 1473 3379 1685 3443; x_wconf 88' lang='lat' dir='ltr'>fructu</span> <span class='ocrx_word' id='word_1_228' title='bbox 1735 3384 1818 3456; x_wconf 90' lang='lat' dir='ltr'>et,</span> <span class='ocrx_word' id='word_1_229' title='bbox 1859 3380 2030 3461; x_wconf 91' lang='lat' dir='ltr'>quod</span> <span class='ocrx_word' id='word_1_230' title='bbox 2070 3383 2171 3444; x_wconf 90' lang='lat' dir='ltr'>est</span> <span class='ocrx_word' id='word_1_231' title='bbox 2203 3380 2629 3462; x_wconf 75' lang='lat' dir='ltr'>insipientiuS,</span> 
     </span>
     <span class='ocr_line' id='line_1_33' title="bbox 337 3484 2630 3568; baseline 0 -20"><span class='ocrx_word' id='word_1_232' title='bbox 337 3487 469 3549; x_wconf 89' lang='lat' dir='ltr'>sine</span> <span class='ocrx_word' id='word_1_233' title='bbox 536 3486 666 3549; x_wconf 91' lang='lat' dir='ltr'>ullo</span> <span class='ocrx_word' id='word_1_234' title='bbox 733 3486 981 3562; x_wconf 86' lang='lat' dir='ltr'>timore,</span> <span class='ocrx_word' id='word_1_235' title='bbox 1051 3484 1202 3549; x_wconf 91' lang='lat' dir='ltr'>dum</span> <span class='ocrx_word' id='word_1_236' title='bbox 1265 3486 1617 3568; x_wconf 88' lang='lat' dir='ltr'>praesumit</span> <span class='ocrx_word' id='word_1_237' title='bbox 1691 3486 1753 3550; x_wconf 93' lang='lat' dir='ltr'>in</span> <span class='ocrx_word' id='word_1_238' title='bbox 1827 3486 2015 3550; x_wconf 90' lang='lat' dir='ltr'>rebus</span> <span class='ocrx_word' id='word_1_239' title='bbox 2088 3486 2366 3550; x_wconf 76' lang='grc'><strong>13001113.</strong></span> <span class='ocrx_word' id='word_1_240' title='bbox 2444 3486 2630 3566; x_wconf 87' lang='grc'><strong>(1313</strong></span> 
     </span>
    </p>
   </div>
   <div class='ocr_carea' id='block_1_8' title="bbox 335 3692 2627 3935">
    <p class='ocr_par' dir='ltr' id='par_1_8' title="bbox 335 3692 2627 3935">
     <span class='ocr_line' id='line_1_34' title="bbox 517 3692 2627 3756; baseline -0.001 -8"><span class='ocrx_word' id='word_1_241' title='bbox 517 3696 540 3748; x_wconf 98' lang='grc'>1</span> <span class='ocrx_word' id='word_1_242' title='bbox 586 3694 648 3748; x_wconf 83' lang='lat' dir='ltr'>cf.</span> <span class='ocrx_word' id='word_1_243' title='bbox 690 3693 744 3747; x_wconf 94' lang='lat'>11</span> <span class='ocrx_word' id='word_1_244' title='bbox 784 3692 903 3749; x_wconf 88' lang='lat' dir='ltr'>Cor.</span> <span class='ocrx_word' id='word_1_245' title='bbox 948 3695 1029 3755; x_wconf 88' lang='lat'>10,</span> <span class='ocrx_word' id='word_1_246' title='bbox 1068 3695 1100 3747; x_wconf 88' lang='lat'>5</span> <span class='ocrx_word' id='word_1_247' title='bbox 1246 3694 1277 3747; x_wconf 91' lang='lat'><strong>3</strong></span> <span class='ocrx_word' id='word_1_248' title='bbox 1315 3692 1413 3746; x_wconf 93' lang='lat' dir='ltr'>Iob</span> <span class='ocrx_word' id='word_1_249' title='bbox 1453 3694 1540 3756; x_wconf 88' lang='lat'>39,</span> <span class='ocrx_word' id='word_1_250' title='bbox 1583 3692 1647 3746; x_wconf 89' lang='lat'>13</span> <span class='ocrx_word' id='word_1_251' title='bbox 1769 3694 1800 3747; x_wconf 88' lang='lat'>6</span> <span class='ocrx_word' id='word_1_252' title='bbox 1841 3693 1908 3746; x_wconf 81' lang='lat' dir='ltr'>cf.</span> <span class='ocrx_word' id='word_1_253' title='bbox 1946 3692 1973 3745; x_wconf 95' lang='lat'>1</span> <span class='ocrx_word' id='word_1_254' title='bbox 2013 3692 2131 3747; x_wconf 91' lang='lat' dir='ltr'>Cor.</span> <span class='ocrx_word' id='word_1_255' title='bbox 2176 3695 2220 3755; x_wconf 89' lang='lat'>1,</span> <span class='ocrx_word' id='word_1_256' title='bbox 2262 3694 2328 3747; x_wconf 77' lang='lat'>‘27</span> <span class='ocrx_word' id='word_1_257' title='bbox 2461 3694 2492 3745; x_wconf 88' lang='lat'>9</span> <span class='ocrx_word' id='word_1_258' title='bbox 2530 3692 2627 3746; x_wconf 89' lang='lat' dir='ltr'>Iob</span> 
     </span>
     <span class='ocr_line' id='line_1_35' title="bbox 335 3781 2627 3848; baseline -0.001 -11"><span class='ocrx_word' id='word_1_259' title='bbox 335 3784 421 3848; x_wconf 89' lang='lat'>39,</span> <span class='ocrx_word' id='word_1_260' title='bbox 463 3784 529 3837; x_wconf 85' lang='lat'>14</span> <span class='ocrx_word' id='word_1_261' title='bbox 677 3784 742 3836; x_wconf 90' lang='lat'>13</span> <span class='ocrx_word' id='word_1_262' title='bbox 780 3781 878 3835; x_wconf 88' lang='lat' dir='ltr'>Iob</span> <span class='ocrx_word' id='word_1_263' title='bbox 919 3783 1005 3847; x_wconf 84' lang='lat'>39,</span> <span class='ocrx_word' id='word_1_264' title='bbox 1048 3784 1113 3835; x_wconf 88' lang='lat'>14</span> <span class='ocrx_word' id='word_1_265' title='bbox 1263 3783 1326 3835; x_wconf 92' lang='grc'>16</span> <span class='ocrx_word' id='word_1_266' title='bbox 1365 3782 1462 3835; x_wconf 94' lang='lat' dir='ltr'>Iob</span> <span class='ocrx_word' id='word_1_267' title='bbox 1502 3781 1588 3845; x_wconf 84' lang='lat'>39,</span> <span class='ocrx_word' id='word_1_268' title='bbox 1632 3782 1695 3833; x_wconf 88' lang='grc'>15</span> <span class='ocrx_word' id='word_1_269' title='bbox 1843 3783 1905 3835; x_wconf 88' lang='grc'>21</span> <span class='ocrx_word' id='word_1_270' title='bbox 1948 3782 2047 3835; x_wconf 89' lang='lat' dir='ltr'>Iob</span> <span class='ocrx_word' id='word_1_271' title='bbox 2086 3783 2171 3846; x_wconf 84' lang='lat'>39,</span> <span class='ocrx_word' id='word_1_272' title='bbox 2215 3782 2280 3835; x_wconf 88' lang='lat'>16</span> <span class='ocrx_word' id='word_1_273' title='bbox 2425 3783 2494 3835; x_wconf 89' lang='grc'>24</span> <span class='ocrx_word' id='word_1_274' title='bbox 2530 3781 2627 3835; x_wconf 90' lang='lat' dir='ltr'>Iob</span> 
     </span>
     <span class='ocr_line' id='line_1_36' title="bbox 335 3870 1075 3935; baseline -0.001 -10"><span class='ocrx_word' id='word_1_275' title='bbox 335 3872 421 3935; x_wconf 85' lang='lat'>39,</span> <span class='ocrx_word' id='word_1_276' title='bbox 464 3871 528 3924; x_wconf 87' lang='grc'>16</span> <span class='ocrx_word' id='word_1_277' title='bbox 638 3870 706 3923; x_wconf 88' lang='grc'>27</span> <span class='ocrx_word' id='word_1_278' title='bbox 745 3870 842 3923; x_wconf 92' lang='lat' dir='ltr'>Iob</span> <span class='ocrx_word' id='word_1_279' title='bbox 883 3871 967 3931; x_wconf 87' lang='lat'>39,</span> <span class='ocrx_word' id='word_1_280' title='bbox 1012 3872 1075 3924; x_wconf 84' lang='lat'>17</span> 
     </span>
    </p>
   </div>
   <div class='ocr_carea' id='block_1_9' title="bbox 334 3992 2637 4507">
    <p class='ocr_par' dir='ltr' id='par_1_9' title="bbox 334 3992 2637 4507">
     <span class='ocr_line' id='line_1_37' title="bbox 406 3992 2631 4064; baseline -0.001 -16"><span class='ocrx_word' id='word_1_281' title='bbox 406 3996 438 4048; x_wconf 90' lang='grc'>2</span> <span class='ocrx_word' id='word_1_282' title='bbox 479 3996 554 4064; x_wconf 83' lang='grc'>01]</span> <span class='ocrx_word' id='word_1_283' title='bbox 592 3994 650 4047; x_wconf 91' lang='lat' dir='ltr'>id</span> <span class='ocrx_word' id='word_1_284' title='bbox 689 3998 772 4047; x_wconf 88' lang='lat' dir='ltr'>est</span> <span class='ocrx_word' id='word_1_285' title='bbox 803 3994 846 4047; x_wconf 88' lang='lat' dir='ltr'><strong><em>C</em></strong></span> <span class='ocrx_word' id='word_1_286' title='bbox 918 3994 949 4047; x_wconf 88' lang='lat'><strong>3</strong></span> <span class='ocrx_word' id='word_1_287' title='bbox 988 3995 1317 4047; x_wconf 82' lang='lat' dir='ltr'>strutionum</span> <span class='ocrx_word' id='word_1_288' title='bbox 1362 3994 1412 4047; x_wconf 88' lang='lat' dir='ltr'><strong><em>T</em></strong></span> <span class='ocrx_word' id='word_1_289' title='bbox 1446 3994 1779 4048; x_wconf 89' lang='lat' dir='ltr'>strucionum</span> <span class='ocrx_word' id='word_1_290' title='bbox 1819 3994 1873 4046; x_wconf 93' lang='lat' dir='ltr'><em>P</em></span> <span class='ocrx_word' id='word_1_291' title='bbox 1908 3994 2263 4047; x_wconf 85' lang='lat' dir='ltr'>structionum</span> <span class='ocrx_word' id='word_1_292' title='bbox 2309 3994 2356 4047; x_wconf 80' lang='lat' dir='ltr'><em>C</em></span> <span class='ocrx_word' id='word_1_293' title='bbox 2422 3996 2454 4047; x_wconf 84' lang='lat'>5</span> <span class='ocrx_word' id='word_1_294' title='bbox 2486 3992 2631 4061; x_wconf 90' lang='lat' dir='ltr'>quod</span> 
     </span>
     <span class='ocr_line' id='line_1_38' title="bbox 345 4082 2629 4153; baseline -0.001 -17"><span class='ocrx_word' id='word_1_295' title='bbox 345 4083 396 4136; x_wconf 87' lang='lat' dir='ltr'><em>T</em></span> <span class='ocrx_word' id='word_1_296' title='bbox 427 4084 519 4153; x_wconf 90' lang='lat' dir='ltr'>qui</span> <span class='ocrx_word' id='word_1_297' title='bbox 564 4083 611 4137; x_wconf 83' lang='lat'><em>0</em></span> <span class='ocrx_word' id='word_1_298' title='bbox 750 4084 1042 4136; x_wconf 82' lang='lat' dir='ltr'>strutiones</span> <span class='ocrx_word' id='word_1_299' title='bbox 1092 4083 1193 4136; x_wconf 88' lang='grc' dir='ltr'>ΤΡ</span> <span class='ocrx_word' id='word_1_300' title='bbox 1229 4083 1555 4137; x_wconf 85' lang='lat' dir='ltr'>structiones</span> <span class='ocrx_word' id='word_1_301' title='bbox 1601 4082 1648 4136; x_wconf 81' lang='lat' dir='ltr'><strong><em>C</em></strong></span> <span class='ocrx_word' id='word_1_302' title='bbox 1734 4084 1767 4137; x_wconf 87' lang='grc'>8</span> <span class='ocrx_word' id='word_1_303' title='bbox 1804 4083 1924 4152; x_wconf 86' lang='lat' dir='ltr'>has]</span> <span class='ocrx_word' id='word_1_304' title='bbox 1967 4084 2100 4136; x_wconf 89' lang='lat' dir='ltr'>alias</span> <span class='ocrx_word' id='word_1_305' title='bbox 2139 4083 2213 4137; x_wconf 78' lang='lat' dir='ltr'>bd</span> <span class='ocrx_word' id='word_1_306' title='bbox 2301 4083 2332 4135; x_wconf 88' lang='lat'>9</span> <span class='ocrx_word' id='word_1_307' title='bbox 2371 4082 2629 4151; x_wconf 85' lang='lat' dir='ltr'>relinquit</span> 
     </span>
     <span class='ocr_line' id='line_1_39' title="bbox 334 4170 2629 4242; baseline -0.001 -17"><span class='ocrx_word' id='word_1_308' title='bbox 334 4171 478 4226; x_wconf 82' lang='lat' dir='ltr'>Hier</span> <span class='ocrx_word' id='word_1_309' title='bbox 588 4172 655 4225; x_wconf 87' lang='lat'>10</span> <span class='ocrx_word' id='word_1_310' title='bbox 694 4171 758 4224; x_wconf 88' lang='lat' dir='ltr'>de</span> <span class='ocrx_word' id='word_1_311' title='bbox 798 4172 1106 4225; x_wconf 82' lang='lat' dir='ltr'>struthione</span> <span class='ocrx_word' id='word_1_312' title='bbox 1147 4188 1249 4225; x_wconf 86' lang='lat' dir='ltr'>om.</span> <span class='ocrx_word' id='word_1_313' title='bbox 1294 4171 1339 4224; x_wconf 87' lang='lat' dir='ltr'><em>C</em></span> <span class='ocrx_word' id='word_1_314' title='bbox 1469 4172 1533 4225; x_wconf 88' lang='lat'>16</span> <span class='ocrx_word' id='word_1_315' title='bbox 1575 4173 1650 4241; x_wconf 89' lang='lat' dir='ltr'>et]</span> <span class='ocrx_word' id='word_1_316' title='bbox 1692 4176 1755 4225; x_wconf 91' lang='lat' dir='ltr'>ut</span> <span class='ocrx_word' id='word_1_317' title='bbox 1791 4171 1934 4225; x_wconf 82' lang='lat' dir='ltr'>Hier</span> <span class='ocrx_word' id='word_1_318' title='bbox 2077 4172 2341 4242; x_wconf 87' lang='lat' dir='ltr'>disperdit</span> <span class='ocrx_word' id='word_1_319' title='bbox 2386 4170 2486 4224; x_wconf 86' lang='grc' dir='ltr'>ΤΡ</span> <span class='ocrx_word' id='word_1_320' title='bbox 2520 4171 2629 4223; x_wconf 90' lang='lat' dir='ltr'>dis·</span> 
     </span>
     <span class='ocr_line' id='line_1_40' title="bbox 334 4256 2630 4330; baseline -0.001 -17"><span class='ocrx_word' id='word_1_321' title='bbox 334 4260 574 4330; x_wconf 87' lang='lat' dir='ltr'>perdidit</span> <span class='ocrx_word' id='word_1_322' title='bbox 618 4261 692 4313; x_wconf 89' lang='lat' dir='ltr'>Cb</span> <span class='ocrx_word' id='word_1_323' title='bbox 733 4260 998 4330; x_wconf 84' lang='lat' dir='ltr'>dispergit</span> <span class='ocrx_word' id='word_1_324' title='bbox 1036 4260 1178 4314; x_wconf 78' lang='lat' dir='ltr'>Hier</span> <span class='ocrx_word' id='word_1_325' title='bbox 1361 4261 1423 4312; x_wconf 85' lang='lat'>17</span> <span class='ocrx_word' id='word_1_326' title='bbox 1463 4258 1673 4314; x_wconf 86' lang='lat' dir='ltr'>bestiae</span> <span class='ocrx_word' id='word_1_327' title='bbox 1713 4260 1855 4313; x_wconf 80' lang='lat' dir='ltr'>Hier</span> <span class='ocrx_word' id='word_1_328' title='bbox 2063 4260 2403 4314; x_wconf 87' lang='lat' dir='ltr'>conculcauit</span> <span class='ocrx_word' id='word_1_329' title='bbox 2449 4256 2630 4312; x_wconf 87' lang='lat' dir='ltr'>TPC&#39;b</span> 
     </span>
     <span class='ocr_line' id='line_1_41' title="bbox 336 4348 2635 4403; baseline 0 -2"><span class='ocrx_word' id='word_1_330' title='bbox 336 4349 729 4402; x_wconf 84' lang='lat' dir='ltr'>conculcabunt</span> <span class='ocrx_word' id='word_1_331' title='bbox 765 4349 907 4403; x_wconf 78' lang='lat' dir='ltr'>Hier</span> <span class='ocrx_word' id='word_1_332' title='bbox 1091 4350 1154 4401; x_wconf 87' lang='grc'>19</span> <span class='ocrx_word' id='word_1_333' title='bbox 1196 4349 1309 4400; x_wconf 88' lang='lat' dir='ltr'>eius</span> <span class='ocrx_word' id='word_1_334' title='bbox 1350 4366 1452 4401; x_wconf 89' lang='lat' dir='ltr'>oua</span> <span class='ocrx_word' id='word_1_335' title='bbox 1488 4350 1545 4401; x_wconf 87' lang='lat' dir='ltr'><em>P</em></span> <span class='ocrx_word' id='word_1_336' title='bbox 1704 4350 1771 4403; x_wconf 83' lang='lat'>20</span> <span class='ocrx_word' id='word_1_337' title='bbox 1809 4352 2006 4402; x_wconf 88' lang='lat' dir='ltr'>terram</span> <span class='ocrx_word' id='word_1_338' title='bbox 2053 4350 2205 4402; x_wconf 86' lang='lat' dir='ltr'>TPC</span> <span class='ocrx_word' id='word_1_339' title='bbox 2345 4352 2407 4401; x_wconf 89' lang='lat' dir='ltr'>ut</span> <span class='ocrx_word' id='word_1_340' title='bbox 2442 4365 2544 4402; x_wconf 89' lang='lat' dir='ltr'>om.</span> <span class='ocrx_word' id='word_1_341' title='bbox 2590 4348 2635 4401; x_wconf 87' lang='lat' dir='ltr'><strong><em>C</em></strong></span> 
     </span>
     <span class='ocr_line' id='line_1_42' title="bbox 336 4436 2637 4507; baseline -0.001 -16"><span class='ocrx_word' id='word_1_342' title='bbox 336 4438 406 4491; x_wconf 89' lang='grc'>22</span> <span class='ocrx_word' id='word_1_343' title='bbox 441 4437 535 4507; x_wconf 84' lang='lat' dir='ltr'>sit]</span> <span class='ocrx_word' id='word_1_344' title='bbox 576 4436 671 4491; x_wconf 81' lang='lat' dir='ltr'>sed</span> <span class='ocrx_word' id='word_1_345' title='bbox 715 4439 760 4492; x_wconf 88' lang='lat' dir='ltr'>C&#39;</span> <span class='ocrx_word' id='word_1_346' title='bbox 900 4439 967 4491; x_wconf 84' lang='grc'>23</span> <span class='ocrx_word' id='word_1_347' title='bbox 1008 4454 1124 4490; x_wconf 84' lang='grc'><strong>0313</strong></span> <span class='ocrx_word' id='word_1_348' title='bbox 1165 4438 1463 4490; x_wconf 86' lang='lat' dir='ltr'>contemnit</span> <span class='ocrx_word' id='word_1_349' title='bbox 1499 4438 1557 4490; x_wconf 92' lang='lat' dir='ltr'><em>P</em></span> <span class='ocrx_word' id='word_1_350' title='bbox 1590 4439 1890 4492; x_wconf 87' lang='lat' dir='ltr'>contemnit</span> <span class='ocrx_word' id='word_1_351' title='bbox 1927 4455 2044 4491; x_wconf 88' lang='lat' dir='ltr'>eam</span> <span class='ocrx_word' id='word_1_352' title='bbox 2088 4438 2206 4491; x_wconf 83' lang='lat' dir='ltr'>de</span> <span class='ocrx_word' id='word_1_353' title='bbox 2356 4437 2545 4490; x_wconf 88' lang='lat' dir='ltr'>uolens</span> <span class='ocrx_word' id='word_1_354' title='bbox 2590 4436 2637 4490; x_wconf 81' lang='lat'><em>0</em></span> 
     </span>
    </p>
   </div>
  </div>
 </body>
</html>
