3076 4976
244 1627 292 1666 10

246 2162 294 2199 15

936 452 1466 508 Adnotationum
1509 454 1574 506 in
1612 453 1730 507 Iob
1771 453 1945 507 liber
1981 454 2025 508 I.
2499 455 2626 519 623

332 650 639 714 aduersus
716 668 966 713 carnem
1045 652 1109 712 et
1182 649 1576 733 sanguinem,
1655 650 1719 714 id
1788 654 1887 714 est
1952 651 2155 715 malos
2222 653 2287 714 et
2348 651 2629 733 perditos

332 756 642 833 homines,
702 775 861 838 quos
921 756 1162 819 carneis
1220 757 1423 820 oculis
1481 756 1680 820 uidet.
1738 757 2135 822 tonitrum
2202 758 2487 821 ducum
2553 761 2631 822 et

333 862 796 927 clamorem:
830 862 1338 927 subaudiendum
1382 868 1481 928 est
1529 865 1932 939 „odoratur“.
1973 864 2375 928 tonitrum
2416 867 2628 928 autem

330 973 585 1052 propter
647 970 858 1052 ipsum
925 988 1135 1033 aerem
1201 973 1358 1051 puto
1426 971 1669 1035 dictum
1739 991 1901 1048 esse,
1968 972 2029 1034 in
2099 971 2331 1053 quibus
2408 970 2629 1035 eadem

333 1077 760 1159 spiritalia
841 1077 1266 1160 nequitiae
1349 1081 1717 1155 uersantur;
1802 1097 1926 1143 non
2011 1078 2178 1142 enim
2259 1081 2626 1142 rectores

333 1183 601 1248 mundi
673 1187 1006 1266 propterea
1079 1184 1233 1248 dicti
1309 1188 1461 1249 sunt
1533 1184 1600 1247 hi
1676 1185 1961 1268 spiritus,
2038 1185 2187 1267 quia
2253 1185 2498 1249 caelum
2566 1188 2631 1249 et

329 1296 558 1355 terram
613 1293 861 1374 regunt,
920 1290 1031 1354 sed
1088 1290 1258 1355 sicut
1313 1291 1448 1373 ipse
1516 1292 1771 1372 exponit
1836 1292 2186 1373 apostolus.
2254 1291 2485 1355 etenim
2553 1311 2628 1356 ne

331 1397 421 1461 ita
465 1397 962 1481 intellegeretur,
1013 1397 1286 1461 subiecit
1335 1397 1552 1461 statim
1602 1397 1754 1479 quid
1805 1397 2029 1462 dixerit
2074 1401 2352 1463 rectores
2391 1398 2629 1476 mundi,

331 1504 848 1568 tenebrarum
905 1503 1214 1579 harum,
1273 1503 1500 1586 inquit,
1558 1504 1679 1568 boc
1736 1508 1836 1568 est
1879 1504 2218 1586 inpiorum,
2269 1504 2499 1586 quibus
2548 1504 2628 1568 ad

334 1609 656 1674 dominum
750 1610 1077 1675 conuersis
1181 1610 1368 1674 dicit:
1471 1610 1772 1675 fuistis
1883 1611 2086 1686 enim
2190 1610 2625 1692 aliquando

332 1718 747 1793 tenebrae3
815 1736 1018 1781 nunc
1087 1721 1352 1781 autem
1419 1718 1553 1781 lux
1617 1718 1692 1781 in
1760 1717 2098 1781 dominc.
2164 1718 2228 1781 in
2297 1717 2627 1781 uoluntate

334 1823 497 1887 enim
556 1824 864 1906 cuiusque
924 1828 1041 1900 est,
1098 1829 1312 1889 utrum
1374 1825 1759 1889 tenebrae
1817 1824 1921 1900 sit,
1980 1844 2053 1888 an
2106 1825 2271 1900 lux3
2323 1823 2434 1888 sed
2481 1842 2624 1887 cum

333 1931 643 2007 tenebrae,
692 1931 755 1994 in
805 1950 872 1996 se
911 1931 1072 2012 ipsc,
1112 1930 1233 1995 hoc
1271 1938 1371 1996 est
1405 1931 1685 2014 peccatis
1725 1951 1884 2013 quae
1923 1931 2129 2012 ipsius
2171 1934 2322 1995 sunt
2357 1929 2626 2013 propria,

335 2056 480 2102 cum
547 2040 758 2100 autem
823 2039 951 2113 luit,
1020 2057 1143 2102 non
1208 2039 1269 2101 in
1341 2057 1409 2102 se
1475 2038 1616 2122 ipso
1687 2037 1797 2101 sed
1864 2038 1926 2101 in
1996 2037 2350 2113 domino,
2410 2057 2445 2100 a
2500 2054 2622 2118 quo

332 2143 765 2220 inluminatur,
817 2147 911 2221 ut,
960 2144 1495 2226 quemadmodum
1546 2144 1702 2208 dicit
1748 2144 1995 2219 EsaiaS,
2047 2143 2427 2207 tenebrae
2484 2142 2622 2206 eius

334 2250 463 2312 sint
506 2250 742 2314 uelut
787 2250 1204 2324 meridies3
1256 2250 1491 2315 dicitur
1531 2251 1694 2315 etin
1734 2251 2045 2316 Psalmis:
2087 2249 2625 2314 inluminabis

332 2355 713 2420 tenebras
804 2376 1039 2422 meas,
1124 2376 1282 2439 quos
1369 2377 1516 2441 ergo
1604 2357 1761 2421 dicit
1845 2357 2171 2439 apostolus
2253 2360 2626 2420 rectores

332 2463 881 2543 tenebrarum,
955 2463 1079 2547 ipsi
1159 2466 1224 2529 et
1295 2463 1360 2529 in
1433 2465 1554 2529 hoc
1630 2482 1822 2528 uersu
1901 2463 2056 2529 dicti
2133 2466 2281 2529 sunt
2355 2463 2625 2527 duces.

333 2569 651 2634 ducuntur
706 2572 873 2635 enim
931 2574 997 2636 et
1052 2573 1128 2636 ab
1188 2572 1289 2635 his
1344 2571 1662 2650 tenebrae,
1720 2572 1841 2637 hoc
1901 2575 2000 2636 est
2056 2571 2230 2654 inpii,
2291 2573 2364 2633 ut
2417 2588 2627 2653 perse-

337 2680 611 2758 quantur
655 2678 818 2758 pios,
868 2678 933 2741 id
982 2681 1080 2743 est
1127 2698 1235 2743 eos
1285 2679 1394 2759 qui
1439 2679 1951 2761 persecutionem
1999 2678 2328 2760 patiuntur
2372 2679 2629 2760 propter

332 2784 664 2862 iustitiam,
720 2804 844 2850 non
903 2803 1009 2850 eos
1069 2786 1175 2867 qui
1224 2786 1554 2867 patiuntur
1598 2788 1856 2867 propter
1901 2785 2241 2867 inpietates
2290 2787 2354 2848 et
2398 2783 2626 2865 iniqui·

329 2893 497 2955 tates
554 2910 723 2956 suas.
783 2892 1070 2957 ducum
1128 2902 1343 2957 autem
1403 2893 1632 2957 talium
1693 2893 2118 2956 clamorem
2178 2891 2336 2955 dicit
2381 2889 2627 2954 odorari

329 3002 688 3081 martyrem,
762 3018 882 3064 non
960 2998 1109 3081 quia
1181 3000 1428 3064 sonitus
1504 2999 1649 3063 inde
1725 2999 1957 3079 aliquis
2035 2997 2292 3062 auditur
2365 2996 2625 3060 auribus

331 3104 629 3188 corporiS,
689 3104 800 3169 sed
856 3106 1005 3188 quia
1059 3105 1264 3170 cordis
1323 3105 1585 3169 auribus
1642 3125 1755 3186 per
1808 3105 1997 3169 fidem
2045 3105 2344 3180 clament,
2394 3106 2629 3186 quanta

329 3210 621 3275 diabolus
661 3215 725 3275 et
761 3212 969 3296 angeli
1014 3212 1152 3275 eius
1200 3212 1504 3276 aduersus
1555 3212 1655 3276 dei
1696 3232 1916 3277 seruos
1959 3211 2417 3275 machinentur.
2456 3209 2623 3272 unde

331 3316 419 3381 ait
501 3318 864 3399 apostolus:
950 3338 1096 3383 non
1183 3318 1391 3383 enim
1474 3319 1951 3402 ignoramus
2033 3321 2341 3381 mentes
2427 3316 2623 3379 eius.

331 3423 637 3488 aduersus
687 3444 878 3506 quem
926 3424 1357 3489 clamorem
1407 3425 1689 3489 ducum
1729 3425 1955 3489 surdae
1995 3425 2216 3505 utique
2256 3425 2406 3487 sunt
2442 3441 2625 3486 aures

327 3529 700 3595 infidelium.
786 3532 1174 3614 numquid
1265 3532 1341 3595 in
1437 3532 1855 3615 sapientia
1946 3535 2083 3596 tua
2173 3528 2626 3613 plumescit

507 3759 540 3811 2
577 3758 676 3812 Iob
715 3760 801 3818 39.
840 3760 908 3812 25
1036 3761 1068 3813 5
1107 3759 1173 3815 cf.
1213 3760 1411 3828 Ephes.
1451 3760 1500 3822 6,
1547 3760 1609 3812 12
1741 3759 1807 3813 10
1844 3758 2039 3828 Ephes.
2080 3759 2131 3818 5,
2168 3756 2201 3811 8
2323 3757 2390 3811 15
2428 3755 2496 3809 cf.
2535 3753 2622 3807 Es.

327 3847 414 3911 58,
456 3847 524 3901 lo
635 3849 701 3901 16
736 3848 825 3901 Ps.
868 3849 950 3913 17,
989 3849 1057 3901 29
1168 3849 1236 3902 26
1273 3848 1329 3902 11
1369 3847 1487 3902 Cor.
1528 3850 1580 3911 2,
1624 3849 1683 3902 11
1802 3847 1871 3901 28
1908 3847 2004 3900 Iob
2046 3848 2132 3910 39,
2170 3846 2240 3900 26

399 4006 433 4059 2
470 4005 770 4058 tonitruum
807 4006 949 4059 Hier
1110 4006 1273 4060 ducta
1311 4006 1342 4060 b
1487 4006 1521 4058 3
1561 4005 1814 4059 adoratur
1857 4005 1905 4060 G
1937 4005 2220 4059 odoratum
2257 4004 2289 4057 b
2433 4004 2468 4056 4
2507 4019 2625 4056 esse

326 4109 431 4149 om.
477 4094 581 4148 ΤΡ
758 4096 951 4164 quibus
992 4094 1198 4164 eadem]
1240 4112 1344 4164 quo
1385 4095 1569 4149 clausa
1605 4095 1679 4148 bd
1824 4096 1853 4147 7
1893 4112 2000 4148 non
2039 4094 2077 4147 d
2220 4093 2286 4146 10
2327 4090 2484 4144 deum
2521 4090 2629 4142 PC

327 4181 464 4236 dixit
507 4182 630 4236 de
764 4185 828 4238 15
868 4183 1004 4236 dixit
1046 4182 1166 4236 de
1305 4184 1485 4252 ysaias
1532 4184 1636 4236 ΤΡ
1669 4200 1853 4252 esayas
1898 4182 1945 4236 G
2078 4183 2143 4236 16
2181 4179 2454 4249 meridies]
2491 4178 2624 4231 mihi

328 4270 443 4324 dies
482 4271 514 4324 b
660 4272 714 4325 in
753 4289 856 4326 om.
903 4271 950 4325 C
1061 4274 1128 4327 23
1168 4272 1361 4341 aliquis
1400 4271 1525 4325 inde
1566 4271 1687 4325 de
1801 4272 1868 4326 25
1906 4271 2219 4325 machinent
2260 4269 2308 4323 0
2484 4265 2625 4320 unde

325 4376 428 4414 om.
469 4361 500 4413 b
611 4361 679 4414 26
720 4361 799 4414 ait
837 4362 977 4414 enim
1015 4361 1046 4414 b
1191 4364 1421 4430 mentes]
1460 4362 1720 4414 astutiam
1759 4361 1833 4414 bd
1976 4361 2089 4414 eius
2126 4376 2229 4414 om.
2277 4358 2378 4412 ΤΡ
