3076 4976
515 470 643 534 620
1221 468 1272 521 S.
1334 466 1600 520 Aureli
1664 465 2095 533 Augustini

509 664 888 745 despexit
928 683 1091 728 eam
1134 663 1328 727 deus
1367 664 1441 727 in
1483 662 1905 744 sapientia
1943 666 2021 725 et
2058 680 2199 724 non
2242 659 2687 724 distribuit
2733 660 2802 723 ei

506 770 1070 834 intellectum:
1140 770 1290 851 quid
1358 770 1524 834 enim
1583 769 1846 833 stultius
1906 787 2095 850 quam
2156 767 2345 831 fidere
2401 767 2464 829 in
2520 767 2801 830 uanitate

414 898 417 903 ·
509 880 573 940 et
617 877 901 940 laborare
951 876 1028 939 ad
1076 875 1460 957 adquirenda
1496 876 1778 959 peritura
1815 876 1949 938 sine
1989 876 2121 937 ullo
2162 874 2388 939 timore
2426 873 2803 939 amittendi?

508 983 875 1065 concipiunt
921 983 1088 1046 enim
1137 982 1420 1066 plerique
1466 983 1634 1046 hunc
1675 983 1993 1058 affectum,
2036 981 2266 1063 quibus
2305 981 2497 1062 longa
2532 980 2803 1043 felicitas

507 1090 744 1154 saeculi
810 1089 1124 1172 prouenit,
1191 1090 1562 1172 praesertim
1632 1089 1687 1153 si
1752 1090 1827 1152 ab
1896 1089 2034 1152 auis
2102 1091 2167 1151 et
2231 1087 2435 1150 atauis
2499 1089 2803 1168 perpetua
2856 1108 2879 1146 ⁵

507 1195 908 1260 successione
967 1194 1256 1269 ducatur,
1315 1201 1389 1257 ut
1445 1214 1511 1258 se
1558 1199 1814 1277 repente
1879 1194 2164 1258 infelices
2229 1192 2365 1257 fieri
2426 1211 2616 1274 posse
2682 1212 2800 1256 non

507 1301 780 1366 credant.
841 1305 904 1364 et
961 1302 1109 1382 quia
1164 1301 1379 1384 magni
1437 1301 1645 1365 solent
1701 1300 1995 1382 adparere
2053 1301 2114 1363 in
2171 1303 2356 1375 terra,
2413 1318 2535 1363 non
2592 1302 2801 1362 tamen

502 1408 724 1490 pennis
765 1407 1077 1471 uirtutum
1120 1407 1381 1471 caelesti
1421 1407 1901 1472 conuersatione
1940 1407 2083 1482 frui,
2124 1410 2293 1470 recte
2334 1405 2799 1470 struthionibus

507 1517 967 1596 comparantur.
1046 1513 1155 1578 sed
1233 1513 1500 1578 adtende
1577 1514 1748 1596 quod
1824 1514 2149 1595 sequitur:
2228 1532 2397 1576 cum
2481 1518 2795 1593 tempus

507 1621 801 1696 fuerit,
860 1621 937 1684 in
998 1622 1249 1685 altum
1308 1620 1682 1684 euolabit
1728 1624 1802 1684 et
1849 1620 2265 1683 deridebit
2312 1620 2673 1700 equitem
2723 1621 2796 1681 et
2831 1641 2879 1677 ιο

506 1747 1038 1791 ascensorem.
1133 1730 1547 1809 posteaquam
1640 1727 1816 1791 uenit
1906 1726 2234 1809 plenitudo
2318 1726 2647 1807 tempori8‚
2732 1729 2801 1787 ut

507 1835 971 1916 praeciperetur
1040 1834 1456 1898 diuitibus
1522 1833 1765 1897 huius
1836 1833 2157 1898 saeculi
2224 1853 2372 1897 non
2450 1832 2798 1915 superbe

508 1960 796 2024 sapere
854 1960 996 2005 nec
1055 1960 1381 2024 sperare
1438 1941 1513 2003 in
1573 1941 1884 2004 incerto
1944 1940 2464 2015 diuitiarum,
2523 1939 2662 2003 sed
2725 1939 2797 2002 in

506 2048 646 2111 deo
714 2049 944 2125 uiue,
1012 2051 1354 2129 coeperunt
1420 2066 1675 2111 sursum
1743 2066 1850 2111 cor
1912 2046 2143 2111 habere
2208 2046 2287 2109 ad
2351 2045 2677 2110 dominum
2734 2047 2794 2108 et

505 2154 784 2218 deridere
819 2154 1124 2237 superbos
1155 2157 1613 2236 persecutores,
1655 2173 1813 2234 quos
1855 2152 2148 2217 dominus
2185 2153 2452 2235 proiecit
2488 2153 2553 2217 in
2592 2171 2789 2222 mare:
2826 2170 2869 2210 15

502 2267 655 2326 tunc
713 2261 877 2324 enim
934 2280 1135 2344 penna
1192 2261 1570 2325 struthionis
1626 2262 1822 2325 mixta
1876 2261 2207 2326 uelocibus
2266 2261 2494 2324 auibus
2551 2259 2792 2324 caelum

500 2369 664 2450 petit
721 2371 785 2431 et
841 2373 1046 2432 cetera
1102 2387 1261 2450 quae
1321 2368 1397 2431 de
1455 2368 1575 2431 hoc
1635 2368 1894 2431 animali
1951 2387 2144 2449 supra
2201 2367 2370 2431 dicta
2417 2372 2570 2431 sunt
2615 2367 2790 2429 fiunt.

504 2477 724 2539 antu
773 2473 1401 2540 circumdedisti
1441 2494 1640 2556 equo
1682 2474 2125 2539 uirtutem?
2166 2477 2503 2558 martyrem
2542 2473 2792 2538 uidetur

503 2581 877 2659 describere,
936 2582 1324 2663 intrepidum
1384 2585 1447 2645 et
1502 2582 1773 2645 alacrem
1829 2585 2061 2646 testem
2108 2581 2257 2645 fidei
2307 2582 2628 2654 salutaris,
2677 2599 2790 2643 non

499 2691 713 2752 tamen
761 2689 997 2752 uiltute
1044 2688 1312 2770 propria,
1363 2687 1475 2751 sed
1522 2708 1647 2768 qua
1694 2707 1839 2751 eum
1887 2687 2306 2752 circumdedit
2351 2687 2667 2751 dominus,
2717 2689 2791 2748 et
2823 2702 2870 2743 ιο

501 2794 940 2857 inseruisti
999 2794 1212 2857 collo
1273 2794 1448 2857 eius
1499 2794 1949 2857 hinnitum?
1997 2793 2321 2858 induite
2368 2813 2511 2857 uos
2562 2810 2790 2856 arma-

503 2903 766 2963 turam
823 2899 983 2976 dei,
1042 2902 1128 2962 ut
1193 2899 1549 2981 possitis
1615 2899 2021 2963 resistere
2088 2901 2163 2963 in
2233 2898 2359 2963 die
2425 2900 2651 2963 malo.
2719 2902 2791 2961 et

503 3005 818 3089 gloriae
865 3006 1232 3087 pectoris
1283 3005 1459 3068 eius
1510 3005 1895 3070 audacia?
1947 3006 2099 3070 haec
2140 3008 2239 3070 est
2286 3005 2627 3070 audacia
2675 3021 2793 3086 qua

498 3111 719 3175 Esaias
786 3111 978 3175 audet
1042 3114 1108 3174 et
1171 3111 1344 3174 dicit.
1415 3111 1616 3194 gloria
1680 3130 1830 3175 uero
1896 3111 2169 3193 pectoris
2238 3114 2337 3176 est
2411 3110 2793 3175 conscientia

501 3236 659 3299 opus
735 3217 1007 3282 hominis
1080 3219 1372 3299 probam,
1445 3220 1520 3281 nt
1592 3218 1653 3280 in
1731 3222 1935 3281 semet
2004 3218 2143 3301 ipso
2223 3218 2492 3299 quisque
2566 3218 2790 3281 habeat
2819 3233 2866 3272 εει

510 3323 773 3406 gloriam
826 3328 891 3388 et
936 3343 1059 3389 non
1107 3324 1172 3387 in
1220 3325 1439 3387 altero.
1488 3324 1868 3406 prodiens
1925 3324 2001 3388 in
2060 3343 2335 3409 campo
2393 3325 2788 3389 luxuriat:

675 3518 706 3569 9
745 3516 842 3569 Iob
883 3518 968 3578 39,
1012 3517 1076 3569 18
1209 3518 1271 3570 11
1315 3516 1379 3570 cf.
1422 3515 1538 3570 Gal.
1580 3518 1631 3577 4,
1671 3518 1706 3570 4
1841 3518 1905 3571 12
1946 3518 2011 3571 cf.
2052 3519 2079 3571 Ι
2115 3519 2253 3572 Tim.
2294 3518 2342 3580 6,
2386 3517 2451 3571 17
2593 3516 2659 3569 18
2695 3515 2787 3568 Iob

499 3606 583 3668 39,
626 3606 689 3658 19
803 3605 870 3658 20
908 3604 1005 3657 Iob
1044 3606 1130 3667 39,
1175 3606 1239 3659 19
1353 3606 1414 3657 21
1459 3605 1660 3674 Ephes,
1703 3608 1752 3668 6,
1798 3607 1855 3659 11
1962 3607 2031 3659 22
2068 3606 2164 3660 Iob
2204 3606 2291 3669 39,
2331 3606 2402 3659 20
2500 3606 2569 3658 24
2608 3604 2675 3659 cf.
2704 3604 2788 3657 Es,

498 3695 583 3757 65,
628 3695 681 3757 1;
722 3694 873 3750 Rom.
917 3695 999 3756 10,
1040 3694 1109 3747 20
1221 3694 1285 3747 cf.
1326 3694 1381 3746 ΙΙ
1423 3692 1541 3747 Cor.
1586 3697 1632 3758 1,
1677 3697 1740 3748 12
1815 3696 1882 3749 25
1924 3695 1990 3749 cf.
2034 3693 2150 3750 Gal.
2191 3696 2240 3761 6,
2280 3698 2314 3748 4
2389 3695 2456 3749 26
2484 3694 2582 3748 Iob
2613 3695 2702 3757 39,
2729 3694 2788 3745 21

578 3837 599 3888 1
646 3852 768 3888 eum
807 3834 909 3888 PC
1085 3835 1332 3887 dominus
1369 3835 1515 3889 Hier
1695 3837 1743 3889 ei
1782 3852 1883 3892 om.
1929 3837 2112 3890 TPCb
2317 3838 2353 3889 4
2390 3835 2720 3905 concupiunt
2758 3832 2801 3886 C'

505 3925 537 3977 5
577 3924 780 3976 attauis
820 3924 865 3976 C
969 3924 1003 3977 8
1042 3924 1399 3977 strutionibus
1445 3924 1495 3976 T
1528 3926 1892 3978 strucionibus
1929 3926 1984 3978 P
2019 3926 2410 3979 structionibus
2455 3928 2498 3979 G
2573 3925 2635 3978 10
2675 3940 2796 3976 euo-

505 4011 668 4081 labit]
710 4028 767 4065 se
803 4011 1014 4065 leuabit
1050 4012 1195 4065 Hier
1301 4012 1552 4065 irridebit
1591 4013 1664 4067 bd
1749 4015 1812 4066 13
1849 4032 2023 4083 neque
2060 4015 2114 4068 P
2220 4016 2457 4085 sperare]
2495 4030 2681 4084 sapere
2724 4013 2795 4066 Cb

514 4101 580 4154 14
627 4117 836 4153 rursum
894 4101 944 4154 T
985 4118 1165 4154 rursus
1203 4101 1259 4153 P
1439 4101 1600 4154 corda
1646 4101 1676 4154 b
1859 4101 2017 4155 deum
2064 4104 2094 4155 b
2280 4105 2342 4157 17
2389 4104 2529 4157 fiunt
2571 4119 2673 4157 om.
2720 4101 2797 4155 Tb

514 4189 577 4242 21
621 4206 771 4242 arma
817 4190 868 4243 T
900 4194 1173 4243 armatura
1209 4189 1346 4243 PCb
1482 4191 1552 4243 24
1585 4190 1766 4260 ysaias
1813 4191 1913 4243 TP
1947 4209 2133 4261 esayas
2172 4193 2217 4246 C
2249 4193 2423 4247 Isaias
2462 4191 2501 4244 d
2644 4189 2793 4243 dicit:

520 4282 758 4331 nuentus
798 4295 915 4331 sum
955 4295 1060 4331 non
1103 4278 1487 4346 quaerentibus
1526 4295 1611 4332 me
1649 4279 1829 4348 palam
1868 4283 2091 4349 apparui
2130 4281 2236 4334 hiis
2269 4282 2360 4351 qui
2388 4298 2473 4333 me
2501 4297 2608 4333 non
2634 4280 2793 4332 iuter-

499 4365 772 4435 rogabant
805 4367 862 4419 P
966 4368 1032 4419 25
1072 4365 1272 4419 habeat
1310 4367 1537 4435 quisque
1582 4367 1702 4420 de
