3076 4976
912 545 1435 600 Adnotationum
1474 546 1536 599 in
1574 546 1689 600 Iob
1730 547 1904 602 liber
1940 548 1982 605 1.
2454 554 2583 618 527

295 758 412 804 uos
470 738 881 816 arbitramini,
932 739 1040 804 sed
1088 739 1236 821 quia
1281 759 1463 804 nemo
1513 745 1614 805 est
1658 741 1721 804 in
1769 744 2112 823 conspectu
2162 742 2299 807 eius
2346 742 2580 809 iustus.

290 864 439 910 non
514 845 1126 929 respondebunt
1200 847 1270 911 ei
1347 867 1580 911 unum
1657 847 1744 911 de
1820 848 2078 912 mille:
2156 848 2217 913 in
2287 851 2583 916 omnibus

291 952 523 1036 quippe
579 952 930 1017 conuincet.
981 952 1114 1034 qui
1161 953 1236 1016 in
1288 957 1785 1019 uetustatem
1835 955 2217 1038 perducit
2261 962 2577 1022 montes

290 1064 370 1125 et
425 1058 840 1124 nesciunt:
897 1058 962 1122 id
1016 1062 1117 1123 est
1173 1059 1250 1123 ad
1305 1059 1757 1142 infirmitatem,
1815 1065 1890 1125 ut
1944 1065 2070 1126 est:
2119 1062 2584 1128 inueteraui

230 1167 366 1230 sin
434 1165 805 1231 omnibus
870 1165 1231 1230 inimicis
1291 1167 1511 1233 meis„
1580 1168 1713 1250 qui
1781 1169 2039 1232 uertit
2105 1188 2239 1234 eos
2296 1170 2372 1234 in
2431 1171 2584 1235 ira:

289 1271 619 1337 irascendo
682 1291 791 1336 eos
845 1272 1058 1348 uertit,
1116 1272 1181 1336 id
1230 1276 1348 1350 est,
1396 1276 1472 1337 ut
1518 1273 1691 1338 aliud
1736 1273 2068 1338 inueniant
2114 1295 2304 1358 quam
2351 1277 2591 1360 appeti-

294 1381 492 1456 erant,
543 1399 689 1444 cum
737 1379 845 1462 qui
895 1398 975 1443 se
1025 1381 1371 1457 exaltat,
1421 1380 2027 1446 humiliabitur.
2077 1382 2210 1464 qui
2268 1401 2587 1448 commo-

292 1489 433 1549 uet
490 1484 757 1549 orbern
816 1504 852 1548 a
906 1484 1494 1549 fundamentis:
1553 1505 1664 1569 per
1717 1487 2139 1565 uocationem,
2200 1507 2358 1570 quae
2416 1490 2587 1554 facta

290 1593 410 1669 est,
484 1611 596 1673 per
670 1609 857 1671 quarn
932 1591 1234 1656 commoti
1319 1594 1469 1655 sunt
1552 1592 1929 1657 excellentes
2013 1593 2077 1658 in
2160 1595 2419 1659 mundo.
2508 1601 2586 1660 et

200 1725 252 1763 ιο
290 1699 710 1764 columnae
760 1698 934 1762 eius
982 1696 1559 1773 mouebuntur;
1613 1698 1747 1780 qui
1795 1700 2210 1783 praecipit
2256 1702 2450 1779 soli,
2503 1706 2586 1767 et

287 1823 431 1869 non
517 1804 811 1869 oritur:
896 1808 971 1869 ut
1046 1809 1157 1868 aut
1231 1803 1541 1887 sapientia
1617 1825 1739 1870 non
1812 1806 2221 1889 intellegatur
2293 1812 2406 1872 aut
2479 1810 2590 1891 qui

292 1912 705 1995 scripserunt,
743 1915 819 1976 ut
859 1915 992 1976 est:
1032 1911 1265 1995 signa
1301 1911 1625 1976 librum.
1676 1912 1810 1994 qui
1858 1913 2229 1978 extendit
2277 1916 2587 1980 caelum

290 2018 555 2083 solus:
606 2018 965 2096 ecclesiam,
1016 2036 1176 2100 quae
1222 2018 1470 2101 proprie
1519 2017 1701 2083 sedes
1752 2019 1854 2082 dei
1904 2023 2020 2097 est,
2072 2039 2258 2102 quam
2308 2021 2586 2085 extendit

286 2145 402 2206 per
444 2127 656 2190 totum
704 2125 953 2195 orbem:
1002 2126 1227 2189 solus
1268 2125 1346 2188 ad
1384 2124 1862 2208 significandam
1904 2126 2213 2190 unitatem
2254 2127 2581 2191 trinitatis,

199 2258 250 2297 ιε
289 2251 433 2296 nam
480 2231 702 2314 utique
749 2251 858 2314 per
901 2230 1104 2295 filium
1150 2231 1211 2294 in
1261 2230 1489 2313 spiritu
1538 2234 1758 2296 sancto
1809 2232 2020 2297 omnia
2065 2232 2234 2297 facta
2282 2237 2451 2297 sunt.
2501 2237 2584 2297 et

290 2337 655 2403 ambulat
703 2357 946 2421 super
987 2357 1194 2402 mare
1242 2342 1644 2420 tamquam
1694 2357 1934 2420 super
1970 2342 2294 2403 terram:
2337 2358 2581 2421 super

289 2448 620 2523 terram,
676 2444 743 2509 id
799 2448 899 2510 est
942 2444 1207 2510 firmiter
1253 2445 1627 2510 confirmans
1677 2444 2010 2510 ecclesiam
2059 2445 2122 2509 in
2172 2446 2426 2511 saeculo
2476 2447 2580 2510 uel

291 2552 661 2617 subiciendo
737 2552 858 2616 sibi
936 2556 1320 2636 peccatores,
1392 2553 1455 2616 in
1534 2552 1766 2635 quibus
1840 2572 1962 2617 non
2046 2554 2375 2638 mergitur,
2459 2573 2580 2619 non

291 2659 571 2723 cedendo
635 2659 1094 2723 tentationibus
1153 2677 1391 2725 eorum.
1450 2659 1519 2723 si
1575 2662 2104 2743 transgressus
2152 2679 2261 2724 me
2309 2659 2579 2738 fuerit,

197 2794 254 2832 20
292 2786 436 2832 non
487 2766 782 2830 uidebo.
823 2766 886 2831 si
925 2766 1159 2831 altior
1196 2785 1305 2830 me
1343 2766 1586 2831 fuerit
1622 2770 1750 2831 aut
1787 2766 2186 2832 celeritate
2223 2767 2582 2848 perstrin-

287 2873 485 2937 xerit
541 2891 682 2948 me,
741 2891 880 2936 non
940 2892 1099 2937 eum
1150 2891 1583 2956 agnoscam:
1635 2891 1794 2954 opus
1845 2878 1944 2938 est
1991 2893 2162 2958 ergo,
2211 2877 2285 2938 ut
2331 2877 2394 2938 et
2441 2893 2584 2938 con·

290 2982 479 3061 gruat
538 2970 891 3043 infirmitati
955 2998 1134 3043 meae
1200 2983 1265 3044 et
1317 2998 1437 3043 non
1496 2998 1600 3043 me
1661 2978 1929 3043 deserat.
1990 2981 2052 3044 si
2110 2981 2305 3045 enim
2362 2981 2583 3047 morti

288 3085 721 3157 tradiderit,
771 3085 939 3167 quis
989 3088 1327 3150 auertet?
1367 3085 1556 3149 morti
1596 3085 1762 3150 enim
1801 3086 2013 3163 tradit,
2054 3106 2201 3151 cum
2238 3089 2345 3152 uel
2382 3091 2586 3151 trans-

292 3192 579 3276 greditur
633 3193 736 3256 uel
796 3191 1043 3268 transit,
1102 3196 1176 3257 ut
1230 3192 1572 3256 nesciatur.
1633 3192 1788 3257 haec
1837 3197 1936 3257 est
1982 3213 2151 3259 mors
2200 3194 2463 3272 animae,
2513 3197 2588 3258 ut

186 3324 250 3365 25
290 3298 483 3362 deum
522 3297 782 3362 nesciat.
824 3296 1070 3378 ipsius
1121 3297 1311 3360 enim
1360 3296 1886 3362 inauertibilis
1935 3298 2073 3362 ira:
2113 3299 2377 3364 aliorum
2420 3301 2584 3364 enim

470 3575 503 3628 2
540 3573 637 3627 Iob
679 3574 727 3638 9,
766 3575 798 3627 3
927 3576 958 3627 3
996 3573 1093 3627 101)
1135 3574 1184 3633 9,
1225 3576 1257 3627 5
1385 3575 1419 3627 4
1458 3574 1545 3630 Ps.
1583 3574 1632 3637 6,
1673 3575 1705 3628 8
1833 3577 1865 3628 5
1903 3574 2001 3629 Iob
2042 3576 2092 3639 9,
2130 3578 2162 3629 5
2276 3578 2306 3629 7
2348 3575 2415 3631 cf.
2454 3577 2582 3630 Luc.

288 3664 377 3726 14,
420 3663 481 3716 11
684 3661 782 3716 Iob
823 3664 873 3727 9,
911 3663 943 3716 6
1105 3663 1138 3716 9
1174 3662 1272 3715 Iob
1313 3664 1363 3728 9,
1402 3666 1434 3718 6
1603 3664 1669 3718 10
1713 3663 1810 3717 Iob
1850 3664 1901 3727 9,
1944 3665 1972 3717 7
2142 3667 2207 3719 12
2244 3666 2383 3718 Dan.
2428 3667 2510 3727 12,
2551 3667 2586 3718 4

284 3752 389 3808 Iob
430 3751 479 3817 9,
516 3751 551 3805 8
675 3753 738 3805 15
776 3751 873 3805 101)
912 3752 963 3816 9,
1003 3752 1035 3805 8
1157 3753 1221 3806 19
1258 3751 1356 3805 Iob
1396 3753 1445 3817 9,
1489 3753 1550 3806 11
1673 3753 1741 3806 22
1779 3752 1876 3807 Iob
1917 3754 1966 3818 9,
2008 3755 2073 3807 12
2185 3754 2253 3807 25
2288 3754 2385 3807 Iob
2424 3755 2475 3815 9,
2518 3755 2583 3806 13

363 3926 396 3978 2
435 3927 564 3995 non]
606 3929 663 3979 et
699 3926 746 3981 S
883 3925 1212 3996 respondens
1252 3926 1299 3981 S
1330 3926 1681 3996 respondebit
1715 3928 1862 3982 Hier
1970 3929 2041 3998 ei]
2082 3932 2139 3982 et
2175 3927 2273 3983 SC
2375 3946 2513 3982 unns
2542 3928 2590 3983 S

284 4017 322 4069 3
365 4015 692 4068 conuiucent
733 4014 786 4069 G
939 4015 1066 4084 quia
1110 4014 1157 4068 0
1302 4020 1582 4069 uetustate
1621 4015 1667 4070 S
1815 4017 2077 4086 perducet
2114 4016 2161 4071 S
2333 4019 2367 4070 4
2406 4017 2460 4071 id
2501 4022 2585 4071 est

283 4120 394 4159 om.
434 4103 484 4156 G
557 4107 591 4156 6
630 4104 829 4157 euertit
870 4102 922 4157 G
996 4105 1026 4156 7
1067 4104 1361 4156 commouit
1398 4103 1443 4157 S
1517 4103 1581 4157 10
1618 4110 1905 4158 mouentur
1941 4104 1988 4158 S
2101 4106 2378 4176 praecepit
2401 4103 2587 4160 SHier

286 4191 360 4246 13
401 4190 487 4244 dei
526 4190 682 4245 sedes
720 4191 795 4245 bd
886 4194 950 4245 15
991 4194 1176 4244 sancto
1214 4191 1409 4261 spiritu
1453 4191 1566 4246 GT
1652 4193 1716 4245 16
1755 4210 1914 4262 super
1948 4209 2094 4246 mare
2129 4200 2428 4262 sequuntur
2454 4202 2587 4263 post

278 4287 489 4335 terram
525 4281 589 4333 in
624 4278 813 4335 SHier
941 4281 1005 4334 18
1042 4281 1241 4349 mergit
1284 4281 1366 4337 G,
1461 4282 1532 4335 20
1570 4281 1916 4334 non—fuerit
1952 4297 2053 4335 om.
2099 4281 2147 4336 0
2267 4284 2313 4336 si
2352 4284 2584 4337 altior—

282 4370 604 4438 agnoscam]
656 4374 711 4423 et
756 4370 801 4423 si
848 4369 1128 4423 transierit
1172 4386 1257 4423 me
1292 4386 1393 4424 nec
1438 4371 1516 4423 sic
1556 4371 1718 4423 sciam
1761 4370 1948 4425 SHier
2160 4373 2501 4441 pertrinserit
2543 4373 2591 4427 C

281 4460 354 4513 21
400 4461 457 4510 et
494 4472 595 4510 om.
640 4456 691 4510 G
802 4459 869 4512 23
909 4458 1108 4511 auertit
1146 4457 1192 4511 S
1333 4458 1514 4512 tradet
1557 4458 1607 4513 G
1718 4461 1786 4513 25
1824 4459 2223 4514 inaduertibilis
2267 4462 2315 4516 G
