3076 4976
451 513 580 577 480
1156 507 1207 560 S.
1268 508 1541 561 Aureli
1599 507 2034 576 Augustini

450 702 746 768 sacerdos
782 701 1018 780 Ioiade,
1056 701 1276 782 utique
1315 702 1503 766 homo
1545 701 1620 765 de
1661 701 1826 765 tribu
1867 701 2045 777 Leui,
2086 701 2262 765 duxit
2299 701 2491 764 filiam
2533 702 2734 765 loram

449 811 640 894 regis,
690 808 961 874 hominis
1021 807 1095 871 de
1152 808 1321 872 tribu
1377 808 1556 871 Iuda.
1624 808 1767 871 hinc
1824 808 2062 872 factum
2122 812 2240 882 est,
2288 813 2361 872 ut
2407 808 2736 873 Elizabeth

449 920 515 981 et
559 916 760 981 Maria
807 918 1107 999 cognatas
1155 915 1214 978 in
1267 914 1598 997 euangelio
1646 915 1956 997 legamuS,
1997 934 2142 979 cum
2179 915 2371 979 fuem't
2407 915 2738 979 Elizabeth

450 1024 525 1087 de
573 1023 827 1087 filiabus
875 1023 1104 1086 Aaron.
1155 1041 1227 1085 ex
1265 1041 1387 1103 quo
1429 1021 1826 1104 intellegitur
1862 1020 1938 1085 de
1977 1022 2148 1085 tribu
2185 1022 2342 1086 Leui
2383 1026 2448 1086 et
2484 1022 2736 1087 filiabus

446 1130 651 1194 Aaron
703 1129 980 1211 aliquam
1028 1129 1325 1211 nupsisse
1371 1128 1434 1191 in
1482 1128 1722 1191 tribum
1768 1128 1946 1198 Iuda,
1995 1127 2159 1192 unde
2208 1130 2295 1193 ita
2343 1130 2521 1193 fieret
2575 1129 2740 1193 inter

447 1238 666 1301 ambas
703 1236 817 1301 illa
855 1238 1170 1319 cognatio,
1206 1238 1280 1298 ut
1318 1234 1555 1298 domini
1596 1254 1736 1298 caro
1776 1254 1896 1299 non
1937 1237 2148 1299 solum
2188 1234 2264 1299 de
2300 1237 2476 1319 regia
2514 1255 2738 1300 uerum

448 1345 639 1407 etiam
690 1343 766 1406 de
816 1342 1191 1407 sacerdotali
1241 1341 1435 1424 stirpe
1482 1345 1953 1425 propagaretur.

533 1449 823 1515 XLVIII.
874 1450 1045 1513 Inter
1091 1452 1315 1521 cetera,
1367 1466 1525 1530 quae
1573 1448 1796 1531 Iephte
1843 1449 2101 1512 mandat
2144 1468 2256 1530 per
2302 1450 2555 1514 nuntios
2601 1450 2740 1532 regi

446 1557 722 1621 filiorum
786 1556 1082 1634 Ammon,
1151 1555 1341 1619 etiam
1407 1555 1528 1620 hoc
1597 1554 1785 1618 dicit:
1863 1573 2116 1620 nonne
2184 1574 2736 1638 quaecumque

446 1661 965 1726 hereditauit
1011 1662 1167 1727 tibi
1218 1661 1557 1727 Chamos
1608 1662 1800 1726 deus
1848 1665 2041 1726 tuus
2092 1662 2285 1725 haec
2332 1662 2736 1726 heredita·

445 1771 607 1847 bia,
677 1774 753 1834 et
820 1768 1083 1834 omnia
1150 1787 1706 1850 quaecumque
1775 1768 2287 1832 hereditauit
2361 1769 2736 1834 dominus

446 1877 643 1940 deus
709 1879 991 1941 noster
1047 1895 1082 1938 a
1138 1875 1350 1938 facie
1416 1878 1728 1949 uestra,
1787 1875 1978 1939 haec
2036 1874 2737 1940 hereditabimus‘?

447 1982 616 2065 quod
655 1982 913 2064 quidam
950 1981 1133 2044 latini
1173 1981 1264 2044 sic
1303 1981 1846 2064 interpretandum
1885 1983 2291 2063 putauerunt,
2323 1985 2396 2044 ut
2424 1981 2735 2046 dicerent:

444 2108 699 2154 nonne
767 2107 1325 2170 quaecumque
1394 2086 1620 2151 dedit
1682 2088 1838 2151 tibi
1894 2088 1974 2168 in¹
2029 2087 2490 2151 hereditate
2550 2088 2736 2153 Cha-

444 2216 610 2261 mos
660 2195 856 2260 deus
905 2198 1116 2272 tuus,
1158 2194 1350 2258 haec
1388 2193 1913 2277 possidebis?
1953 2194 2061 2258 ubi
2099 2194 2299 2258 uideri
2338 2196 2553 2275 potest
2590 2214 2736 2258 eon-

442 2302 727 2365 firmasse
785 2300 1005 2383 Iephte
1064 2300 1250 2364 deum
1307 2301 1525 2376 istum,
1587 2301 1694 2382 qui
1750 2303 2016 2365 uocatur
2082 2300 2377 2376 ChamOS,
2443 2302 2736 2383 potuisse

442 2408 683 2492 aliquid
740 2408 884 2472 dare
941 2408 1001 2470 in
1063 2407 1409 2471 hereditate
1468 2408 1823 2471 cultoribus
1881 2407 2035 2471 suis,
2104 2407 2362 2490 quidam
2423 2426 2573 2472 uero
2639 2409 2737 2474 sic

443 2516 711 2580 habent:
779 2535 1033 2580 nonne
1093 2533 1647 2597 quaecumque
1704 2514 2084 2596 possedit
2141 2514 2477 2579 Chamos
2537 2515 2732 2579 deus

446 2626 672 2700 tuus,
731 2622 923 2685 haec
979 2620 1502 2703 possidebis?
1563 2624 1627 2684 et
1681 2622 1799 2685 hoc
1856 2620 1947 2684 ita
2003 2626 2203 2697 sonat,
2253 2621 2434 2703 quasi
2491 2621 2732 2703 aliquid

444 2730 723 2812 potuerit
775 2728 1123 2811 possidere.
1191 2746 1267 2789 an
1323 2726 1481 2790 forte
1540 2728 1888 2791 secundum
1936 2729 2058 2792 hoc
2106 2728 2344 2792 dictum
2396 2732 2512 2803 est,
2562 2729 2734 2810 quod

444 2836 564 2898 sub
633 2834 875 2917 angelis
944 2833 1328 2898 constitutae
1396 2836 1544 2897 sunt
1607 2837 1827 2916 gentes
1893 2834 2066 2898 iuxta
2138 2834 2455 2899 canticum
2519 2834 2732 2918 Moysi

442 2942 670 3005 famuli
720 2940 862 3004 dei‘?
910 2939 1367 3020 numquidnam
1417 2958 1564 3022 ergo
1604 2939 1713 3004 ille
1753 2940 2039 3023 angelus,
2081 2941 2198 3004 sub
2241 2960 2364 3023 quo
2405 2944 2580 3005 erant
2617 2941 2734 3004 filii

443 3048 735 3119 Ammon,
786 3046 1058 3110 Chamos
1118 3046 1473 3126 appellatus
1532 3049 1672 3110 est?
1741 3047 1883 3128 quis
1937 3047 2058 3111 hoc
2107 3047 2335 3111 audeat
2382 3046 2732 3124 adfirmare,

442 3174 589 3218 cum
647 3152 855 3234 possit
909 3151 1194 3235 intellegi
1253 3152 1599 3215 secundum
1661 3152 1797 3216 eius
1856 3152 2214 3235 opinionem
2272 3153 2534 3229 dictum,
2584 3154 2736 3236 quia

445 3259 711 3341 putabat
768 3257 956 3321 deum
1015 3278 1204 3321 suum
1259 3257 1379 3321 1100
1435 3257 1760 3339 possidere
1817 3260 1923 3322 uel
1969 3258 2034 3321 in
2081 3260 2550 3341 possessionem
2608 3260 2734 3323 sibi

446 3365 744 3429 dedisse?
800 3364 1006 3447 magis
1065 3368 1274 3427 autem
1322 3364 1444 3427 iste
1495 3384 1720 3429 sensus
1769 3365 1980 3429 elucet
2023 3365 2086 3428 in
2136 3365 2235 3429 his
2285 3366 2519 3443 uerbis,
2570 3386 2732 3448 quae

442 3490 710 3555 graecus
768 3469 988 3534 habet:
1058 3489 1307 3535 nonne
1374 3490 1930 3554 quaecumque
1996 3472 2510 3537 hereditauit
2574 3473 2731 3538 tibi

626 3681 650 3732 1
694 3678 759 3733 cf.
798 3678 855 3731 II
892 3678 1068 3732 Paral.
1106 3679 1193 3742 22,
1236 3680 1296 3732 11
1408 3680 1442 3732 2
1481 3678 1549 3734 cf.
1589 3680 1717 3733 Luc.
1761 3682 1809 3743 1,
1849 3680 1917 3734 36
2018 3683 2050 3734 9
2090 3680 2207 3734 Iud.
2252 3681 2338 3744 11,
2375 3682 2444 3734 24
2553 3682 2622 3736 20
2659 3681 2729 3736 ef.

442 3768 608 3821 Deut.
648 3768 734 3828 32,
774 3768 807 3820 8

520 3889 542 3941 1
584 3889 773 3959 Ioade]
804 3889 961 3944 iudae
992 3889 1102 3945 ΒΝ
1106 3890 1157 3943 V
1260 3892 1293 3943 2
1322 3890 1629 3944 helizabeth
1658 3890 1705 3945 S
1727 3891 2033 3946 helisabeth
2061 3893 2127 3946 N
2228 3894 2260 3947 3
2288 3892 2514 3947 Mariam
2543 3893 2738 3947 NTM

443 3982 476 4031 5
518 3978 701 4047 aliqua
736 3979 796 4032 N
956 3978 1137 4032 iudam
1177 3978 1277 4032 ΡΒ
1289 3979 1332 4029 V
1341 3980 1391 4032 T
1547 3980 1690 4033 inter
1728 3978 1935 4050 ambas]
1973 3982 2273 4035 interrabas
2312 3981 2376 4035 N
2513 3983 2548 4036 8
2585 3983 2735 4053 iepte

445 4068 547 4133 (sic
580 4068 693 4134 fere
728 4067 948 4136 ubique)
988 4067 1200 4121 PSVT
1233 4068 1411 4136 ieptae
1454 4069 1554 4131 (sic
1577 4070 1700 4136 sere
1737 4069 1989 4123 omnibus
2026 4070 2180 4136 loeis)
2219 4070 2286 4123 N
2404 4072 2437 4123 9
2476 4087 2633 4124 6111011
2673 4073 2740 4125 Ν

443 4154 546 4205 ’ὅσα
581 4154 1102 4226 κατεκληρονόμησέν
1134 4173 1215 4206 σοι
1243 4156 1358 4209 cod.
1386 4156 1546 4209 Alex.
1660 4158 1727 4210 lO
1762 4156 2095 4211 hereditabit
2122 4157 2256 4211 PV¹
2366 4176 2544 4212 camos
2576 4159 2742 4213 PVT

453 4243 520 4294 12
573 4246 758 4295 noster
794 4261 862 4296 m.
901 4246 940 4294 2
979 4243 1108 4297 add.
1149 4242 1195 4296 S
1375 4244 1440 4297 14
1494 4243 1853 4298 hereditatem
1895 4246 1968 4299 bd
2151 4247 2213 4299 17
2265 4246 2620 4300 hereditatem
2662 4247 2741 4302 bd

446 4332 512 4384 18
560 4331 865 4401 possidebit
901 4332 957 4384 P
1101 4332 1166 4385 19
1215 4332 1288 4403 61]
1330 4336 1391 4385 111
1427 4332 1494 4386 N
1632 4335 1694 4387 21
1748 4337 1987 4387 statutae
2033 4334 2085 4387 T
2221 4336 2290 4388 22
2338 4341 2494 4388 erant
2528 4351 2630 4389 om.
2669 4337 2740 4391 8²

441 4420 519 4473 fili
545 4420 606 4473 N
693 4422 763 4475 23
791 4438 948 4474 6111011
975 4420 1043 4474 N
1125 4421 1195 4475 25
1227 4422 1568 4489 possessione
1605 4423 1655 4475 Τ
1750 4424 1818 4476 26
1848 4423 1914 4476 113
1945 4423 2020 4476 bd
2108 4425 2175 4477 27
2206 4423 2536 4478 hereditabit
2559 4424 2741 4480 Per

2783 1686 2835 1724 10

2779 2221 2834 2258 15

2772 2755 2834 2792 20

2771 3287 2838 3325 25
