3076 4976
589 456 674 519 96
1306 453 1357 506 S.
1417 453 1694 506 Aureli
1750 454 2179 523 Augustini

587 649 713 712 tale
745 648 985 730 aliquid
1015 649 1328 730 scriptura
1358 649 1532 726 dicit,
1565 668 1641 712 ne
1683 649 1758 712 de
1797 649 1917 714 hoc
1957 649 2171 713 eadem
2214 669 2400 732 saepe
2440 649 2700 712 dicenda
2739 649 2863 713 sint.

589 754 699 818 sed
754 755 978 818 merito
1036 755 1363 836 quaeritur
1418 774 1530 818 cur
1586 755 1689 819 hic
1747 755 1947 818 iratus
2006 755 2082 820 de
2137 756 2326 820 fratre
2375 757 2596 839 Moyse
2645 755 2863 820 dixerit.

587 862 759 943 quod
803 863 941 943 ipse
988 862 1082 925 illi
1139 862 1437 944 loquetur
1492 862 1572 925 ad
1627 863 1969 943 populum;
2029 862 2284 925 uidetur
2338 863 2502 925 enim
2562 866 2861 944 tamquam

588 969 899 1032 diffidenti
944 988 1066 1032 non
1117 968 1369 1032 dedisse
1427 968 1866 1051 plenissimam
1924 970 2318 1042 facultatem,
2377 989 2564 1050 quam
2622 968 2861 1032 daturus

590 1079 743 1150 erat,
793 1080 856 1139 et
902 1095 1013 1158 per
1062 1076 1220 1140 duos
1271 1076 1374 1159 agi
1422 1076 1732 1152 uoluisse,
1784 1077 1949 1157 quod
2001 1080 2065 1138 et
2119 1095 2230 1158 per
2285 1095 2482 1138 unum
2539 1079 2772 1157 posset.
2818 1075 2862 1138 si
2907 1097 2922 1132 ε»

589 1183 983 1248 credidisset.
1030 1201 1254 1246 uerum
1304 1185 1511 1246 tamen
1564 1182 1783 1245 eadem
1832 1183 2026 1245 uerba
2075 1182 2282 1245 omnia
2329 1181 2695 1264 diligentius
2743 1201 2861 1245 con-

589 1290 865 1353 siderata
920 1309 1038 1354 non
1088 1289 1451 1373 significant
1493 1289 1728 1353 iratum
1778 1288 2099 1352 dominum
2149 1308 2260 1371 pro
2307 1289 2592 1353 uindicta
2637 1289 2861 1352 dedisse

590 1399 814 1460 Aaron.
902 1397 995 1460 sic
1062 1396 1228 1460 enim
1298 1395 1485 1459 dicit:
1563 1415 1798 1460 nonne
1867 1414 2036 1460 ecce
2103 1396 2342 1460 Aaron
2411 1396 2644 1459 frater
2702 1400 2859 1459 tuus

594 1503 947 1568 Leuites?
997 1503 1156 1568 scio
1207 1502 1383 1584 quia
1419 1503 1740 1584 loquens
1777 1503 2134 1584 loquetur
2170 1502 2355 1585 ipse.
2405 1501 2860 1583 quibus'uerbis

590 1609 952 1675 ostenditur
997 1609 1151 1673 deus
1198 1609 1557 1691 increpasse
1605 1608 1819 1691 potius
1860 1627 2026 1686 eum,
2066 1608 2215 1690 quid
2263 1608 2518 1672 timeret
2562 1608 2668 1683 ire,
2715 1606 2860 1688 quod
2888 1632 2919 1666 ιο

593 1717 729 1799 ipse
795 1719 968 1780 esset
1034 1716 1245 1778 minus
1309 1715 1600 1792 idoneuS‚
1669 1734 1812 1778 cum
1880 1715 2140 1778 haberet
2203 1716 2482 1788 fratrem,
2539 1733 2646 1796 per
2697 1732 2858 1794 quem

593 1826 813 1905 posset
860 1823 935 1885 ad
983 1822 1293 1905 populum
1343 1822 1519 1903 loqui
1571 1821 1739 1903 quod
1788 1822 2005 1898 uellet,
2048 1821 2342 1903 quoniam
2392 1824 2527 1884 erat
2573 1820 2702 1902 ipse
2747 1838 2860 1902 gra·

594 1929 737 1993 stilis
805 1929 983 1993 uocis
1052 1931 1115 1991 et
1177 1928 1434 2011 linguae
1499 1928 1828 2000 tardioris;
1907 1947 2293 2010 quamquam
2358 1928 2432 1991 de
2501 1927 2615 1992 deo
2677 1931 2858 1990 totum

596 2053 842 2116 sperare
892 2034 1163 2100 deberet.
1217 2033 1438 2098 deinde
1478 2034 1696 2098 eadem
1737 2035 1877 2115 ipsa
1913 2053 2072 2116 quae
2110 2036 2299 2115 paulo
2340 2037 2481 2098 ante
2520 2032 2858 2116 promiserat

597 2147 662 2205 et
724 2145 1139 2223 posteaquam
1204 2141 1406 2204 iratus
1473 2145 1574 2205 est
1630 2140 1804 2207 dicit.
1866 2141 2103 2204 dixerat
2160 2141 2359 2204 enim:
2428 2143 2742 2223 aperiam
2794 2156 2857 2198 os
2888 2159 2919 2196 ιε

594 2251 802 2312 tuum
846 2251 918 2310 et
954 2248 1334 2311 instruam
1375 2251 1477 2320 te;
1519 2267 1686 2311 nunc
1727 2250 1943 2311 autem
1983 2247 2171 2311 dicit:
2213 2248 2539 2329 aperiam
2572 2266 2650 2310 os
2681 2248 2856 2309 tuum

599 2358 669 2418 et
720 2374 796 2418 os
847 2354 1008 2417 eius
1057 2357 1131 2417 et
1175 2354 1548 2417 instruam
1599 2374 1735 2419 uos
1787 2374 1973 2437 quac
2022 2354 2354 2419 faciatis.
2424 2354 2537 2417 sed
2593 2351 2855 2435 quoniam

598 2460 875 2526 addidit:
935 2463 1007 2525 et
1062 2461 1422 2543 loquetur
1468 2462 1631 2544 ipse
1680 2462 1824 2526 tibi
1875 2462 1963 2525 ad
2007 2462 2396 2544 populum,
2455 2460 2709 2524 uidetur
2760 2457 2857 2521 oris

598 2568 838 2650 apertio
895 2568 1220 2648 praestita,
1278 2571 1536 2651 propter
1593 2569 1761 2650 quod
1818 2569 1972 2633 dicit
2020 2570 2277 2651 Moyses
2334 2568 2592 2651 linguae
2640 2587 2704 2631 se
2747 2582 2858 2628 esse

599 2674 913 2739 tardioris,
965 2674 1041 2738 de
1080 2674 1257 2739 uocis
1297 2679 1509 2739 autem
1553 2676 1907 2759 gracilitate
1946 2676 2104 2739 nihil
2146 2676 2199 2739 ei
2239 2677 2561 2757 praestare
2602 2673 2914 2737 dominum

599 2778 828 2856 uoluit,
880 2781 991 2843 sed
1039 2784 1296 2862 propter
1342 2782 1462 2844 hoc
1510 2782 1894 2845 adiutorium
1934 2782 2145 2845 fratris
2186 2780 2490 2854 adiunxit,
2532 2780 2639 2862 qui
2675 2780 2860 2862 posset

599 2904 673 2949 ea
721 2886 813 2948 uti
860 2905 1038 2963 uoce,
1088 2907 1247 2968 quae
1293 2889 1528 2970 populo
1587 2888 1868 2952 docendo
1927 2888 2264 2952 sufficeret.
2341 2886 2510 2969 quod
2569 2905 2710 2970 ergo
2762 2884 2858 2948 ait:

599 2996 673 3055 et
722 2991 933 3057 dabis
981 2994 1210 3058 uerba
1256 3013 1415 3058 mea
1460 2995 1531 3057 in
1583 3014 1661 3057 os
1712 2996 1894 3072 eius,
1945 2994 2225 3059 ostendit
2263 2994 2432 3075 quod
2471 3013 2546 3057 ea
2584 2988 2861 3075 loquenda

601 3103 773 3163 esset
820 3099 1116 3169 datumsz
1167 3120 1310 3163 nam
1360 3101 1413 3164 si
1460 3101 1903 3166 tantummodo
1952 3101 2264 3165 audienda
2311 3101 2483 3164 sicut
2527 3100 2771 3182 populo,
2811 3095 2857 3157 in

601 3225 784 3270 aures
833 3206 1090 3270 diceret.
1142 3206 1367 3271 deinde
1416 3208 1583 3288 quod
1621 3209 1811 3289 paulo
1850 3212 1998 3289 post
2036 3208 2156 3272 ait:
2208 3210 2282 3271 et
2326 3209 2685 3289 loquetur
2726 3205 2919 3285 ipses

602 3313 744 3376 tibi
795 3313 880 3376 ad
927 3313 1291 3394 populum
1342 3317 1414 3376 et
1460 3314 1623 3394 ipse
1673 3314 1817 3377 erit
1849 3292 2070 3379 =tuum
2120 3333 2220 3389 οε,
2272 3314 2475 3377 ethic
2517 3311 2860 3377 subauditur

609 3420 723 3497 „ad
770 3421 1145 3503 populum“.
1223 3422 1288 3484 et
1336 3439 1479 3483 cum
1530 3420 1717 3484 dicit:
1777 3421 1918 3484 tibi
1976 3423 2330 3503 loquetur
2377 3420 2464 3484 ad
2511 3420 2857 3502 populum,

780 3630 813 3683 8
851 3629 945 3682 Ex.
988 3629 1040 3694 4,
1080 3631 1147 3681 14
1259 3630 1324 3682 15
1362 3627 1457 3681 Ex.
1494 3628 1547 3692 4,
1591 3629 1655 3681 15
1770 3628 1836 3681 18
1877 3629 1969 3682 Ex.
2008 3631 2058 3689 4,
2104 3631 2166 3683 16
2289 3629 2359 3683 23
2398 3629 2495 3682 Ex.
2536 3630 2589 3696 4,
2631 3629 2691 3682 15

675 3753 706 3803 2
746 3753 916 3819 moysi
954 3750 1247 3804 SNVde
1282 3751 1419 3804 mosi
1455 3751 1510 3803 P
1643 3752 1675 3804 3
1716 3751 1807 3804 ille
1847 3751 1962 3819 ipse
2011 3751 2062 3803 V
2091 3751 2173 3803 illi
2215 3751 2330 3821 ipse
2370 3751 2401 3804 b
2583 3750 2860 3820 loqueretur

603 3839 887 3893 PSVde
991 3840 1027 3890 4
1066 3837 1395 3891 diffeudendi
1439 3839 1485 3891 G
1590 3840 1623 3891 5
1662 3839 1788 3907 agni
1826 3839 1872 3891 Ο
2012 3840 2089 3906 et]
2132 3839 2295 3891 etiam
2325 3839 2356 3891 b
2467 3839 2501 3891 6
2540 3838 2784 3893 credisset
2808 3833 2859 3887 (ἐι

602 3928 787 3981 omnia
826 3926 921 3979 dili
960 3943 1060 3983 om.
1098 3927 1164 3979 N
1278 3926 1657 3991 consideratam
1703 3927 1749 3981 G
1783 3927 2088 3980 considerat
2123 3927 2187 3980 N
2275 3929 2306 3980 9
2344 3928 2595 3997 loquens]
2636 3928 2857 3994 eloquens

606 4020 690 4071 est
724 4016 913 4070 PSVb
958 4016 1185 4085 loquens
1234 4020 1315 4068 est
1362 4016 1411 4068 T
1591 4017 1656 4070 10
1695 4016 1844 4086 quid]
1887 4017 1978 4085 qui
2020 4015 2321 4072 PSNVTb
2503 4017 2569 4070 12
2614 4016 2772 4086 possit
2807 4010 2858 4065 0¹

605 4110 791 4175 posset
829 4109 885 4158 et
924 4104 981 4155 N
1124 4105 1240 4174 ipse
1279 4108 1396 4158 erat
1435 4104 1481 4158 S
1589 4107 1653 4158 15
1694 4109 1838 4175 aperi
1888 4106 1940 4158 V
2048 4106 2112 4160 16
2152 4106 2332 4175 aperio
2380 4104 2451 4159 V¹
2569 4106 2635 4159 19
2670 4105 2858 4173 linguae

604 4210 663 4247 se
710 4195 849 4262 esse]
903 4194 1092 4262 lingua
1139 4210 1258 4247 esse
1304 4195 1350 4247 (J
1394 4194 1585 4263 lingua.
1622 4212 1677 4247 se
1718 4195 1790 4248 P¹
1829 4195 2049 4263 linguae
2089 4212 2146 4248 se
2186 4194 2361 4249 18de
2539 4195 2609 4249 20
2644 4191 2856 4247 dominus

605 4284 879 4351 praestare
927 4281 1009 4335 Vb
1101 4283 1169 4335 22
1208 4285 1358 4352 ergo]
1401 4286 1582 4336 autem
1621 4282 1866 4337 PSVTb
1957 4284 2025 4336 ⁶23
2064 4283 2335 4353 loquendo
2385 4283 2436 4335 V
2519 4284 2586 4337 24
2625 4274 2857 4336 audiendo

606 4368 785 4423 P¹SV
890 4371 959 4422 26
998 4369 1103 4439 hic]
1143 4370 1220 4423 sic
1259 4370 1289 4422 b
1400 4371 1467 4422 ⁶27
1509 4374 1604 4422 et-
1637 4370 1897 4440 populum
1938 4387 2040 4424 om.
2081 4371 2143 4422 N
