3076 4976
617 497 1095 563 Quaestionum
1136 498 1244 552 lib.
1285 498 1340 551 11
1378 497 1668 569 (Quaest.
1711 499 1783 551 ‹le
1823 497 2082 565 Exodo).
2363 502 2488 564 153

226 699 311 758 est
350 694 841 758 tribulationem.
890 695 1053 758 unde
1095 693 1355 758 dicitur:
1406 714 1588 758 uasa
1638 694 1865 778 figuli
1917 695 2184 776 probat
2233 695 2490 758 fornax

226 803 289 865 et
344 800 676 864 homines
742 800 991 864 iustos
1058 801 1407 865 temtatio
1475 801 2029 867 tribulationis,
2125 801 2273 882 quia
2343 819 2489 883 ergo

222 928 328 971 non
388 911 483 970 est
544 911 696 971 tunc
761 907 965 971 infans
1031 927 1282 990 passus»,
1351 926 1494 971 cum
1565 911 1902 990 quaerente
1969 907 2218 971 Herode
2299 907 2491 970 huius

222 1014 372 1078 modi
406 1014 761 1097 periculum
801 1014 1125 1078 imminere
1166 1014 1508 1092 uideretur,
1540 1014 1934 1098 praedictum
1975 1017 2072 1077 est
2109 1013 2210 1078 his
2248 1013 2492 1078 uerbis:

173 1140 344 1186 snon
402 1140 683 1203 coques
742 1140 1005 1205 agnum
1064 1121 1133 1183 in
1190 1122 1389 1185 lacte
1448 1121 1711 1185 matris
1772 1141 1971 1197 suae,
2032 1140 2187 1197 „non
2238 1120 2492 1184 occides

224 1225 590 1303 Christum;“
647 1227 977 1309 prophetia
1043 1227 1207 1290 enim
1275 1227 1528 1291 uidetur
1594 1247 2029 1309 praemonen8‚
2087 1247 2163 1290 ne
2223 1247 2288 1290 se
2346 1227 2495 1291 boni

220 1335 563 1398 Israhelitae
624 1335 938 1399 sociarent
994 1334 1178 1398 malis
1226 1334 1499 1412 Iudaeis,
1552 1355 1587 1397 a
1635 1334 1866 1416 quibus
1918 1333 2207 1398 Christus
2265 1352 2494 1415 passus

222 1445 325 1506 est.
392 1442 720 1505 tribulatio
788 1442 1019 1524 quippe
1087 1442 1401 1524 passionis
1481 1449 1807 1523 tamquam
1885 1441 2049 1525 ignis
2127 1445 2244 1504 est.
2331 1440 2494 1503 unde

222 1548 504 1629 scriptum
554 1553 683 1613 est:
734 1552 1106 1631 tamquam
1157 1568 1413 1612 aurum
1452 1549 1523 1611 in
1563 1549 1864 1612 fornace
1905 1547 2265 1630 probauit
2310 1547 2493 1610 illos

152 1681 191 1717 ιο
223 1658 283 1718 et
326 1655 520 1718 sicut
566 1656 1103 1720 holocaustum
1154 1655 1479 1719 hostiam
1532 1655 1881 1738 suscepit
1928 1655 2128 1719 illos.
2200 1655 2301 1717 cui
2354 1673 2492 1717 sen-

219 1762 429 1825 tentiae
476 1762 775 1826 dominus
825 1781 1074 1844 quoque
1124 1762 1479 1825 adtestatur
1526 1761 1771 1826 dicens:
1831 1762 2211 1844 baptismo
2260 1761 2494 1825 habeo

221 1867 571 1948 baptizari
624 1889 839 1951 quem
889 1887 1022 1931 uos
1074 1869 1413 1932 nescitis.
1465 1868 1584 1932 hoc
1634 1868 1796 1930 enirn
1848 1868 1955 1942 ait,
2006 1888 2151 1932 cum
2203 1867 2493 1931 dixisset:

222 1973 442 2058 ignem
491 1975 666 2038 ueni
716 1974 1019 2039 mittere
1069 1976 1138 2037 in
1191 1974 1479 2038 mundo,
1530 1974 1686 2038 (licit
1735 1974 1901 2038 enim
1941 1973 2282 2037 Iohannes:
2333 1974 2495 2055 ipse

223 2099 339 2143 uos
400 2082 828 2163 baptizabit
891 2082 961 2145 in
1030 2081 1309 2162 spiritu
1368 2086 1628 2145 sancto
1680 2085 1752 2144 et
1798 2081 1978 2164 igni,
2030 2080 2198 2162 quod
2245 2080 2492 2143 intelle-

153 2213 192 2250 15
224 2187 376 2270 gitur
419 2192 481 2251 et
524 2188 903 2272 purgat-ione
951 2188 1471 2252 sanctificationis
1521 2190 1586 2251 et
1635 2188 2002 2270 probatione
2043 2185 2491 2251 tribulationis,

223 2293 467 2358 eundem
505 2295 718 2378 ignem
762 2295 1146 2379 significauit
1184 2295 1374 2358 etiam
1412 2295 1569 2376 ipse,
1612 2314 1755 2357 cuni
1796 2293 1873 2357 ad
1911 2294 2269 2376 passionem
2313 2293 2498 2357 duce-

223 2403 401 2464 retur:
440 2403 549 2465 ubi
591 2402 751 2465 (lixit
789 2401 915 2465 illis
957 2402 1065 2483 qui
1105 2422 1248 2465 eum
1289 2401 1697 2484 plangebant,
1740 2400 1908 2482 quod
1950 2419 2139 2482 super
2178 2419 2244 2462 se
2283 2399 2498 2481 potius

224 2508 497 2590 plangere
530 2508 852 2572 deberent.
892 2508 981 2572 ita
1013 2508 1178 2572 enim
1209 2507 1596 2583 terminauit‚
1630 2509 1702 2569 ut
1731 2505 1993 2570 diceret:
2037 2505 2098 2570 si
2148 2505 2215 2569 in
2266 2506 2496 2569 uiridi

224 2614 407 2695 ligno
456 2616 591 2679 hoc
646 2613 939 2678 faciunt
983 2615 1053 2678 in
1105 2615 1312 2679 arido
1364 2613 1542 2696 quid
1590 2613 1914 2677 facient?
1963 2616 2299 2677 monentur
2347 2633 2494 2696 ergo

154 2720 372 2797 2oboni‚
420 2741 492 2784 ne
545 2721 624 2783 ad
668 2720 989 2784 Christum
1040 2720 1540 2804 crucifigendum
1589 2721 1774 2784 malis
1824 2720 2238 2784 consentiant.
2291 2720 2499 2784 dictus

227 2832 312 2890 est
346 2827 505 2891 enim
547 2847 790 2911 agnus
840 2827 977 2903 dei,
1027 2827 1152 2910 qui
1210 2827 1426 2892 tollit
1483 2829 1796 2909 peccata
1844 2825 2114 2892 mundi.
2167 2846 2300 2890 non
2352 2846 2497 2909 ergo

228 2952 482 3016 coques
534 2953 809 3017 agnum
855 2934 925 2997 in
975 2935 1173 2997 lacte
1221 2934 1485 2997 matris
1535 2953 1743 2996 suae:
1793 2952 1911 2996 non
1962 2932 2208 3015 ingeres
2250 2932 2499 2997 Christo

226 3039 419 3123 ignem
473 3040 795 3122 passionis
851 3041 912 3103 in
969 3040 1080 3104 illo
1131 3040 1230 3105 die
1279 3060 1402 3122 quo
1453 3045 1796 3121 conceptus
1847 3044 1970 3111 estz
2021 3042 2173 3103 tunc
2223 3039 2387 3102 enim
2440 3043 2502 3102 et

229 3165 433 3225 passus
480 3147 775 3221 traditur,
825 3146 887 3209 id
938 3150 1037 3211 est
1082 3146 1235 3209 VIII
1282 3146 1407 3210 kal.
1456 3146 1728 3229 Apriles,
1771 3165 1839 3208 ex
1880 3165 2002 3227 quo
2045 3144 2143 3208 die
2182 3164 2384 3227 usque
2423 3145 2501 3207 ad

157 3278 199 3317 κε»
234 3250 361 3315 VIII
405 3254 527 3316 kal.
597 3254 944 3329 Ianuarias,
1013 3273 1136 3335 quo
1205 3257 1391 3316 natus
1460 3251 1956 3328 commendatur,
2023 3251 2205 3314 VIIII
2254 3270 2501 3315 menses

229 3364 634 3441 conputantur
700 3360 943 3424 decimo
1009 3361 1279 3426 incoatO.
1358 3360 1771 3441 perhibentur
1828 3362 2040 3421 autem
2089 3358 2282 3422 ubera
2326 3356 2503 3421 femi-

230 3483 425 3529 narum
474 3486 545 3531 ex
595 3466 697 3531 die
749 3466 1176 3549 conceptionis
1225 3467 1323 3530 lac
1374 3466 1695 3549 colligere.
1749 3468 1848 3527 est
1894 3469 2108 3527 autem
2157 3465 2320 3527 alius
2369 3482 2503 3527 sen·

394 3678 415 3727 1
459 3674 624 3730 Eccli.
669 3677 755 3738 27,
797 3678 828 3729 5
976 3678 1007 3727 9
1049 3676 1171 3745 Sap.
1212 3678 1261 3739 3,
1302 3678 1334 3729 6
1486 3676 1543 3727 11
1587 3674 1715 3727 Luc.
1759 3674 1840 3735 12,
1878 3674 1963 3725 49.
2003 3673 2072 3725 50
2203 3673 2267 3726 13
2307 3672 2505 3726 Matth.

234 3762 276 3821 3,
315 3764 399 3825 113
432 3764 566 3817 Luc.
608 3766 662 3821 3.
708 3766 797 3829 16;
840 3766 905 3821 cf.
944 3765 1058 3819 Ioh.
1105 3766 1148 3820 l.
1189 3766 1257 3817 33
1375 3764 1438 3817 18
1476 3764 1605 3817 Luc.
1646 3765 1730 3825 ⁶23,
1773 3764 1837 3815 31
1952 3764 2016 3815 21
2058 3762 2172 3815 Ioh.
2218 3764 2261 3825 1,
2303 3763 2370 3815 ‘29

295 3885 323 3937 3
359 3894 618 3955 quaerent
659 3888 818 3942 erode
858 3890 901 3942 C
1059 3891 1093 3942 4
1132 3889 1439 3942 immineret
1483 3886 1529 3939 C
1699 3890 1730 3937 ἴ)
1770 3904 1874 3939 non
1914 3886 2125 3939 occides
2166 3918 2230 3925 —
2268 3890 2398 3948 154,
2436 3890 2508 3938 13

235 3990 382 4043 grege
408 3985 636 4045 praeter
672 3979 802 4047 Euy
830 3996 889 4046 p.
933 3981 1049 4031 392
1086 3994 1231 4030 unus
1270 3977 1438 4030 coclea:
1482 3976 1528 4028 C
1561 3975 1796 4041 exhibet;
1843 3977 1903 4027 in
1937 3976 2080 4043 Euy.
2119 3975 2411 4042 Excerptis
2447 3976 2508 4027 in

236 4061 338 4115 cod.
382 4064 427 4116 T
471 4066 814 4120 adnotatur:
866 4066 989 4120 hinc
1038 4066 1143 4118 ianr
1196 4083 1257 4118 ex
1296 4065 1403 4117 alio
1442 4082 1601 4133 opere
1637 4053 1720 4117 {ci
1757 4064 2038 4132 augustini
2079 4080 2213 4132 quae
2253 4066 2509 4115 secuntur

237 4149 431 4205 adiecta
480 4160 633 4217 sunt;
685 4161 867 4208 tamen
912 4170 1101 4207 uersus
1149 4154 1347 4207 harum
1410 4159 1617 4221 quaest.
1665 4153 1904 4206 indolem
1960 4153 2252 4220 respiciens
2304 4153 2511 4204 retinui

238 4238 265 4289 9
298 4241 541 4309 probabit
586 4245 635 4297 C
761 4244 826 4296 10
866 4243 1183 4297 holocausta
1221 4242 1263 4296 C
1394 4246 1457 4296 12
1499 4244 1682 4313 quern]
1726 4241 1869 4311 quod
1916 4242 1961 4294 C
2072 4243 2132 4295 13
2171 4240 2370 4293 mundo
2417 4240 2505 4293 0¹:

240 4329 474 4384 mundum
509 4334 642 4402 Euy
757 4334 818 4384 14
857 4332 1161 4401 baptizauit
1206 4332 1251 4385 0
1358 4333 1423 4384 19
1464 4333 1616 4400 ergo]
1659 4332 1798 4385 enirn
1839 4332 1966 4399 Euy
2082 4331 2147 4382 21
2189 4330 2350 4382 tollet
2386 4329 2512 4398 Euy

239 4416 299 4468 23
335 4420 420 4486 qui
463 4420 510 4474 0
617 4423 681 4475 :24
726 4420 857 4473 VIII
898 4427 1027 4474 ante
1061 4421 1167 4474 kal.
1204 4421 1319 4474 Ian.
1360 4438 1460 4474 om.
1501 4422 1628 4490 Euy
