3076 4976
521 520 648 583 616
1226 516 1279 569 S.
1337 515 1613 569 Aureli
1668 514 2109 584 Augustini

515 713 699 795 pulli,
757 712 906 794 quia
960 712 1084 774 iam
1143 711 1439 787 humileS,
1496 710 1638 774 ideo
1697 714 1997 788 errante8‚
2056 711 2203 792 quia
2260 709 2540 775 nondum
2590 728 2820 792 cogno-

518 824 747 883 uerunt
793 818 1154 896 ueritatem,
1196 837 1384 898 quam
1423 820 1633 881 tamen
1674 817 1776 899 pie
1817 822 2150 899 quaerunt,
2192 836 2337 881 cum
2376 816 2454 879 ad
2495 815 2822 879 dominum

520 927 813 989 clamant.
882 925 1237 1007 praeparari
1305 929 1518 989 autem
1585 929 1799 1007 potest
1866 943 2057 988 corno
2134 942 2278 988 esca
2349 929 2609 1005 propter
2683 921 2824 986 eius

517 1031 1025 1114 praescientiam,
1061 1109 1064 1110 7
1094 1032 1201 1113 qui
1268 1032 1450 1096 nouit
1516 1034 1706 1096 etiam
1774 1033 2051 1096 nondum
2118 1031 2427 1095 humilem
2504 1049 2826 1112 quemque

521 1157 901 1203 conuersum
948 1138 1058 1214 iri3
1110 1139 1220 1202 sed
1269 1143 1480 1203 tamen
1526 1138 1709 1220 pulli,
1761 1139 1879 1203 hoc
1921 1142 2020 1202 est
2058 1138 2335 1202 humiles
2376 1137 2454 1202 ad
2494 1137 2825 1201 dominum
2891 1156 2919 1196 s

522 1245 810 1310 clamant.

608 1351 996 1415 XXXVIIII.
1046 1350 1125 1416 Si
1177 1352 1653 1436 cognouisti
1700 1356 2022 1434 tempus
2061 1352 2436 1434 pariendi
2476 1352 2826 1434 tragela-

522 1458 856 1541 phorum
904 1459 1228 1539 petras?
1273 1461 1493 1542 τράγος
1543 1458 1756 1523 hircus
1806 1463 1926 1534 est,
1976 1454 2212 1546 ἔλαφος
2252 1478 2512 1534 ceruus;
2553 1458 2828 1542 tragela-

524 1565 690 1645 phus
758 1583 906 1647 ergo
976 1565 1403 1646 compositum
1461 1566 1695 1629 animal
1754 1585 1825 1629 ex
1883 1564 2055 1629 hirco
2115 1569 2179 1629 et
2236 1584 2447 1630 cerno.
2505 1565 2831 1649 significat

522 1670 720 1754 igitur
800 1675 1075 1735 mentem
1161 1672 1543 1735 seruientem
1625 1672 1755 1755 legi
1842 1671 1943 1736 dei
2027 1671 2379 1737 secundum
2463 1671 2828 1737 interiorem
2868 1691 2919 1729 ιο

526 1778 878 1854 hominem;
929 1778 1107 1842 uidet
1154 1782 1454 1855 autem,
1504 1782 1812 1860 quantum
1864 1779 2072 1845 adhuc
2122 1798 2194 1842 ex
2234 1781 2408 1862 parte
2447 1778 2664 1843 hircus
2705 1785 2827 1855 est,

525 1883 764 1946 aliam
837 1884 1096 1968 legem
1170 1884 1244 1947 in
1322 1884 1703 1948 membris
1779 1885 1913 1948 suis
1989 1888 2579 1968 repugnantem
2653 1885 2828 1969 legi

525 1990 820 2054 mentis
897 2009 1047 2054 suae
1123 1994 1199 2054 et
1274 1991 1842 2073 captiuantem
1919 2011 1986 2054 se
2058 1991 2134 2054 in
2210 1991 2391 2073 lege
2474 1992 2827 2074 peccati,

525 2096 770 2178 peperit
817 2100 1030 2160 autem
1075 2097 1316 2161 talibus
1363 2101 1579 2179 petras
1627 2101 1936 2180 oportuno
1977 2102 2263 2180 tempore
2302 2097 2433 2174 ille,
2476 2097 2584 2180 qui
2622 2097 2827 2161 firma·

525 2207 737 2266 menta
794 2203 997 2267 solida
1054 2204 1482 2285 exemplorum
1540 2204 1605 2267 in
1665 2204 1997 2286 scripturis
2053 2204 2290 2285 posuit,
2350 2204 2410 2266 in
2473 2204 2704 2285 quibus
2764 2209 2831 2266 et.
2872 2223 2924 2262 15

529 2309 926 2391 quiescentes
967 2309 1042 2373 de
1082 2329 1150 2373 se
1187 2329 1306 2374 non
1349 2309 1707 2391 desperent,
1751 2328 2019 2390 quorum
2070 2328 2250 2373 caro
2302 2309 2830 2391 concupiscit

532 2415 936 2480 aduersus
1006 2416 1395 2500 spiritum
1465 2420 1543 2480 et
1607 2416 1963 2499 spiritus
2024 2416 2418 2480 aduersus
2478 2434 2823 2493 carnem,

530 2524 728 2587 donec
776 2525 1122 2588 uiuacitate
1171 2524 1344 2589 cerui
1382 2524 1761 2605 serpentinis
1802 2523 2206 2587 suasionibus
2247 2523 2561 2604 superatis
2600 2522 2826 2606 spiritu

531 2630 752 2694 uiuant
798 2635 861 2694 et
907 2631 1202 2713 spiritum
1242 2633 1584 2707 sectentur,
1624 2648 1714 2693 ne
1752 2633 2038 2713 regnet
2074 2636 2494 2713 peccatum
2536 2667 2624 2677 —
2663 2629 2828 2694 unde

534 2737 887 2801 similitudo
936 2736 1096 2800 hirci
1143 2737 1399 2801 ducitur
1443 2774 1528 2783 —
1578 2737 1654 2800 in
1705 2755 1920 2801 eorum
1968 2737 2300 2801 mortali
2348 2756 2686 2819 corpore
2734 2737 2825 2800 ad
2869 2760 2926 2797 ιο

537 2843 1131 2907 oboediendum
1181 2843 1623 2908 desideriis
1665 2843 1860 2907 eius.
1904 2847 2041 2906 aut
2077 2848 2361 2925 partus
2403 2862 2826 2907 ceruarum

538 2950 1041 3015 custodisti?
1117 2950 1528 3015 ecclesiarum
1604 2951 1665 3013 in
1744 2969 2004 3013 numero
2072 2949 2477 3031 spiritalium,
2544 2954 2827 3014 materno

537 3057 767 3120 affectu
841 3057 1258 3121 imitationem
1336 3076 1517 3122 suam
1591 3056 2129 3138 persuadentium,
2206 3057 2438 3138 quibus
2510 3056 2640 3119 iam
2704 3074 2827 3119 non

535 3167 807 3244 possunt
853 3164 1244 3246 serpentinae
1293 3163 1622 3245 opiniones
1670 3182 1927 3239 noce1·e;
1978 3167 2185 3227 tamen
2235 3166 2297 3227 et
2343 3164 2502 3227 tales
2553 3162 2830 3227 custodi-

538 3273 728 3332 untur
774 3288 894 3334 non
945 3270 1019 3333 de
1068 3290 1157 3347 se,
1216 3270 1326 3335 sed
1386 3270 1461 3333 de
1520 3270 1633 3336 deo
1690 3274 2190 3354 praesumentes,
2249 3273 2323 3332 et
2378 3268 2830 3332 numerasti
2872 3292 2928 3330 a

540 3394 856 3440 menses
914 3380 1198 3457 partus
1259 3381 1571 3441 earum?
1628 3396 1749 3441 non
1807 3377 1971 3440 enim
2019 3376 2273 3458 pariunt
2317 3375 2438 3439 nisi
2487 3393 2599 3457 per
2647 3394 2831 3438 euan-

540 3484 800 3566 gelium,
860 3483 1028 3565 quod
1085 3503 1120 3546 a
1175 3483 1492 3567 baptismo
1553 3503 1667 3548 suo
1726 3483 2020 3549 dominus
2076 3501 2279 3564 usque
2336 3481 2415 3545 ad
2471 3481 2830 3563 passionem

542 3592 729 3670 atque
780 3590 1214 3655 ascensionem
1264 3609 1445 3654 suam
1496 3591 1684 3655 certis
1724 3590 2048 3655 mensibus
2086 3587 2441 3669 magisterii
2479 3587 2581 3651 sui
2620 3590 2834 3651 aucto-

723 3834 752 3885 7
791 3833 887 3886 Iob
927 3833 1012 3893 39,
1055 3834 1079 3886 1
1269 3834 1329 3885 11
1382 3832 1447 3885 cf.
1496 3833 1649 3887 Rom.
1700 3834 1747 3893 7,
1795 3834 1880 3885 22.
1927 3834 1996 3886 23
2182 3833 2246 3885 16
2285 3831 2351 3885 cf.
2392 3830 2509 3887 Gal.
2550 3832 2600 3895 5,
2645 3833 2725 3885 17.
2770 3831 2833 3884 18

545 3923 609 3975 19
651 3922 717 3978 cf.
758 3922 908 3975 Rom.
949 3924 997 3985 6,
1040 3922 1105 3975 12
1215 3922 1279 3975 21
1322 3922 1418 3975 Iob
1459 3923 1546 3986 39,
1590 3924 1615 3975 1
1720 3922 1786 3975 25
1823 3921 1922 3974 Iob
1962 3923 2047 3983 39,
2086 3922 2118 3975 2

616 4084 648 4137 3
688 4099 848 4136 corno
889 4098 1009 4135 esca
1045 4084 1231 4150 potest
1273 4080 1392 4135 de
1489 4084 1521 4137 5
1562 4097 1939 4135 conuersurum
1976 4081 2033 4133 P
2121 4081 2150 4132 7
2191 4078 2526 4148 cognouistis
2565 4078 2619 4130 P
2723 4081 2830 4130 tra-

543 4170 893 4240 uelaphorum
939 4170 986 4224 C
1072 4170 1104 4224 8
1142 4170 1198 4224 in
1235 4170 1403 4239 petris
1439 4170 1585 4223 Hier
1617 4183 1620 4187 ’
1653 4174 1839 4239 tragos
1884 4169 2038 4223 TPC
2141 4174 2225 4222 est
2261 4183 2361 4221 om.
2403 4166 2434 4220 b
2536 4165 2746 4236 gelatos
2788 4164 2838 4218 T

545 4260 805 4329 gelaphos
842 4260 948 4313 PC
1017 4262 1048 4313 9
1088 4277 1148 4312 ex
1186 4260 1335 4313 hirco
1376 4263 1431 4312 et
1469 4275 1626 4312 cerno
1668 4258 1866 4312 animal
1903 4258 1976 4311 bd
2052 4259 2112 4311 11
2154 4256 2372 4310 uidetur
2405 4256 2510 4309 PC
2583 4256 2649 4308 13
2687 4271 2829 4307 men·

544 4352 589 4402 ti
637 4350 686 4402 T
794 4350 858 4401 14
898 4349 1126 4417 peperit]
1165 4352 1323 4416 parat
1360 4348 1413 4400 P
1522 4349 1588 4401 19
1627 4364 1725 4399 nec
1763 4347 1816 4399 P
1923 4346 1992 4400 20
2028 4346 2185 4415 hirci]
2225 4345 2368 4398 cerui
2407 4345 2438 4397 b
2566 4343 2765 4415 dieitur
2798 4342 2827 4394 b

547 4440 614 4493 23
653 4439 782 4506 11011]
818 4437 954 4490 nihil
996 4437 1033 4489 d
1139 4437 1206 4489 28
1245 4437 1430 4504 atque]
1474 4440 1528 4488 et
1572 4435 1689 4489 de
