3076 4976
421 442 554 506 426
1134 438 1186 490 S.
1245 437 1518 490 Aureli
1577 436 2014 506 Augustini

516 633 722 698 VIIII.
773 634 1000 698 Merito
1051 632 1393 715 quaeritur,
1443 652 1589 697 cum
1630 632 1920 697 dominus
1960 637 2214 715 propter
2250 632 2453 707 illum,
2495 633 2602 715 qui
2642 633 2719 697 de

422 741 825 804 anathemate
856 741 1094 804 furtum
1124 741 1380 816 fecerat,
1412 740 1800 822 praeceperit
1832 758 1974 803 eum
2009 740 2115 821 qui
2153 740 2385 803 fuisset
2424 743 2717 804 ostensus

423 846 559 929 igni
608 845 888 922 cremari,
931 864 1043 909 cur
1082 864 1224 909 eum
1267 849 1592 910 ostensum
1632 846 1812 910 Iesus
1851 846 2118 929 lapidari
2158 847 2372 929 potius
2413 866 2447 909 a
2484 847 2717 928 populo

424 952 667 1017 feeerit.
725 972 799 1016 an
857 952 947 1016 ita
1005 971 1150 1016 eum
1206 952 1362 1017 mori
1423 953 1706 1034 oportuit
1762 953 2295 1034 quemadmodum
2352 953 2554 1029 IesuS‚
2612 954 2719 1035 qui

421 1058 685 1141 propius
725 1058 1047 1124 dominum
1088 1060 1490 1141 sequebatur,
1531 1059 1770 1123 domini
1809 1058 2001 1123 uerba
2036 1060 2313 1123 iubentis
2352 1060 2720 1144 intellegere

424 1166 677 1247 potuit?
728 1165 821 1230 sie
868 1166 1032 1229 enim
1074 1166 1235 1230 alius
1277 1166 1614 1248 quisquam
1653 1184 1775 1229 uon
1816 1164 2000 1229 facile
2038 1166 2267 1248 potuit.
2309 1166 2475 1230 unde
2514 1167 2719 1249 magis

423 1272 854 1353 quaerendum
906 1277 1004 1336 est
1051 1291 1164 1337 our
1208 1273 1662 1356 lapidationem
1698 1273 1910 1356 ignem
1950 1272 2366 1354 appellauerit
2404 1272 2719 1347 domium,

421 1397 616 1459 quam
666 1378 1047 1443 eredendum
1094 1380 1310 1445 Iesum
1358 1379 1530 1444 aliud
1580 1379 1808 1443 fecisse
1857 1398 2047 1460 quam
2093 1378 2370 1443 iusserat
2408 1379 2722 1445 dominus.

425 1504 571 1548 nam
629 1504 831 1567 neque
889 1485 968 1549 ad
1023 1485 1517 1570 intellegendum
1576 1486 1768 1550 uerba
1827 1485 2063 1549 domini
2119 1486 2456 1567 quisquam
2512 1487 2724 1569 pot-uit

422 1611 568 1655 esse
638 1593 981 1674 sapientior
1044 1612 1245 1675 neque
1303 1593 1381 1657 ad
1437 1592 1798 1657 faciendum
1864 1593 2200 1675 quisquam
2269 1593 2720 1657 oboedientior.

426 1698 689 1779 proinde
754 1698 921 1783 ignis
996 1701 1246 1765 nomine
1310 1719 1580 1782 poenam
1643 1698 1930 1782 potuisse
2003 1698 2344 1782 significari
2413 1699 2722 1782 scriptura

426 1806 614 1870 testis
673 1810 771 1871 est
816 1807 879 1870 in
937 1808 1450 1883 Deuteronomio,
1511 1806 1621 1870 ubi
1678 1806 1911 1870 dieitur
1966 1806 2044 1870 ad
2101 1806 2265 1871 filios
2322 1807 2591 1871 Israhel:
2651 1812 2724 1870 et

426 1913 689 1978 eduxit
754 1933 887 1978 uos
957 1914 1041 1977 de
1098 1916 1398 1978 fornace
1465 1915 1708 1979 ferrea
1767 1933 1846 1977 ex
1901 1913 2274 1997 Aegypto:
2334 1913 2442 1977 ubi
2497 1914 2722 1996 utique

427 2020 650 2084 duram
698 2021 1174 2086 tribulationem
1220 2021 1505 2105 intellegi
1554 2021 1784 2086 uoluit.

522 2129 696 2192 Duae
747 2131 961 2192 autem
1009 2129 1166 2192 mihi
1215 2148 1443 2193 causae
1494 2132 1833 2193 occurrunt
1878 2164 1966 2173 -—
2011 2146 2132 2191 non
2183 2130 2256 2191 ut
2304 2128 2521 2191 ambae
2572 2127 2719 2201 sint,

426 2234 541 2298 sod
572 2239 645 2298 ut
672 2235 871 2299 altera
901 2255 971 2299 ex
1012 2236 1103 2300 eis
1151 2273 1237 2281 —
1286 2256 1397 2299 eur
1434 2254 1554 2299 non
1595 2235 1702 2298 ille
1744 2253 1887 2298 eum
1930 2234 2065 2299 suis
2107 2235 2400 2298 omnibus
2442 2234 2718 2298 euidenti

424 2342 573 2425 igne
624 2346 937 2407 crematus
996 2343 1098 2409 sit.
1151 2344 1204 2407 si
1252 2344 1417 2407 enim
1472 2345 1803 2426 peceatum
1863 2341 1999 2405 eius
2056 2340 2350 2405 dominus
2410 2341 2533 2404 tale
2584 2360 2722 2404 esse

428 2448 759 2525 iudicauit,
791 2449 959 2530 quod
989 2449 1302 2532 supplicio
1334 2449 1442 2514 illo
1474 2449 1792 2531 expiatum
1826 2466 1944 2512 non
1985 2447 2236 2530 puniret
2273 2448 2334 2511 in
2376 2450 2719 2512 aeternum.

426 2560 685 2638 propter
746 2557 951 2638 ipsam
1019 2558 1432 2640 expiationem
1500 2561 1565 2621 et
1628 2557 2065 2640 purgationem
2131 2561 2551 2640 congruenter
2612 2557 2719 2620 illa

426 2681 627 2743 poena
684 2662 851 2746 ignis
908 2683 1135 2728 nomen
1192 2664 1453 2745 aec-epit.
1511 2683 1713 2745 neque
1763 2664 1840 2727 ad
1887 2664 2052 2727 hune
2110 2663 2505 2727 intellectum
2555 2664 2722 2746 quis-

428 2788 623 2850 quam
687 2769 941 2834 tendere
1019 2770 1477 2844 admoneretur,
1548 2770 1602 2834 si
1670 2789 1812 2833 eum
1878 2770 2126 2852 proprie
2202 2770 2481 2834 uisibilis
2555 2770 2721 2854 ignis

428 2877 735 2946 exureret,
797 2875 906 2938 sed
965 2875 1027 2939 in
1088 2895 1159 2940 eo
1210 2877 1480 2959 quisque
1537 2881 1910 2952 remaneret,
1971 2876 2137 2958 quod
2197 2882 2409 2959 aperte
2465 2877 2725 2940 uidebat

428 2980 762 3061 inpletum,
812 3000 926 3046 nee
975 2982 1215 3064 aliquid
1265 2984 1431 3047 ultra
1478 2987 1831 3065 quaereret3
1883 3002 2045 3046 nunc
2094 3002 2245 3047 uero
2288 3002 2434 3047 eum
2472 2986 2725 3066 propter

429 3087 534 3151 dei
594 3089 784 3152 uerba
844 3091 907 3152 et
952 3089 1190 3152 factum
1239 3090 1407 3166 Iesu,
1459 3109 1494 3152 a
1543 3110 1666 3172 quo
1724 3090 2142 3172 praeuarieari
2198 3089 2310 3154 illa
2365 3091 2556 3154 uerba
2605 3110 2719 3154 non

430 3198 711 3276 possent,
770 3195 1124 3259 rectissime
1184 3195 1417 3259 dieitur
1471 3197 1664 3260 etiam
1729 3197 2181 3277 lapidationem
2235 3197 2447 3279 ignem
2506 3196 2723 3260 fuisse.

429 3302 757 3384 eleganter
831 3303 1198 3384 agnoscitur
1261 3303 1371 3367 illa
1437 3321 1641 3385 poena
1713 3303 2054 3379 hominem,
2123 3323 2199 3366 ne
2274 3303 2336 3366 in
2401 3309 2724 3386 posterum

617 3509 639 3561 1
684 3509 749 3563 cf.
788 3509 894 3563 Ios.
937 3512 984 3571 7,
1027 3511 1110 3564 15.
1151 3511 1218 3564 25
1333 3511 1399 3563 12
1436 3510 1603 3564 Dent.
1640 3513 1691 3572 4,
1731 3510 1800 3565 20

611 3653 644 3704 2
682 3651 886 3704 faceret
924 3651 1054 3703 ΡΥι
1164 3652 1198 3704 3
1235 3651 1349 3720 igni
1391 3667 1490 3705 om.
1532 3651 1702 3704 PVT
1843 3668 1935 3705 cur
1973 3652 2115 3721 eum]
2150 3653 2291 3706 circu
2334 3651 2396 3704 Γι
2544 3656 2724 3706 osten-

428 3757 524 3793 sus
563 3740 628 3794 N
730 3745 761 3794 5
802 3742 1081 3811 propinus
1119 3741 1174 3794 P
1208 3742 1485 3810 proprium
1522 3740 1589 3793 N
1727 3739 1929 3794 domini
1968 3758 2072 3795 om.
2110 3740 2177 3795 N
2183 3742 2233 3794 V
2238 3742 2288 3795 T
2408 3743 2440 3794 6
2480 3743 2725 3811 sic—po-

430 3831 541 3884 tuit
579 3847 680 3884 om.
726 3830 893 3883 PVT
999 3831 1030 3883 9
1069 3847 1244 3899 neque
1283 3831 1369 3898 (ne
1398 3845 1438 3883 8.
1474 3830 1507 3882 l.
1538 3847 1606 3883 m.
1637 3833 1695 3894 2)
1729 3829 1829 3883 PS
1969 3829 2341 3899 intellegenda
2367 3831 2427 3884 N
2536 3832 2601 3885 10
2640 3848 2725 3884 sa-

432 3918 985 3988 pientior—-potuisse
1032 3916 1094 3970 in
1130 3934 1228 3986 my.
1268 3918 1532 3985 inferiore
1581 3918 1867 3984 adscripta
1903 3922 2127 3986 postero
2167 3924 2402 3986 tempore
2443 3926 2724 3987 pracsecta

427 4013 561 4061 sunt
590 4007 642 4060 V
761 4006 1013 4060 facienda
1047 4006 1264 4060 PSNT
1386 4006 1611 4060 obedior
1646 4005 1711 4059 N
1800 4007 1865 4060 13
1905 4005 2061 4059 eduxi
2099 4005 2164 4059 N
2286 4004 2342 4056 ἐκ
2380 4012 2476 4077 τῆς
2514 4005 2728 4076 καμίνου

431 4105 528 4166 τῆς
568 4095 782 4166 σιδηρᾶς
822 4092 875 4154 ἐξ
918 4093 1178 4164 Αὶγύπτω
1215 4094 1355 4165 Laq.
1503 4096 1689 4163 itaque
1723 4094 1784 4149 S¹
1899 4096 1965 4147 14
2003 4095 2278 4162 intellegit
2307 4095 2361 4147 P
2506 4097 2568 4149 15
2599 4095 2729 4147 mihi

431 4190 617 4237 autem
646 4183 833 4239 &NV
931 4186 992 4238 17
1024 4187 1302 4254 peccatum
1329 4184 1403 4248 sit
1431 4185 1486 4238 P
1582 4186 1646 4237 ‘21
1682 4188 2023 4237 ammonetur
2051 4183 2235 4237 PS¹V
2332 4185 2399 4238 22
2430 4188 2645 4238 exueret
2673 4183 2740 4236 N

430 4276 676 4326 remanet
712 4273 897 4327 PS¹N
1004 4277 1190 4343 oparte
1229 4273 1295 4328 Sl
1395 4275 1463 4327 24
1501 4275 1628 4326 lesu
1668 4275 1719 4342 a]
1754 4289 1849 4326 sua
1877 4273 1975 4326 ΡΒ
2083 4290 2114 4326 a
2153 4290 2255 4327 om.
2289 4273 2339 4326 T
2426 4273 2494 4327 26
2533 4289 2730 4341 agnos·

431 4378 551 4414 cere
600 4361 706 4414 TV

2765 1608 2817 1646 10

2765 2142 2818 2181 15

2762 2677 2814 2716 20

2765 3213 2821 3251 25
