3076 4976
461 473 588 536 368
1168 467 1221 521 S.
1278 465 1555 521 Aureli
1610 466 2047 535 Augustini

463 665 723 729 duxerat
781 683 901 728 non
963 663 1202 729 dietum
1263 666 1361 726 est
1426 662 1543 736 „ad
1600 662 1813 727 locum
1870 669 2125 739 suum‘·'‚
2187 660 2325 725 sed:
2388 661 2472 726 ad
2522 665 2759 725 semet

462 772 738 854 ipsum,
796 770 863 834 id
910 775 1006 833 est
1053 769 1164 833 ubi
1213 769 1541 833 dominans
1592 768 1942 833 habitabat.
1992 772 2211 850 posset
2258 787 2404 852 ergo
2456 768 2610 831 diei:
2671 768 2758 832 ad

460 879 712 943 locum
753 896 966 941 suum
1007 879 1071 940 et
1110 876 1439 940 dominans
1482 878 1546 939 et
1582 876 1979 959 peregrinum
2031 874 2150 951 „ad
2191 877 2430 939 semet
2466 875 2749 957 ipsum“

463 988 674 1049 autem
727 1003 847 1047 non
897 983 1083 1047 uideo
1135 981 1450 1064 quomodo
1498 984 1722 1065 posset
1768 981 1891 1045 diei
1948 981 2417 1065 „pereg1·inus“‚
2476 1000 2617 1046 oum
2681 981 2759 1044 ad

462 1091 814 1174 hospitium
864 1110 1052 1154 suum
1101 1089 1408 1154 uenisset.
2820 1106 2847 1144 5

554 1198 745 1261 LXII.
814 1198 905 1260 Et
958 1195 1306 1280 praedam
1367 1197 1685 1279 egerunt
1742 1195 2101 1259 mulieres
2160 1194 2454 1258 Madian
2519 1197 2590 1256 et
2648 1212 2757 1257 su-

462 1304 943 1386 pellectilem
1020 1321 1270 1367 eornm
1340 1306 1410 1365 et
1475 1320 1747 1383 pecora
1813 1320 2063 1366 eorum
2130 1305 2203 1365 et
2267 1301 2509 1365 omnia
2574 1318 2758 1381 quae

466 1410 968 1493 possederant
1017 1411 1091 1472 et
1137 1409 1503 1473 uirtutem
1556 1427 1807 1472 eorum
1856 1408 2293 1490 depraedati
2343 1410 2535 1472 sunt.
2614 1426 2761 1471 eum

462 1518 586 1581 iam
639 1517 904 1581 dixisset
975 1516 1297 1594 mulieres,
1357 1515 1846 1596 supellectilem,
1907 1534 2135 1597 pecora
2199 1518 2264 1578 et
2327 1515 2535 1579 omnia
2600 1533 2759 1596 quae

466 1623 898 1708 possidebant,
958 1622 1112 1704 quid
1170 1621 1392 1685 deinde
1453 1622 1724 1686 addidit:
1785 1625 1859 1686 et
1913 1622 2281 1686 uirtutem
2338 1641 2589 1686 eorum
2647 1621 2757 1685 de·
2797 1642 2850 1680 ιο

463 1730 819 1812 praedati
868 1732 1084 1793 sunt?
1144 1728 1443 1792 nimirum
1496 1728 1660 1792 enim
1712 1728 1865 1793 haee
1914 1728 2339 1812 intellegenda
2386 1732 2486 1793 est
2529 1728 2757 1797 uirtus,

466 1837 545 1901 de
595 1857 718 1919 qua
766 1840 827 1900 et
878 1855 1069 1917 supra
1117 1835 1362 1898 dictum
1413 1840 1513 1900 est
1560 1836 1813 1899 misisse
1860 1836 2154 1900 millenos
2203 1835 2279 1899 de
2326 1836 2597 1919 singulis
2653 1835 2761 1898 tri-

467 1943 662 2007 bulus
721 1960 879 2005 eum
939 1944 1233 2006 uirtute
1292 1961 1564 2006 eorum.
1645 1962 1719 2005 an
1779 1943 1937 2006 forte
1997 1943 2199 2019 cibus»,
2267 1961 2389 2023 quo
2448 1946 2761 2007 sustenta-

468 2051 714 2127 bantur,
773 2049 983 2112 uirtus
1041 2067 1258 2112 eorum
1315 2048 1632 2130 appellata
1689 2051 1807 2125 est,
1865 2068 1988 2131 quo
2056 2049 2535 2114 subministrato
2594 2049 2760 2113 uires

469 2158 819 2239 subpetunt
875 2158 939 2218 et
996 2174 1121 2236 quo
1179 2156 1504 2219 subtracto
1565 2155 1733 2243 uires
1802 2155 2145 2220 deficiunt?
2222 2156 2385 2219 unde
2452 2176 2562 2238 per
2624 2176 2761 2240 pro·
2797 2177 2848 2215 ιε,

467 2264 726 2347 phetam
776 2262 933 2326 deus
984 2282 1128 2326 eum
1180 2263 1526 2326 minaretur
1574 2262 1689 2327 ait:
1750 2262 2081 2326 auferam
2132 2263 2497 2326 uirtutem
2544 2263 2758 2346 panis

470 2372 539 2433 et
598 2368 967 2431 uirtutem
1023 2386 1276 2449 aquae.
1357 2371 1422 2431 et
1478 2369 1735 2450 Moyses
1795 2387 1943 2451 ergo
2003 2387 2149 2432 eum
2205 2387 2447 2433 annona
2503 2369 2762 2434 miserat

465 2476 612 2541 illos
670 2475 987 2552 mineum,
1048 2474 1216 2556 quod
1277 2474 1519 2539 dictum
1580 2478 1703 2541 est:
1774 2495 1936 2540 cum
2003 2476 2293 2541 uirtute
2361 2496 2641 2554 eorum,
2699 2478 2761 2542 et

465 2582 574 2646 isti
629 2582 1000 2646 Madianitis
1056 2582 1248 2646 uictis
1317 2581 1508 2645 etiam
1578 2582 1695 2648 hoo
1755 2603 1972 2648 eorum
2030 2584 2196 2647 inter
2252 2586 2457 2648 cetera
2514 2583 2762 2647 fuerant

465 2688 850 2770 depraedati.
2795 2713 2845 2753 20

557 2795 782 2859 LXIII.
833 2795 929 2858 Vt
977 2793 1156 2877 quid
1203 2793 1685 2858 uiuificastis
1747 2814 1956 2860 omne
2021 2794 2505 2860 femininum?
2579 2796 2761 2859 haec

468 2901 666 2965 enim
714 2903 1026 2965 fuerunt
1069 2900 1268 2963 filiis
1309 2901 1605 2965 Israhel
1646 2900 2050 2965 seeundum
2092 2902 2399 2965 uerbum
2437 2902 2759 2976 Balaam,

467 3010 551 3070 nt
627 3010 978 3072 recedere
1054 3007 1393 3071 facerent
1469 3010 1543 3072 et
1617 3008 2008 3090 despicere
2092 3009 2397 3072 uerbum
2484 3009 2759 3073 domini

466 3118 777 3197 propter
813 3115 1130 3198 Phogor.
1181 3113 1300 3178 hoc
1349 3115 1689 3180 consilium
1739 3115 2109 3199 malignum,
2151 3118 2224 3178 ut
2271 3115 2362 3178 eis
2411 3116 2489 3179 ad
2536 3115 2761 3179 inlece-

466 3221 642 3284 bram
693 3219 961 3285 feminae
1011 3221 1533 3302 subponereutur,
1574 3240 1686 3302 per
1735 3240 1891 3302 quas
1940 3241 2060 3286 non
2110 3223 2315 3285 solum
2360 3222 2764 3303 corporaliter
2798 3249 2850 3289 26
2910 3203 2929 3210 Ἦ

467 3327 579 3391 sed
630 3327 825 3391 etiam
874 3327 1248 3410 spiritaliter
1292 3327 1354 3391 in
1406 3327 1720 3393 adorando
1771 3328 1940 3393 idolo
1989 3329 2461 3404 fornicarentur,
2513 3328 2761 3410 quando

644 3536 676 3588 6
713 3534 876 3588 Num.
918 3535 1004 3590 31.
1044 3536 1076 3588 9
1191 3536 1256 3588 16
1296 3535 1383 3591 Es.
1422 3537 1471 3596 3,
1517 3538 1540 3589 1
1657 3538 1720 3590 21
1765 3536 1926 3589 Num.
1967 3538 2052 3599 31,
2097 3539 2176 3590 15.
2223 3539 2287 3591 16

537 3661 569 3711 ‘2
609 3659 760 3728 ergo]
794 3659 956 3712 etiam
987 3659 1033 3712 S
1138 3658 1245 3712 dici
1284 3659 1486 3713 redisse
1524 3659 1575 3713 Τ
1643 3660 1675 3713 3
1715 3676 1771 3712 se
1800 3660 1978 3728 ipsum
2008 3660 2345 3715 PSNVUT
2430 3667 2560 3730 post
2588 3662 2762 3730 ipsum

467 3748 599 3801 add.
639 3765 706 3801 m.
747 3752 786 3801 2
824 3748 1106 3801 dominans
1155 3748 1209 3801 U
1310 3751 1343 3801 6
1381 3749 1589 3802 mazian
1620 3749 1679 3802 N
1823 3749 2164 3818 superlectile
2201 3751 2248 3804 0
2281 3749 2677 3820 superlectilem
2705 3748 2770 3802 N

463 3843 498 3889 ὅ
539 3837 879 3905 possiderant
914 3837 1057 3891 P¹N
1177 3839 1209 3892 9
1250 3837 1513 3892 dixissent
1549 3838 1665 3892 ΡΝ
1674 3836 1970 3893 V¹U1T¹S¹
2114 3839 2512 3908 superlectilem
2557 3838 2603 3891 Ο
2636 3855 2762 3908 sup-

467 3923 794 3992 pellectilem
832 3924 1129 3980 P¹SVUN
1297 3933 1352 3981 et
1390 3945 1582 3998 pecora
1620 3927 2027 3982 PSNVUde
2181 3931 2245 3982 lo
2283 3928 2439 3981 addit
2475 3928 2769 3984 NSVchz

472 4014 535 4065 12
576 4013 751 4066 tribus
788 4013 1096 4069 P¹SUV¹S
1204 4017 1268 4071 13
1307 4034 1488 4070 eorum
1528 4033 1631 4070 om.
1680 4017 1729 4069 T
1871 4018 2018 4070 ciuos
2062 4017 2109 4071 0
2249 4017 2394 4086 quod
2421 4017 2489 4071 N
2589 4021 2763 4072 suste-

468 4101 667 4153 bantur
712 4101 759 4154 0
893 4104 956 4156 14
996 4103 1229 4158 uirtutes
1268 4105 1330 4159 N
1472 4105 1616 4175 quod
1652 4105 1717 4158 N
1849 4108 1911 4159 15
1951 4106 2093 4174 quod
2129 4105 2197 4160 N
2319 4108 2385 4161 16
2425 4107 2672 4161 dominus
2721 4106 2771 4159 1*

459 4179 830 4244 ¹&minaretur
866 4191 928 4244 N
1071 4193 1328 4248 uirtutem
1368 4211 1551 4248 eorum
1593 4195 1644 4247 V
1742 4195 1806 4248 18
1847 4211 1910 4247 ex
1948 4211 2127 4248 eorum
2166 4195 2219 4247 V
2314 4197 2383 4251 20
2422 4196 2690 4266 depraeda
2725 4196 2771 4249 G

468 4280 530 4330 ‘21
577 4279 864 4336 uiuificatis
913 4281 965 4331 Γ
1104 4282 1234 4335 hae*
1272 4283 1326 4338 U
1429 4285 1497 4336 2⁶2
1535 4285 1754 4338 fuerant
1798 4283 1845 4337 C
1984 4286 2082 4338 filii
2119 4286 2396 4339 P¹NVU¹
2503 4287 2573 4339 24
2611 4285 2767 4357 fogor

470 4366 871 4423 CPSNVUP
