3076 4976
487 493 667 556 XXII
1422 488 1855 541 Praefatio.

490 686 637 749 sede
699 689 942 749 remota
1006 688 1121 750 est.
1210 684 1379 765 quod
1440 685 1499 747 in
1566 683 1980 747 describendo
2048 683 2262 747 codice
2331 684 2651 765 superiore
2715 682 2793 745 de

488 793 706 857 formis
756 793 976 854 ‘iccirco
1027 811 1166 873 sqq.
1226 790 1717 856 commemoraui
1771 790 1938 854 idem
1987 790 2064 853 ad
2117 789 2177 852 T
2213 791 2505 872 pertinet.
2580 789 2791 853 ortho-

490 899 813 984 graphiam
868 917 1019 962 suae
1070 899 1301 961 aetatis
1350 915 1498 979 prae
1551 916 1617 961 se
1665 898 1816 961 fert:
1868 916 2057 978 quare
2105 917 2225 961 non
2275 897 2630 960 mirandum
2681 916 2794 978 pro

488 1007 508 1070 i
568 1006 825 1087 saepius
883 1024 1005 1068 non
1065 1006 1271 1067 solum
1331 1004 1392 1066 in
1454 1004 1699 1086 graecis
1751 1008 1815 1067 et
1860 1003 2171 1067 hebraicis
2219 1024 2439 1068 uerum
2491 1003 2683 1067 etiam
2730 1003 2790 1066 in

488 1110 703 1177 latinis
753 1112 1087 1176 uocabulis
1137 1130 1175 1193 y
1224 1111 1500 1193 reperiri.

578 1219 875 1284 Codicem
925 1237 1175 1282 summa
1222 1236 1437 1281 eorum
1488 1218 1598 1298 qui
1654 1217 2078 1281 bibliothecae
2136 1217 2433 1281 Trecensi
2487 1221 2796 1299 praesunt

491 1325 943 1390 commoditate
1003 1325 1127 1389 huc
1183 1325 1632 1388 transmissum
1689 1325 1825 1405 ipse
1884 1324 1962 1388 ad
2011 1324 2351 1388 editionem
2400 1323 2790 1407 Mignianam

489 1432 860 1495 examinalli.

420 1534 468 1597 P
581 1537 791 1601 Codex
830 1536 1177 1599 Parisinus
1223 1556 1483 1601 numero
1534 1538 1708 1600 2102
1759 1537 2048 1620 signatus
2095 1538 2297 1601 forma
2340 1537 2613 1600 maxima
2660 1556 2791 1600 sae-

492 1644 636 1707 culo
700 1643 852 1706 XIII
924 1646 1211 1706 exaratus
1276 1642 1395 1705 hoc
1464 1661 1623 1724 opus
1685 1642 1856 1705 foliis
1924 1643 2271 1706 143—172
2340 1643 2549 1706 habet.
2635 1642 2788 1705 haec

492 1749 727 1814 codicis
770 1769 912 1831 pars
954 1750 1029 1814 ab
1070 1767 1194 1812 uno
1236 1748 1490 1812 librario
1531 1749 1768 1829 scripta
1807 1755 1932 1817 est:
1973 1749 2138 1812 idem
2177 1750 2373 1813 uerba
2410 1748 2795 1813 abundantia

493 1856 949 1939 suppungendo
1013 1855 1281 1920 delenda
1342 1855 1717 1939 assignauit‚
1781 1855 2030 1919 duobus
2091 1856 2248 1920 locis
2313 1875 2500 1938 supra
2558 1856 2791 1938 probas

492 1962 839 2042 scripturas
888 1982 1219 2045 peruersas
1277 1962 1513 2045 posuit.
1591 1980 1778 2043 quem
1836 1961 1915 2024 ad
1973 1961 2230 2043 aliquod
2288 1963 2602 2043 exemplar
2659 1980 2789 2025 cor-

488 2076 771 2132 recturas
829 2070 1154 2133 factitasse
1211 2068 1357 2133 inde
1414 2073 1692 2149 apparet,
1744 2068 1911 2149 quod
1961 2071 2110 2143 522,
2165 2072 2242 2132 13
2302 2069 2788 2134 lacunositatem

490 2176 590 2241 his
639 2176 853 2240 uerbis
900 2176 1168 2240 indicat:
1221 2177 1407 2255 deest,
1452 2195 1597 2239 cum
1635 2176 1698 2238 in
1747 2175 1806 2237 G
1848 2174 2064 2240 codice
2105 2175 2261 2239 nihil
2299 2177 2427 2240 tale
2464 2175 2786 2256 proditum

493 2283 596 2347 sit.
671 2282 833 2346 aliae
900 2283 1160 2346 lacunae
1222 2283 1331 2345 fol.
1400 2281 1552 2346 154¹>
1612 2284 1792 2363 (555,
1858 2282 1973 2363 20)
2032 2281 2256 2344 et—-ah
2319 2302 2402 2355 ee,
2466 2281 2576 2348 fol.
2637 2283 2792 2345 164⁸

492 2389 671 2472 (594,
704 2392 770 2472 4)
812 2389 1585 2471 inriqauil—frumentum
1625 2392 1689 2451 et
1727 2389 1981 2470 saepius
2022 2388 2591 2470 deprehenduntur.
2643 2391 2794 2452 sunt

495 2505 706 2561 autem
755 2497 1076 2561 tritissimi
1126 2497 1394 2579 generis,

585 2603 881 2668 Codicem
934 2601 998 2665 P
1032 2603 1413 2667 Weilnbock
1452 2603 1713 2668 Parisiis
1762 2623 2013 2667 morans
2063 2623 2203 2668 meo
2252 2608 2477 2687 rogatu
2529 2603 2793 2687 diligen-

492 2711 740 2774 tissime
800 2709 1090 2774 contulit.
1170 2709 1353 2773 cuius
1413 2709 1847 2774 commoditati
1907 2710 2024 2774 boc
2082 2710 2221 2774 loco
2279 2710 2484 2774 libens
2545 2709 2791 2774 debitas

494 2817 728 2901 gratias
777 2836 913 2900 ago.

424 2927 469 2993 C
585 2922 792 2988 Codex
850 2922 999 2986 olim
1052 2922 1460 2987 Colbertinus
1518 2925 1646 2985 426
1703 2922 1943 3006 Regius
2002 2924 2175 2986 3380
2235 2942 2399 2986 nunc
2449 2921 2796 2987 Parisinus

489 3031 663 3093 2083
726 3029 989 3093 membr.
1053 3028 1321 3094 miscell.
1384 3030 1586 3094 forma
1646 3032 1916 3092 maxima
1979 3030 2230 3093 saeculo
2292 3029 2447 3092 XIII
2513 3030 2794 3110 scriptus

491 3136 662 3200 foliis
714 3137 841 3200 129
892 3138 1160 3201 constat.
1229 3137 1346 3199 hoc
1397 3136 1774 3217 opusculum
1823 3136 1932 3202 fol.
1977 3135 2042 3200 8¹’
2088 3136 2353 3218 (Incipit
2399 3136 2550 3198 liber
2595 3157 2794 3216 anqu-

487 3243 640 3305 stinei
678 3242 1154 3306 annotationum
1194 3242 1262 3304 in-
1301 3242 1421 3324 iob)
1449 3279 1533 3287 ——
1565 3241 1676 3306 24b
1715 3246 2004 3324 occupat.
2053 3247 2301 3323 praeter
2328 3243 2796 3307 Adnotationes

489 3349 645 3413 haec
695 3350 1008 3432 opuscula
1063 3349 1123 3412 in
1189 3369 1258 3414 eo
1319 3353 1498 3413 sunt:
1558 3350 1634 3412 (Ie
1677 3353 1912 3412 natura
1959 3349 2323 3413 dilectionis,
2401 3353 2544 3432 quot
2589 3351 2797 3414 modi-s·

489 3456 633 3536 ἄρα’
673 3455 1090 3518 lmmilitattnn
1135 3456 1480 3536 impnynat.
1531 3456 1606 3518 de
1654 3455 1850 3520 tribus
1897 3456 2059 3520 locis,
2109 3456 2185 3519 de
2222 3457 2490 3539 quinq-uc
2526 3456 2798 3521 statibus

489 3561 617 3623 uile
662 3562 950 3625 Ian-mane.
1038 3561 1111 3623 de
1160 3562 1388 3625 >iudicio
1420 3562 1739 3644 jaciendo.
1825 3563 1899 3624 dc
1954 3562 2257 3624 obliuione
2301 3562 2794 3641 praeteritorum

488 3667 809 3730 malornm.
859 3667 933 3730 ele
979 3669 1250 3751 quinque
1293 3670 1582 3748 septenis.
1632 3668 1706 3731 de
1751 3669 2180 3731 incarn-atione
2217 3670 2394 3732 uerbi
2430 3668 2515 3731 ad
2549 3668 2795 3731 Ianua-

488 3776 675 3836 rium.
752 3775 827 3836 cle
874 3793 1124 3853 corpore
1171 3774 1401 3838 christi.
1479 3776 1557 3838 de
1605 3774 1959 3838 elemosina.
2037 3777 2112 3838 dc
2158 3775 2493 3837 dilectione.
2558 3780 2792 3854 septem

486 3881 844 3959 sapientum
890 3879 1025 3942 bias
1067 3880 1405 3959 perimens
1484 3881 1831 3960 questiones
1885 3886 2102 3944 contra
2158 3883 2537 3945 cresconium
2579 3903 2792 3962 yram-

488 3987 784 4048 maticnm
832 3990 887 4048 et
924 3986 1320 4050 donatistam.
1370 3987 1521 4050 liber
1560 3987 2004 4051 exhortationis
2040 3989 2126 4050 ad
2163 3990 2474 4068 quendam
2511 3989 2789 4052 comitem

487 4092 607 4156 sibe:
670 4094 1083 4157 carissimum.
1167 4093 1401 4176 hylarii
1464 4113 1655 4173 snper
1727 4093 2057 4158 matheum.
2142 4095 2304 4158 liber
2366 4094 2791 4160 lacunositate

491 4203 694 4263 scatet
758 4200 939 4264 uelut
1004 4202 1153 4275 510,
1223 4201 1306 4263 23
1373 4199 1595 4272 lumen,
1661 4200 1811 4274 514,
1878 4202 1956 4262 14
2024 4201 2420 4266 ideo—illud.
2486 4203 2636 4279 512,
2704 4203 2788 4265 14

489 4305 855 4380 uis—illud,
923 4308 1073 4382 516,
1137 4308 1220 4369 23
1279 4305 2078 4388 misericordiamfimena,
2147 4309 2296 4384 518,
2363 4311 2445 4371 25
2509 4308 2789 4371 uerba—

489 4413 695 4491 panis,
747 4414 893 4488 513,
948 4415 1029 4476 14
1076 4412 1788 4475 secl—animaduertisti
1836 4412 1998 4478 aliis,
