<?xml version="1.0" encoding="UTF-8"?>
<!DOCTYPE html PUBLIC "-//W3C//DTD XHTML 1.0 Transitional//EN"
    "http://www.w3.org/TR/xhtml1/DTD/xhtml1-transitional.dtd">
<html xmlns="http://www.w3.org/1999/xhtml" xml:lang="en" lang="en">
 <head>
  <title>
</title>
<meta http-equiv="Content-Type" content="text/html;charset=utf-8" />
  <meta name='ocr-system' content='tesseract 3.04.00' />
  <meta name='ocr-capabilities' content='ocr_page ocr_carea ocr_par ocr_line ocrx_word'/>
</head>
<body>
  <div class='ocr_page' id='page_1' title='image "./corpusscriptoru31wissgoog_0171.png"; bbox 0 0 3076 4976; ppageno 0'>
   <div class='ocr_carea' id='block_1_1' title="bbox 655 425 2523 494">
    <p class='ocr_par' dir='ltr' id='par_1_1' title="bbox 655 425 2523 494">
     <span class='ocr_line' id='line_1_1' title="bbox 655 425 2523 494; baseline -0.001 -13"><span class='ocrx_word' id='word_1_1' title='bbox 655 428 1126 494; x_wconf 81' lang='lat' dir='ltr'>Quaestionum</span> <span class='ocrx_word' id='word_1_2' title='bbox 1166 427 1279 482; x_wconf 90' lang='lat' dir='ltr'><strong>lib.</strong></span> <span class='ocrx_word' id='word_1_3' title='bbox 1318 426 1372 480; x_wconf 92' lang='lat' dir='ltr'><strong>II</strong></span> <span class='ocrx_word' id='word_1_4' title='bbox 1415 426 1701 492; x_wconf 81' lang='lat' dir='ltr'><strong>(Quaest.</strong></span> <span class='ocrx_word' id='word_1_5' title='bbox 1744 425 1817 478; x_wconf 85' lang='lat' dir='ltr'><strong>de</strong></span> <span class='ocrx_word' id='word_1_6' title='bbox 1857 425 2119 492; x_wconf 82' lang='lat' dir='ltr'><strong>Exodo).</strong></span> <span class='ocrx_word' id='word_1_7' title='bbox 2403 428 2523 491; x_wconf 82' lang='lat'><strong>137</strong></span> 
     </span>
    </p>
   </div>
   <div class='ocr_carea' id='block_1_2' title="bbox 160 623 2580 3269">
    <p class='ocr_par' dir='ltr' id='par_1_2' title="bbox 160 623 2580 3269">
     <span class='ocr_line' id='line_1_2' title="bbox 253 623 2580 704; baseline -0.001 -17"><span class='ocrx_word' id='word_1_8' title='bbox 253 627 470 700; x_wconf 73' lang='lat' dir='ltr'><strong>autem,</strong></span> <span class='ocrx_word' id='word_1_9' title='bbox 548 643 698 688; x_wconf 84' lang='lat' dir='ltr'><strong>eum</strong></span> <span class='ocrx_word' id='word_1_10' title='bbox 778 623 1071 687; x_wconf 79' lang='lat' dir='ltr'><strong>dixisset:</strong></span> <span class='ocrx_word' id='word_1_11' title='bbox 1148 641 1295 687; x_wconf 91' lang='lat' dir='ltr'><strong>non</strong></span> <span class='ocrx_word' id='word_1_12' title='bbox 1372 623 1911 704; x_wconf 77' lang='lat' dir='ltr'><strong>concupisces</strong></span> <span class='ocrx_word' id='word_1_13' title='bbox 1977 641 2294 686; x_wconf 85' lang='lat' dir='ltr'><strong>uxorem</strong></span> <span class='ocrx_word' id='word_1_14' title='bbox 2364 641 2527 703; x_wconf 87' lang='lat' dir='ltr'><strong>pro·</strong></span> <span class='ocrx_word' id='word_1_15' title='bbox 2577 625 2580 628; x_wconf 76' lang='grc'>’</span> 
     </span>
     <span class='ocr_line' id='line_1_3' title="bbox 250 729 2526 810; baseline -0 -17"><span class='ocrx_word' id='word_1_16' title='bbox 250 730 422 793; x_wconf 82' lang='lat' dir='ltr'><strong>ximi</strong></span> <span class='ocrx_word' id='word_1_17' title='bbox 513 731 673 806; x_wconf 81' lang='lat' dir='ltr'><strong>tui,</strong></span> <span class='ocrx_word' id='word_1_18' title='bbox 769 731 913 793; x_wconf 82' lang='lat' dir='ltr'><strong>huie</strong></span> <span class='ocrx_word' id='word_1_19' title='bbox 1009 730 1302 794; x_wconf 74' lang='lat' dir='ltr'><strong>conexuit</strong></span> <span class='ocrx_word' id='word_1_20' title='bbox 1393 730 1519 794; x_wconf 88' lang='lat' dir='ltr'><strong>alia</strong></span> <span class='ocrx_word' id='word_1_21' title='bbox 1602 730 1852 794; x_wconf 77' lang='lat' dir='ltr'><strong>dicens:</strong></span> <span class='ocrx_word' id='word_1_22' title='bbox 1945 748 2184 810; x_wconf 83' lang='lat' dir='ltr'><strong>„neque</strong></span> <span class='ocrx_word' id='word_1_23' title='bbox 2268 729 2526 793; x_wconf 88' lang='lat' dir='ltr'><strong>domum</strong></span> 
     </span>
     <span class='ocr_line' id='line_1_4' title="bbox 249 836 2525 920; baseline 0 -21"><span class='ocrx_word' id='word_1_24' title='bbox 249 837 372 900; x_wconf 88' lang='lat' dir='ltr'><strong>eius</strong></span> <span class='ocrx_word' id='word_1_25' title='bbox 430 857 636 919; x_wconf 89' lang='lat' dir='ltr'><strong>neque</strong></span> <span class='ocrx_word' id='word_1_26' title='bbox 695 857 916 920; x_wconf 82' lang='lat' dir='ltr'><strong>agrum</strong></span> <span class='ocrx_word' id='word_1_27' title='bbox 975 837 1111 901; x_wconf 89' lang='lat' dir='ltr'><strong>eius</strong></span> <span class='ocrx_word' id='word_1_28' title='bbox 1170 856 1371 918; x_wconf 89' lang='lat' dir='ltr'><strong>neque</strong></span> <span class='ocrx_word' id='word_1_29' title='bbox 1430 857 1688 901; x_wconf 88' lang='lat' dir='ltr'><strong>seruum</strong></span> <span class='ocrx_word' id='word_1_30' title='bbox 1746 837 1922 901; x_wconf 79' lang='lat' dir='ltr'><strong>eius“</strong></span> <span class='ocrx_word' id='word_1_31' title='bbox 1989 841 2052 900; x_wconf 92' lang='lat' dir='ltr'><strong>et</strong></span> <span class='ocrx_word' id='word_1_32' title='bbox 2108 838 2345 911; x_wconf 78' lang='lat' dir='ltr'><strong>eetera;</strong></span> <span class='ocrx_word' id='word_1_33' title='bbox 2416 836 2525 899; x_wconf 84' lang='lat' dir='ltr'><strong>sed</strong></span> 
     </span>
     <span class='ocr_line' id='line_1_5' title="bbox 247 943 2523 1026; baseline 0 -20"><span class='ocrx_word' id='word_1_34' title='bbox 247 943 481 1007; x_wconf 88' lang='lat' dir='ltr'><strong>omnino</strong></span> <span class='ocrx_word' id='word_1_35' title='bbox 550 944 858 1026; x_wconf 76' lang='lat' dir='ltr'>adparent</span> <span class='ocrx_word' id='word_1_36' title='bbox 921 945 1076 1008; x_wconf 86' lang='lat' dir='ltr'><strong>haee</strong></span> <span class='ocrx_word' id='word_1_37' title='bbox 1141 963 1281 1008; x_wconf 90' lang='lat' dir='ltr'><strong>esse</strong></span> <span class='ocrx_word' id='word_1_38' title='bbox 1348 944 1686 1008; x_wconf 70' lang='lat' dir='ltr'><strong>coniuncta</strong></span> <span class='ocrx_word' id='word_1_39' title='bbox 1761 963 1921 1026; x_wconf 85' lang='lat' dir='ltr'><strong>quae</strong></span> <span class='ocrx_word' id='word_1_40' title='bbox 1996 961 2121 1007; x_wconf 91' lang='lat' dir='ltr'><strong>uno</strong></span> <span class='ocrx_word' id='word_1_41' title='bbox 2188 947 2523 1026; x_wconf 82' lang='lat' dir='ltr'><strong>praecepto</strong></span> 
     </span>
     <span class='ocr_line' id='line_1_6' title="bbox 194 1050 2525 1126; baseline 0.001 -16"><span class='ocrx_word' id='word_1_42' title='bbox 194 1073 214 1110; x_wconf 81' lang='lat'>5</span> <span class='ocrx_word' id='word_1_43' title='bbox 248 1050 530 1114; x_wconf 86' lang='lat' dir='ltr'><strong>uidentur</strong></span> <span class='ocrx_word' id='word_1_44' title='bbox 585 1051 896 1115; x_wconf 78' lang='lat' dir='ltr'><strong>contineri</strong></span> <span class='ocrx_word' id='word_1_45' title='bbox 943 1053 1007 1114; x_wconf 90' lang='lat' dir='ltr'><strong>et</strong></span> <span class='ocrx_word' id='word_1_46' title='bbox 1053 1051 1327 1114; x_wconf 82' lang='lat' dir='ltr'><strong>discreta</strong></span> <span class='ocrx_word' id='word_1_47' title='bbox 1372 1050 1448 1114; x_wconf 85' lang='lat' dir='ltr'><strong>ab</strong></span> <span class='ocrx_word' id='word_1_48' title='bbox 1497 1050 1630 1126; x_wconf 69' lang='lat' dir='ltr'><strong>illo,</strong></span> <span class='ocrx_word' id='word_1_49' title='bbox 1679 1050 1790 1113; x_wconf 89' lang='lat' dir='ltr'><strong>ubi</strong></span> <span class='ocrx_word' id='word_1_50' title='bbox 1840 1069 1991 1114; x_wconf 87' lang='lat' dir='ltr'><strong>uxor</strong></span> <span class='ocrx_word' id='word_1_51' title='bbox 2037 1050 2358 1114; x_wconf 84' lang='lat' dir='ltr'><strong>nominata</strong></span> <span class='ocrx_word' id='word_1_52' title='bbox 2405 1053 2525 1112; x_wconf 87' lang='lat' dir='ltr'><strong>est.</strong></span> 
     </span>
     <span class='ocr_line' id='line_1_7' title="bbox 246 1155 2524 1230; baseline -0.001 -11"><span class='ocrx_word' id='word_1_53' title='bbox 246 1156 391 1220; x_wconf 87' lang='lat' dir='ltr'><strong>illud</strong></span> <span class='ocrx_word' id='word_1_54' title='bbox 456 1159 697 1230; x_wconf 71' lang='lat' dir='ltr'><strong>autem,</strong></span> <span class='ocrx_word' id='word_1_55' title='bbox 763 1158 869 1221; x_wconf 89' lang='lat' dir='ltr'><strong>ubi</strong></span> <span class='ocrx_word' id='word_1_56' title='bbox 938 1157 1179 1221; x_wconf 86' lang='lat' dir='ltr'><strong>dietum</strong></span> <span class='ocrx_word' id='word_1_57' title='bbox 1253 1160 1386 1221; x_wconf 87' lang='lat' dir='ltr'><strong>est:</strong></span> <span class='ocrx_word' id='word_1_58' title='bbox 1463 1176 1609 1221; x_wconf 91' lang='lat' dir='ltr'><strong>non</strong></span> <span class='ocrx_word' id='word_1_59' title='bbox 1688 1160 1923 1220; x_wconf 89' lang='lat' dir='ltr'><strong>erunt</strong></span> <span class='ocrx_word' id='word_1_60' title='bbox 1995 1157 2149 1220; x_wconf 90' lang='lat' dir='ltr'><strong>tibi</strong></span> <span class='ocrx_word' id='word_1_61' title='bbox 2226 1156 2302 1219; x_wconf 87' lang='lat' dir='ltr'><strong>di</strong></span> <span class='ocrx_word' id='word_1_62' title='bbox 2379 1155 2524 1218; x_wconf 88' lang='lat' dir='ltr'><strong>alii</strong></span> 
     </span>
     <span class='ocr_line' id='line_1_8' title="bbox 245 1263 2524 1347; baseline -0.001 -21"><span class='ocrx_word' id='word_1_63' title='bbox 245 1267 552 1344; x_wconf 87' lang='lat' dir='ltr'><strong>praeter</strong></span> <span class='ocrx_word' id='word_1_64' title='bbox 610 1284 763 1339; x_wconf 77' lang='lat' dir='ltr'><strong>me,</strong></span> <span class='ocrx_word' id='word_1_65' title='bbox 823 1263 1081 1346; x_wconf 78' lang='lat' dir='ltr'><strong>adparet</strong></span> <span class='ocrx_word' id='word_1_66' title='bbox 1136 1264 1329 1327; x_wconf 92' lang='lat' dir='ltr'><strong>huius</strong></span> <span class='ocrx_word' id='word_1_67' title='bbox 1385 1264 1473 1328; x_wconf 90' lang='lat' dir='ltr'><strong>rei</strong></span> <span class='ocrx_word' id='word_1_68' title='bbox 1530 1264 1998 1347; x_wconf 86' lang='lat' dir='ltr'><strong>diligentiorem</strong></span> <span class='ocrx_word' id='word_1_69' title='bbox 2057 1263 2524 1327; x_wconf 73' lang='lat' dir='ltr'><strong>exsecutionem</strong></span> 
     </span>
     <span class='ocr_line' id='line_1_9' title="bbox 245 1370 2523 1453; baseline -0 -21"><span class='ocrx_word' id='word_1_70' title='bbox 245 1389 371 1433; x_wconf 87' lang='lat' dir='ltr'><strong>esse</strong></span> <span class='ocrx_word' id='word_1_71' title='bbox 423 1371 487 1434; x_wconf 91' lang='lat' dir='ltr'><strong>in</strong></span> <span class='ocrx_word' id='word_1_72' title='bbox 547 1370 650 1434; x_wconf 87' lang='lat' dir='ltr'><strong>his</strong></span> <span class='ocrx_word' id='word_1_73' title='bbox 712 1390 869 1452; x_wconf 89' lang='lat' dir='ltr'><strong>quae</strong></span> <span class='ocrx_word' id='word_1_74' title='bbox 928 1371 1268 1435; x_wconf 79' lang='lat' dir='ltr'><strong>subiuncta</strong></span> <span class='ocrx_word' id='word_1_75' title='bbox 1335 1373 1503 1434; x_wconf 86' lang='lat' dir='ltr'><strong>sunt.</strong></span> <span class='ocrx_word' id='word_1_76' title='bbox 1575 1390 1698 1453; x_wconf 89' lang='lat' dir='ltr'><strong>quo</strong></span> <span class='ocrx_word' id='word_1_77' title='bbox 1768 1371 1930 1435; x_wconf 85' lang='lat' dir='ltr'><strong>enim</strong></span> <span class='ocrx_word' id='word_1_78' title='bbox 1997 1371 2302 1452; x_wconf 81' lang='lat' dir='ltr'><strong>pertinet:</strong></span> <span class='ocrx_word' id='word_1_79' title='bbox 2372 1388 2523 1432; x_wconf 91' lang='lat' dir='ltr'><strong>non</strong></span> 
     </span>
     <span class='ocr_line' id='line_1_10' title="bbox 244 1476 2525 1560; baseline 0.001 -23"><span class='ocrx_word' id='word_1_80' title='bbox 244 1476 480 1540; x_wconf 79' lang='lat' dir='ltr'><strong>facies</strong></span> <span class='ocrx_word' id='word_1_81' title='bbox 529 1478 693 1541; x_wconf 87' lang='lat' dir='ltr'><strong>tibi</strong></span> <span class='ocrx_word' id='word_1_82' title='bbox 742 1478 1044 1542; x_wconf 83' lang='lat' dir='ltr'><strong>idolum</strong></span> <span class='ocrx_word' id='word_1_83' title='bbox 1095 1498 1349 1560; x_wconf 89' lang='lat' dir='ltr'><strong>neque</strong></span> <span class='ocrx_word' id='word_1_84' title='bbox 1390 1479 1647 1542; x_wconf 86' lang='lat' dir='ltr'><strong>ullum</strong></span> <span class='ocrx_word' id='word_1_85' title='bbox 1691 1478 2255 1554; x_wconf 80' lang='lat' dir='ltr'><strong>simulacrum,</strong></span> <span class='ocrx_word' id='word_1_86' title='bbox 2298 1495 2525 1558; x_wconf 86' lang='lat' dir='ltr'><strong>quae·</strong></span> 
     </span>
     <span class='ocr_line' id='line_1_11' title="bbox 170 1583 2523 1666; baseline -0.001 -19"><span class='ocrx_word' id='word_1_87' title='bbox 170 1602 565 1665; x_wconf 77' lang='lat' dir='ltr'><strong>meumque</strong></span> <span class='ocrx_word' id='word_1_88' title='bbox 626 1585 703 1648; x_wconf 89' lang='lat' dir='ltr'><strong>in</strong></span> <span class='ocrx_word' id='word_1_89' title='bbox 763 1585 985 1648; x_wconf 80' lang='lat' dir='ltr'><strong>caelo</strong></span> <span class='ocrx_word' id='word_1_90' title='bbox 1046 1589 1233 1648; x_wconf 91' lang='lat' dir='ltr'><strong>sunt</strong></span> <span class='ocrx_word' id='word_1_91' title='bbox 1298 1604 1615 1648; x_wconf 84' lang='lat' dir='ltr'><strong>sursum</strong></span> <span class='ocrx_word' id='word_1_92' title='bbox 1685 1591 1761 1649; x_wconf 90' lang='lat' dir='ltr'><strong>et</strong></span> <span class='ocrx_word' id='word_1_93' title='bbox 1828 1603 2380 1666; x_wconf 78' lang='lat' dir='ltr'><strong>quaecumque</strong></span> <span class='ocrx_word' id='word_1_94' title='bbox 2449 1583 2523 1646; x_wconf 91' lang='lat' dir='ltr'><strong>in</strong></span> 
     </span>
     <span class='ocr_line' id='line_1_12' title="bbox 242 1689 2520 1774; baseline 0.002 -23"><span class='ocrx_word' id='word_1_95' title='bbox 242 1695 439 1752; x_wconf 84' lang='lat' dir='ltr'><strong>terra</strong></span> <span class='ocrx_word' id='word_1_96' title='bbox 498 1689 878 1754; x_wconf 86' lang='lat' dir='ltr'><strong>deorsum</strong></span> <span class='ocrx_word' id='word_1_97' title='bbox 935 1696 1011 1754; x_wconf 89' lang='lat' dir='ltr'><strong>et</strong></span> <span class='ocrx_word' id='word_1_98' title='bbox 1069 1710 1622 1772; x_wconf 81' lang='lat' dir='ltr'><strong>quaecumque</strong></span> <span class='ocrx_word' id='word_1_99' title='bbox 1681 1693 1756 1755; x_wconf 90' lang='lat' dir='ltr'><strong>in</strong></span> <span class='ocrx_word' id='word_1_100' title='bbox 1815 1711 2016 1774; x_wconf 88' lang='lat' dir='ltr'><strong>aqua</strong></span> <span class='ocrx_word' id='word_1_101' title='bbox 2075 1690 2216 1754; x_wconf 86' lang='lat' dir='ltr'><strong>sub</strong></span> <span class='ocrx_word' id='word_1_102' title='bbox 2287 1695 2520 1755; x_wconf 86' lang='lat' dir='ltr'><strong>terra.</strong></span> 
     </span>
     <span class='ocr_line' id='line_1_13' title="bbox 241 1796 2523 1879; baseline 0.001 -21"><span class='ocrx_word' id='word_1_103' title='bbox 241 1815 377 1861; x_wconf 90' lang='lat' dir='ltr'><strong>non</strong></span> <span class='ocrx_word' id='word_1_104' title='bbox 425 1796 813 1861; x_wconf 82' lang='lat' dir='ltr'><strong>adorabis</strong></span> <span class='ocrx_word' id='word_1_105' title='bbox 863 1798 979 1860; x_wconf 89' lang='lat' dir='ltr'><strong>eis</strong></span> <span class='ocrx_word' id='word_1_106' title='bbox 1030 1817 1281 1878; x_wconf 88' lang='lat' dir='ltr'><strong>neque</strong></span> <span class='ocrx_word' id='word_1_107' title='bbox 1330 1799 1646 1862; x_wconf 82' lang='lat' dir='ltr'><strong>seruies</strong></span> <span class='ocrx_word' id='word_1_108' title='bbox 1697 1799 1910 1864; x_wconf 83' lang='lat' dir='ltr'><strong>illis.</strong></span> <span class='ocrx_word' id='word_1_109' title='bbox 1961 1799 2085 1862; x_wconf 90' lang='lat' dir='ltr'><strong>nisi</strong></span> <span class='ocrx_word' id='word_1_110' title='bbox 2133 1796 2312 1860; x_wconf 82' lang='lat' dir='ltr'><strong>adid</strong></span> <span class='ocrx_word' id='word_1_111' title='bbox 2353 1797 2523 1879; x_wconf 85' lang='lat' dir='ltr'><strong>quod</strong></span> 
     </span>
     <span class='ocr_line' id='line_1_14' title="bbox 244 1901 2272 1988; baseline 0.001 -24"><span class='ocrx_word' id='word_1_112' title='bbox 244 1901 467 1967; x_wconf 80' lang='lat' dir='ltr'><strong>dietum</strong></span> <span class='ocrx_word' id='word_1_113' title='bbox 517 1906 653 1968; x_wconf 84' lang='lat' dir='ltr'><strong>est:</strong></span> <span class='ocrx_word' id='word_1_114' title='bbox 705 1922 850 1967; x_wconf 92' lang='lat' dir='ltr'><strong>non</strong></span> <span class='ocrx_word' id='word_1_115' title='bbox 901 1908 1134 1968; x_wconf 87' lang='lat' dir='ltr'><strong>erunt</strong></span> <span class='ocrx_word' id='word_1_116' title='bbox 1179 1905 1336 1968; x_wconf 87' lang='lat' dir='ltr'><strong>tibi</strong></span> <span class='ocrx_word' id='word_1_117' title='bbox 1385 1905 1492 1968; x_wconf 90' lang='lat' dir='ltr'><strong>dii</strong></span> <span class='ocrx_word' id='word_1_118' title='bbox 1543 1905 1690 1968; x_wconf 85' lang='lat' dir='ltr'><strong>alii</strong></span> <span class='ocrx_word' id='word_1_119' title='bbox 1737 1911 2062 1988; x_wconf 85' lang='lat' dir='ltr'><strong>praeter</strong></span> <span class='ocrx_word' id='word_1_120' title='bbox 2106 1909 2272 1968; x_wconf 80' lang='lat' dir='ltr'><strong>ine?</strong></span> 
     </span>
     <span class='ocr_line' id='line_1_15' title="bbox 323 2007 2522 2091; baseline 0 -20"><span class='ocrx_word' id='word_1_121' title='bbox 323 2007 440 2071; x_wconf 87' lang='lat' dir='ltr'><strong>Sed</strong></span> <span class='ocrx_word' id='word_1_122' title='bbox 490 2029 719 2072; x_wconf 88' lang='lat' dir='ltr'><strong>rursus</strong></span> <span class='ocrx_word' id='word_1_123' title='bbox 769 2009 1091 2090; x_wconf 86' lang='lat' dir='ltr'><strong>quaeritur</strong></span> <span class='ocrx_word' id='word_1_124' title='bbox 1140 2029 1262 2091; x_wconf 89' lang='lat' dir='ltr'><strong>quo</strong></span> <span class='ocrx_word' id='word_1_125' title='bbox 1315 2009 1594 2075; x_wconf 84' lang='lat' dir='ltr'><strong>differat:</strong></span> <span class='ocrx_word' id='word_1_126' title='bbox 1655 2032 1805 2076; x_wconf 89' lang='lat' dir='ltr'><strong>non</strong></span> <span class='ocrx_word' id='word_1_127' title='bbox 1885 2014 2188 2074; x_wconf 84' lang='lat' dir='ltr'><strong>furtum</strong></span> <span class='ocrx_word' id='word_1_128' title='bbox 2265 2009 2522 2072; x_wconf 79' lang='lat' dir='ltr'><strong>facies</strong></span> 
     </span>
     <span class='ocr_line' id='line_1_16' title="bbox 166 2114 2525 2199; baseline -0.003 -15"><span class='ocrx_word' id='word_1_129' title='bbox 166 2146 208 2184; x_wconf 61' lang='grc' dir='ltr'><strong>ιε,</strong></span> <span class='ocrx_word' id='word_1_130' title='bbox 240 2114 306 2178; x_wconf 88' lang='lat' dir='ltr'><strong>ab</strong></span> <span class='ocrx_word' id='word_1_131' title='bbox 361 2134 431 2179; x_wconf 90' lang='lat' dir='ltr'><strong>eo</strong></span> <span class='ocrx_word' id='word_1_132' title='bbox 490 2115 668 2198; x_wconf 89' lang='lat' dir='ltr'><strong>quod</strong></span> <span class='ocrx_word' id='word_1_133' title='bbox 724 2118 913 2197; x_wconf 91' lang='lat' dir='ltr'><strong>paulo</strong></span> <span class='ocrx_word' id='word_1_134' title='bbox 962 2120 1112 2199; x_wconf 86' lang='lat' dir='ltr'><strong>post</strong></span> <span class='ocrx_word' id='word_1_135' title='bbox 1158 2116 1232 2180; x_wconf 91' lang='lat' dir='ltr'><strong>de</strong></span> <span class='ocrx_word' id='word_1_136' title='bbox 1281 2136 1402 2181; x_wconf 92' lang='lat' dir='ltr'><strong>non</strong></span> <span class='ocrx_word' id='word_1_137' title='bbox 1452 2118 1975 2199; x_wconf 74' lang='lat' dir='ltr'><strong>concupiscendis</strong></span> <span class='ocrx_word' id='word_1_138' title='bbox 2022 2116 2288 2198; x_wconf 81' lang='lat' dir='ltr'><strong>proximi</strong></span> <span class='ocrx_word' id='word_1_139' title='bbox 2334 2117 2525 2179; x_wconf 86' lang='lat' dir='ltr'><strong>rebus</strong></span> 
     </span>
     <span class='ocr_line' id='line_1_17' title="bbox 238 2222 2524 2306; baseline 0.001 -22"><span class='ocrx_word' id='word_1_140' title='bbox 238 2222 636 2303; x_wconf 76' lang='lat' dir='ltr'><strong>praecipitur.</strong></span> <span class='ocrx_word' id='word_1_141' title='bbox 694 2242 816 2286; x_wconf 91' lang='lat' dir='ltr'><strong>non</strong></span> <span class='ocrx_word' id='word_1_142' title='bbox 876 2223 1131 2305; x_wconf 88' lang='lat' dir='ltr'><strong>quidem</strong></span> <span class='ocrx_word' id='word_1_143' title='bbox 1191 2225 1394 2288; x_wconf 83' lang='lat' dir='ltr'><strong>omnis</strong></span> <span class='ocrx_word' id='word_1_144' title='bbox 1452 2225 1562 2306; x_wconf 88' lang='lat' dir='ltr'><strong>qui</strong></span> <span class='ocrx_word' id='word_1_145' title='bbox 1618 2244 1750 2288; x_wconf 89' lang='lat' dir='ltr'><strong>rem</strong></span> <span class='ocrx_word' id='word_1_146' title='bbox 1807 2224 2072 2306; x_wconf 82' lang='lat' dir='ltr'><strong>proximi</strong></span> <span class='ocrx_word' id='word_1_147' title='bbox 2131 2224 2230 2286; x_wconf 87' lang='lat' dir='ltr'><strong>sui</strong></span> <span class='ocrx_word' id='word_1_148' title='bbox 2298 2242 2524 2286; x_wconf 83' lang='lat' dir='ltr'><strong>eoncu-</strong></span> 
     </span>
     <span class='ocr_line' id='line_1_18' title="bbox 238 2328 2524 2414; baseline 0 -22"><span class='ocrx_word' id='word_1_149' title='bbox 238 2328 415 2410; x_wconf 83' lang='lat' dir='ltr'><strong>piseit</strong></span> <span class='ocrx_word' id='word_1_150' title='bbox 470 2330 757 2404; x_wconf 81' lang='lat' dir='ltr'><strong>furatur3</strong></span> <span class='ocrx_word' id='word_1_151' title='bbox 818 2331 927 2394; x_wconf 87' lang='lat' dir='ltr'><strong>sed</strong></span> <span class='ocrx_word' id='word_1_152' title='bbox 984 2331 1039 2394; x_wconf 90' lang='lat' dir='ltr'><strong>si</strong></span> <span class='ocrx_word' id='word_1_153' title='bbox 1096 2331 1303 2394; x_wconf 87' lang='lat' dir='ltr'><strong>omnis</strong></span> <span class='ocrx_word' id='word_1_154' title='bbox 1362 2332 1469 2413; x_wconf 90' lang='lat' dir='ltr'><strong>qui</strong></span> <span class='ocrx_word' id='word_1_155' title='bbox 1515 2333 1764 2395; x_wconf 83' lang='lat' dir='ltr'><strong>furatur</strong></span> <span class='ocrx_word' id='word_1_156' title='bbox 1808 2352 1939 2395; x_wconf 89' lang='lat' dir='ltr'><strong>rem</strong></span> <span class='ocrx_word' id='word_1_157' title='bbox 1986 2331 2250 2414; x_wconf 82' lang='lat' dir='ltr'><strong>proximi</strong></span> <span class='ocrx_word' id='word_1_158' title='bbox 2299 2349 2524 2394; x_wconf 84' lang='lat' dir='ltr'><strong>eoncu-</strong></span> 
     </span>
     <span class='ocr_line' id='line_1_19' title="bbox 238 2434 2526 2522; baseline 0.002 -24"><span class='ocrx_word' id='word_1_159' title='bbox 238 2434 432 2515; x_wconf 73' lang='lat' dir='ltr'><strong>piseit,</strong></span> <span class='ocrx_word' id='word_1_160' title='bbox 490 2439 747 2518; x_wconf 86' lang='lat' dir='ltr'><strong>poterat</strong></span> <span class='ocrx_word' id='word_1_161' title='bbox 799 2436 861 2500; x_wconf 91' lang='lat' dir='ltr'><strong>in</strong></span> <span class='ocrx_word' id='word_1_162' title='bbox 919 2437 1031 2502; x_wconf 89' lang='lat' dir='ltr'><strong>illa</strong></span> <span class='ocrx_word' id='word_1_163' title='bbox 1089 2439 1517 2522; x_wconf 74' lang='lat' dir='ltr'><strong>generalitate,</strong></span> <span class='ocrx_word' id='word_1_164' title='bbox 1571 2440 1679 2503; x_wconf 91' lang='lat' dir='ltr'><strong>ubi</strong></span> <span class='ocrx_word' id='word_1_165' title='bbox 1728 2439 1803 2503; x_wconf 88' lang='lat' dir='ltr'><strong>de</strong></span> <span class='ocrx_word' id='word_1_166' title='bbox 1853 2458 1972 2504; x_wconf 89' lang='lat' dir='ltr'><strong>non</strong></span> <span class='ocrx_word' id='word_1_167' title='bbox 2022 2438 2526 2521; x_wconf 79' lang='lat' dir='ltr'><strong>concupiscenda</strong></span> 
     </span>
     <span class='ocr_line' id='line_1_20' title="bbox 240 2543 2526 2629; baseline 0.003 -25"><span class='ocrx_word' id='word_1_168' title='bbox 240 2561 295 2605; x_wconf 89' lang='lat' dir='ltr'><strong>re</strong></span> <span class='ocrx_word' id='word_1_169' title='bbox 350 2543 622 2623; x_wconf 82' lang='lat' dir='ltr'><strong>proximi</strong></span> <span class='ocrx_word' id='word_1_170' title='bbox 676 2545 1082 2628; x_wconf 84' lang='lat' dir='ltr'><strong>praecipitur,</strong></span> <span class='ocrx_word' id='word_1_171' title='bbox 1144 2547 1334 2611; x_wconf 88' lang='lat' dir='ltr'><strong>etiam</strong></span> <span class='ocrx_word' id='word_1_172' title='bbox 1391 2548 1552 2611; x_wconf 82' lang='lat' dir='ltr'><strong>illud</strong></span> <span class='ocrx_word' id='word_1_173' title='bbox 1611 2547 1779 2628; x_wconf 84' lang='lat' dir='ltr'><strong>quod</strong></span> <span class='ocrx_word' id='word_1_174' title='bbox 1838 2547 1914 2611; x_wconf 88' lang='lat' dir='ltr'><strong>ad</strong></span> <span class='ocrx_word' id='word_1_175' title='bbox 1961 2549 2203 2611; x_wconf 85' lang='lat' dir='ltr'><strong>furtum</strong></span> <span class='ocrx_word' id='word_1_176' title='bbox 2252 2547 2526 2629; x_wconf 89' lang='lat' dir='ltr'><strong>pertinet</strong></span> 
     </span>
     <span class='ocr_line' id='line_1_21' title="bbox 162 2650 2524 2739; baseline 0.002 -29"><span class='ocrx_word' id='word_1_177' title='bbox 162 2681 206 2718; x_wconf 75' lang='lat'><strong>20</strong></span> <span class='ocrx_word' id='word_1_178' title='bbox 237 2650 548 2714; x_wconf 81' lang='lat' dir='ltr'><strong>contineri.</strong></span> <span class='ocrx_word' id='word_1_179' title='bbox 618 2650 915 2715; x_wconf 87' lang='lat' dir='ltr'><strong>similiter</strong></span> <span class='ocrx_word' id='word_1_180' title='bbox 961 2653 1152 2716; x_wconf 88' lang='lat' dir='ltr'><strong>etiam</strong></span> <span class='ocrx_word' id='word_1_181' title='bbox 1202 2654 1547 2734; x_wconf 78' lang='lat' dir='ltr'><strong>quaeritur,</strong></span> <span class='ocrx_word' id='word_1_182' title='bbox 1599 2674 1720 2735; x_wconf 89' lang='lat' dir='ltr'><strong>quo</strong></span> <span class='ocrx_word' id='word_1_183' title='bbox 1771 2654 2019 2718; x_wconf 76' lang='lat' dir='ltr'><strong>differat</strong></span> <span class='ocrx_word' id='word_1_184' title='bbox 2066 2655 2234 2739; x_wconf 88' lang='lat' dir='ltr'><strong>quod</strong></span> <span class='ocrx_word' id='word_1_185' title='bbox 2284 2654 2524 2717; x_wconf 85' lang='lat' dir='ltr'><strong>dictum</strong></span> 
     </span>
     <span class='ocr_line' id='line_1_22' title="bbox 237 2760 2522 2845; baseline 0.002 -27"><span class='ocrx_word' id='word_1_186' title='bbox 237 2760 356 2819; x_wconf 85' lang='lat' dir='ltr'><strong>est:</strong></span> <span class='ocrx_word' id='word_1_187' title='bbox 421 2777 573 2821; x_wconf 90' lang='lat' dir='ltr'><strong>non</strong></span> <span class='ocrx_word' id='word_1_188' title='bbox 647 2760 1243 2835; x_wconf 76' lang='lat' dir='ltr'><strong>nioechaberiS‚</strong></span> <span class='ocrx_word' id='word_1_189' title='bbox 1304 2762 1378 2826; x_wconf 86' lang='lat' dir='ltr'><strong>ab</strong></span> <span class='ocrx_word' id='word_1_190' title='bbox 1440 2781 1511 2827; x_wconf 91' lang='lat' dir='ltr'><strong>eo</strong></span> <span class='ocrx_word' id='word_1_191' title='bbox 1573 2763 1742 2843; x_wconf 84' lang='lat' dir='ltr'><strong>quod</strong></span> <span class='ocrx_word' id='word_1_192' title='bbox 1800 2763 1987 2843; x_wconf 87' lang='lat' dir='ltr'><strong>paulo</strong></span> <span class='ocrx_word' id='word_1_193' title='bbox 2047 2767 2194 2845; x_wconf 90' lang='lat' dir='ltr'><strong>post</strong></span> <span class='ocrx_word' id='word_1_194' title='bbox 2251 2760 2522 2825; x_wconf 86' lang='lat' dir='ltr'><strong>dieitur:</strong></span> 
     </span>
     <span class='ocr_line' id='line_1_23' title="bbox 233 2865 2520 2951; baseline 0.001 -26"><span class='ocrx_word' id='word_1_195' title='bbox 233 2881 366 2926; x_wconf 92' lang='lat' dir='ltr'><strong>non</strong></span> <span class='ocrx_word' id='word_1_196' title='bbox 426 2865 977 2946; x_wconf 78' lang='lat' dir='ltr'><strong>concupisces</strong></span> <span class='ocrx_word' id='word_1_197' title='bbox 1034 2886 1355 2931; x_wconf 89' lang='lat' dir='ltr'><strong>uxorem</strong></span> <span class='ocrx_word' id='word_1_198' title='bbox 1413 2870 1762 2951; x_wconf 86' lang='lat' dir='ltr'><strong>proximi</strong></span> <span class='ocrx_word' id='word_1_199' title='bbox 1821 2870 1961 2935; x_wconf 90' lang='lat' dir='ltr'><strong>tui.</strong></span> <span class='ocrx_word' id='word_1_200' title='bbox 2023 2871 2084 2933; x_wconf 91' lang='lat' dir='ltr'><strong>in</strong></span> <span class='ocrx_word' id='word_1_201' title='bbox 2144 2889 2216 2933; x_wconf 92' lang='lat' dir='ltr'><strong>eo</strong></span> <span class='ocrx_word' id='word_1_202' title='bbox 2267 2867 2520 2949; x_wconf 75' lang='lat' dir='ltr'><strong>quippe,</strong></span> 
     </span>
     <span class='ocr_line' id='line_1_24' title="bbox 234 2970 2522 3057; baseline 0.001 -25"><span class='ocrx_word' id='word_1_203' title='bbox 234 2970 386 3048; x_wconf 85' lang='lat' dir='ltr'><strong>quod</strong></span> <span class='ocrx_word' id='word_1_204' title='bbox 462 2971 715 3035; x_wconf 84' lang='lat' dir='ltr'><strong>dictum</strong></span> <span class='ocrx_word' id='word_1_205' title='bbox 794 2974 922 3035; x_wconf 87' lang='lat' dir='ltr'><strong>est:</strong></span> <span class='ocrx_word' id='word_1_206' title='bbox 997 2992 1146 3036; x_wconf 91' lang='lat' dir='ltr'><strong>non</strong></span> <span class='ocrx_word' id='word_1_207' title='bbox 1222 2974 1820 3051; x_wconf 77' lang='lat' dir='ltr'><strong>moechaberiS,</strong></span> <span class='ocrx_word' id='word_1_208' title='bbox 1898 2981 2148 3057; x_wconf 84' lang='lat' dir='ltr'><strong>poterat</strong></span> <span class='ocrx_word' id='word_1_209' title='bbox 2223 2978 2288 3039; x_wconf 85' lang='lat' dir='ltr'><strong>et</strong></span> <span class='ocrx_word' id='word_1_210' title='bbox 2359 2973 2522 3036; x_wconf 79' lang='lat' dir='ltr'><strong>illud</strong></span> 
     </span>
     <span class='ocr_line' id='line_1_25' title="bbox 232 3074 2524 3163; baseline 0.003 -27"><span class='ocrx_word' id='word_1_211' title='bbox 232 3074 523 3161; x_wconf 87' lang='lat' dir='ltr'><strong>intellegi.</strong></span> <span class='ocrx_word' id='word_1_212' title='bbox 598 3076 722 3139; x_wconf 86' lang='lat' dir='ltr'><strong>nisi</strong></span> <span class='ocrx_word' id='word_1_213' title='bbox 789 3076 948 3141; x_wconf 86' lang='lat' dir='ltr'><strong>forte</strong></span> <span class='ocrx_word' id='word_1_214' title='bbox 1012 3079 1075 3141; x_wconf 93' lang='lat' dir='ltr'><strong>in</strong></span> <span class='ocrx_word' id='word_1_215' title='bbox 1145 3079 1273 3143; x_wconf 91' lang='lat' dir='ltr'><strong>illis</strong></span> <span class='ocrx_word' id='word_1_216' title='bbox 1343 3080 1590 3143; x_wconf 88' lang='lat' dir='ltr'><strong>duobus</strong></span> <span class='ocrx_word' id='word_1_217' title='bbox 1657 3082 1935 3163; x_wconf 81' lang='lat' dir='ltr'><strong>peccatis</strong></span> <span class='ocrx_word' id='word_1_218' title='bbox 2010 3081 2383 3146; x_wconf 82' lang='lat' dir='ltr'><strong>moechandi</strong></span> <span class='ocrx_word' id='word_1_219' title='bbox 2460 3085 2524 3144; x_wconf 89' lang='lat' dir='ltr'><strong>et</strong></span> 
     </span>
     <span class='ocr_line' id='line_1_26' title="bbox 160 3182 2523 3269; baseline 0.003 -25"><span class='ocrx_word' id='word_1_220' title='bbox 160 3214 203 3253; x_wconf 44' lang='grc' dir='ltr'><strong>ἐς</strong></span> <span class='ocrx_word' id='word_1_221' title='bbox 233 3182 467 3246; x_wconf 84' lang='lat' dir='ltr'><strong>furandi</strong></span> <span class='ocrx_word' id='word_1_222' title='bbox 534 3184 678 3266; x_wconf 88' lang='lat' dir='ltr'><strong>ipsa</strong></span> <span class='ocrx_word' id='word_1_223' title='bbox 745 3203 933 3266; x_wconf 87' lang='lat' dir='ltr'><strong>opera</strong></span> <span class='ocrx_word' id='word_1_224' title='bbox 997 3189 1217 3249; x_wconf 83' lang='lat' dir='ltr'><strong>notata</strong></span> <span class='ocrx_word' id='word_1_225' title='bbox 1281 3192 1448 3263; x_wconf 79' lang='lat' dir='ltr'><strong>sunt,</strong></span> <span class='ocrx_word' id='word_1_226' title='bbox 1516 3188 1580 3250; x_wconf 90' lang='lat' dir='ltr'><strong>in</strong></span> <span class='ocrx_word' id='word_1_227' title='bbox 1648 3188 1747 3252; x_wconf 89' lang='lat' dir='ltr'><strong>his</strong></span> <span class='ocrx_word' id='word_1_228' title='bbox 1809 3209 1958 3254; x_wconf 89' lang='lat' dir='ltr'><strong>uero</strong></span> <span class='ocrx_word' id='word_1_229' title='bbox 2026 3190 2318 3254; x_wconf 85' lang='lat' dir='ltr'><strong>extremis</strong></span> <span class='ocrx_word' id='word_1_230' title='bbox 2383 3190 2523 3269; x_wconf 87' lang='lat' dir='ltr'><strong>ipsa</strong></span> 
     </span>
    </p>
   </div>
   <div class='ocr_carea' id='block_1_3' title="bbox 399 3409 2410 3475">
    <p class='ocr_par' dir='ltr' id='par_1_3' title="bbox 399 3409 2410 3475">
     <span class='ocr_line' id='line_1_27' title="bbox 399 3409 2410 3475; baseline 0.004 -13"><span class='ocrx_word' id='word_1_231' title='bbox 399 3409 429 3461; x_wconf 79' lang='lat'>8</span> <span class='ocrx_word' id='word_1_232' title='bbox 470 3410 567 3463; x_wconf 83' lang='lat' dir='ltr'><strong>Ex.</strong></span> <span class='ocrx_word' id='word_1_233' title='bbox 612 3410 695 3473; x_wconf 74' lang='lat'><strong>20,</strong></span> <span class='ocrx_word' id='word_1_234' title='bbox 736 3413 770 3463; x_wconf 77' lang='lat'>4</span> <span class='ocrx_word' id='word_1_235' title='bbox 884 3413 947 3464; x_wconf 78' lang='lat'><strong>14</strong></span> <span class='ocrx_word' id='word_1_236' title='bbox 986 3412 1081 3464; x_wconf 84' lang='lat' dir='ltr'><strong>Ex.</strong></span> <span class='ocrx_word' id='word_1_237' title='bbox 1122 3411 1208 3475; x_wconf 78' lang='lat'><strong>20,</strong></span> <span class='ocrx_word' id='word_1_238' title='bbox 1254 3415 1320 3466; x_wconf 84' lang='lat'><strong>14</strong></span> <span class='ocrx_word' id='word_1_239' title='bbox 1429 3414 1491 3467; x_wconf 82' lang='lat'><strong>21</strong></span> <span class='ocrx_word' id='word_1_240' title='bbox 1538 3415 1628 3469; x_wconf 83' lang='lat' dir='ltr'><strong>Ex.</strong></span> <span class='ocrx_word' id='word_1_241' title='bbox 1671 3417 1755 3473; x_wconf 73' lang='lat'><strong>120.</strong></span> <span class='ocrx_word' id='word_1_242' title='bbox 1800 3417 1862 3468; x_wconf 88' lang='grc'><strong>13</strong></span> <span class='ocrx_word' id='word_1_243' title='bbox 1975 3418 2041 3469; x_wconf 78' lang='grc'><strong>’.22</strong></span> <span class='ocrx_word' id='word_1_244' title='bbox 2081 3417 2176 3470; x_wconf 87' lang='lat' dir='ltr'><strong>Ex.</strong></span> <span class='ocrx_word' id='word_1_245' title='bbox 2217 3418 2304 3475; x_wconf 69' lang='grc' dir='ltr'><strong>ΞΟ,</strong></span> <span class='ocrx_word' id='word_1_246' title='bbox 2348 3419 2410 3470; x_wconf 80' lang='grc'><strong>17</strong></span> 
     </span>
    </p>
   </div>
   <div class='ocr_carea' id='block_1_4' title="bbox 234 3552 2521 4425">
    <p class='ocr_par' dir='ltr' id='par_1_4' title="bbox 234 3552 2521 4425">
     <span class='ocr_line' id='line_1_28' title="bbox 299 3552 2521 3620; baseline 0.004 -17"><span class='ocrx_word' id='word_1_247' title='bbox 299 3552 328 3603; x_wconf 85' lang='grc'><strong>3</strong></span> <span class='ocrx_word' id='word_1_248' title='bbox 358 3568 532 3620; x_wconf 82' lang='lat' dir='ltr'><strong>neque</strong></span> <span class='ocrx_word' id='word_1_249' title='bbox 559 3569 751 3620; x_wconf 80' lang='lat' dir='ltr'><strong>agrum</strong></span> <span class='ocrx_word' id='word_1_250' title='bbox 784 3553 897 3605; x_wconf 83' lang='lat' dir='ltr'><strong>eius</strong></span> <span class='ocrx_word' id='word_1_251' title='bbox 928 3569 1029 3606; x_wconf 83' lang='lat' dir='ltr'><strong>om.</strong></span> <span class='ocrx_word' id='word_1_252' title='bbox 1054 3554 1122 3605; x_wconf 77' lang='lat' dir='ltr'><strong><em>N</em></strong></span> <span class='ocrx_word' id='word_1_253' title='bbox 1224 3556 1256 3607; x_wconf 87' lang='grc'>6</span> <span class='ocrx_word' id='word_1_254' title='bbox 1297 3555 1370 3607; x_wconf 87' lang='grc'><strong>(111</strong></span> <span class='ocrx_word' id='word_1_255' title='bbox 1403 3556 1690 3608; x_wconf 76' lang='lat' dir='ltr'><strong>PSVde</strong></span> <span class='ocrx_word' id='word_1_256' title='bbox 1717 3574 1816 3611; x_wconf 87' lang='lat' dir='ltr'><strong>om.</strong></span> <span class='ocrx_word' id='word_1_257' title='bbox 1849 3559 1912 3611; x_wconf 77' lang='lat' dir='ltr'><strong><em>N</em></strong></span> <span class='ocrx_word' id='word_1_258' title='bbox 2018 3561 2049 3612; x_wconf 69' lang='lat'><em>8</em></span> <span class='ocrx_word' id='word_1_259' title='bbox 2080 3560 2145 3612; x_wconf 86' lang='lat' dir='ltr'><strong>iis</strong></span> <span class='ocrx_word' id='word_1_260' title='bbox 2177 3560 2215 3612; x_wconf 81' lang='grc' dir='ltr'><strong>(Ζ</strong></span> <span class='ocrx_word' id='word_1_261' title='bbox 2361 3559 2521 3613; x_wconf 83' lang='lat' dir='ltr'><strong>subta</strong></span> 
     </span>
     <span class='ocr_line' id='line_1_29' title="bbox 244 3637 2521 3717; baseline 0.007 -30"><span class='ocrx_word' id='word_1_262' title='bbox 244 3637 290 3687; x_wconf 86' lang='lat' dir='ltr'><strong><em>V</em></strong></span> <span class='ocrx_word' id='word_1_263' title='bbox 317 3638 565 3693; x_wconf 74' lang='lat' dir='ltr'><strong>subiecta</strong></span> <span class='ocrx_word' id='word_1_264' title='bbox 605 3639 679 3693; x_wconf 73' lang='lat' dir='ltr'><strong>bd</strong></span> <span class='ocrx_word' id='word_1_265' title='bbox 809 3642 874 3695; x_wconf 85' lang='lat'><strong>10</strong></span> <span class='ocrx_word' id='word_1_266' title='bbox 913 3658 1095 3695; x_wconf 85' lang='lat' dir='ltr'><strong>susum</strong></span> <span class='ocrx_word' id='word_1_267' title='bbox 1142 3642 1188 3695; x_wconf 87' lang='lat' dir='ltr'><em>C</em></span> <span class='ocrx_word' id='word_1_268' title='bbox 1312 3645 1370 3696; x_wconf 90' lang='lat'><strong>11</strong></span> <span class='ocrx_word' id='word_1_269' title='bbox 1416 3645 1492 3712; x_wconf 92' lang='lat' dir='ltr'><strong>in]</strong></span> <span class='ocrx_word' id='word_1_270' title='bbox 1540 3644 1604 3697; x_wconf 83' lang='lat' dir='ltr'><strong>‹le</strong></span> <span class='ocrx_word' id='word_1_271' title='bbox 1644 3646 1824 3699; x_wconf 85' lang='lat' dir='ltr'><em>P¹SV</em></span> <span class='ocrx_word' id='word_1_272' title='bbox 1966 3647 2063 3700; x_wconf 91' lang='lat' dir='ltr'><strong>sub</strong></span> <span class='ocrx_word' id='word_1_273' title='bbox 2105 3653 2248 3701; x_wconf 84' lang='lat' dir='ltr'><strong>terra</strong></span> <span class='ocrx_word' id='word_1_274' title='bbox 2285 3650 2340 3702; x_wconf 88' lang='lat' dir='ltr'><strong>in</strong></span> <span class='ocrx_word' id='word_1_275' title='bbox 2381 3666 2521 3717; x_wconf 81' lang='lat' dir='ltr'><strong>aqua</strong></span> 
     </span>
     <span class='ocr_line' id='line_1_30' title="bbox 235 3724 2517 3805; baseline 0.005 -26"><span class='ocrx_word' id='word_1_276' title='bbox 235 3724 406 3797; x_wconf 75' lang='lat' dir='ltr'><strong>NEuy</strong></span> <span class='ocrx_word' id='word_1_277' title='bbox 558 3730 623 3782; x_wconf 80' lang='lat'><strong>12</strong></span> <span class='ocrx_word' id='word_1_278' title='bbox 663 3747 755 3782; x_wconf 87' lang='lat' dir='ltr'><strong>eos</strong></span> <span class='ocrx_word' id='word_1_279' title='bbox 804 3730 935 3783; x_wconf 79' lang='lat' dir='ltr'><strong>V2T</strong></span> <span class='ocrx_word' id='word_1_280' title='bbox 969 3748 1031 3783; x_wconf 85' lang='lat' dir='ltr'><strong>ea</strong></span> <span class='ocrx_word' id='word_1_281' title='bbox 1071 3731 1144 3783; x_wconf 79' lang='lat' dir='ltr'><strong>bd</strong></span> <span class='ocrx_word' id='word_1_282' title='bbox 1292 3733 1354 3785; x_wconf 86' lang='lat'><strong>13</strong></span> <span class='ocrx_word' id='word_1_283' title='bbox 1396 3732 1450 3785; x_wconf 89' lang='lat' dir='ltr'><strong>di</strong></span> <span class='ocrx_word' id='word_1_284' title='bbox 1488 3734 1675 3804; x_wconf 73' lang='lat' dir='ltr'><strong>NEuy</strong></span> <span class='ocrx_word' id='word_1_285' title='bbox 1814 3735 1877 3788; x_wconf 85' lang='lat'><strong>14</strong></span> <span class='ocrx_word' id='word_1_286' title='bbox 1918 3736 2046 3805; x_wconf 76' lang='lat' dir='ltr'><strong>Sed]</strong></span> <span class='ocrx_word' id='word_1_287' title='bbox 2086 3738 2180 3789; x_wconf 88' lang='lat' dir='ltr'><strong>sed</strong></span> <span class='ocrx_word' id='word_1_288' title='bbox 2223 3742 2360 3805; x_wconf 76' lang='lat' dir='ltr'><strong>(sup.</strong></span> <span class='ocrx_word' id='word_1_289' title='bbox 2401 3755 2517 3805; x_wconf 61' lang='lat' dir='ltr'><strong>exp.</strong></span> 
     </span>
     <span class='ocr_line' id='line_1_31' title="bbox 236 3818 2519 3893; baseline 0.006 -26"><span class='ocrx_word' id='word_1_290' title='bbox 236 3818 387 3883; x_wconf 64' lang='lat' dir='ltr'><strong>quod}</strong></span> <span class='ocrx_word' id='word_1_291' title='bbox 426 3818 481 3869; x_wconf 92' lang='lat' dir='ltr'><em>P</em></span> <span class='ocrx_word' id='word_1_292' title='bbox 518 3818 664 3886; x_wconf 73' lang='lat' dir='ltr'><strong>qnod</strong></span> <span class='ocrx_word' id='word_1_293' title='bbox 704 3818 757 3870; x_wconf 90' lang='lat' dir='ltr'><em>V</em></span> <span class='ocrx_word' id='word_1_294' title='bbox 893 3835 1101 3872; x_wconf 85' lang='lat' dir='ltr'><strong>rursum</strong></span> <span class='ocrx_word' id='word_1_295' title='bbox 1139 3820 1427 3875; x_wconf 73' lang='lat' dir='ltr'><strong>PSVde</strong></span> <span class='ocrx_word' id='word_1_296' title='bbox 1540 3823 1602 3875; x_wconf 79' lang='lat'><strong>15</strong></span> <span class='ocrx_word' id='word_1_297' title='bbox 1633 3829 1764 3890; x_wconf 71' lang='lat' dir='ltr'><strong>post</strong></span> <span class='ocrx_word' id='word_1_298' title='bbox 1803 3825 2240 3893; x_wconf 76' lang='lat' dir='ltr'><strong>concupiscendis</strong></span> <span class='ocrx_word' id='word_1_299' title='bbox 2277 3827 2413 3880; x_wconf 81' lang='lat' dir='ltr'><strong>haec</strong></span> <span class='ocrx_word' id='word_1_300' title='bbox 2438 3843 2519 3879; x_wconf 78' lang='lat' dir='ltr'><strong>se·</strong></span> 
     </span>
     <span class='ocr_line' id='line_1_32' title="bbox 235 3907 2516 3983; baseline 0.004 -26"><span class='ocrx_word' id='word_1_301' title='bbox 235 3912 491 3970; x_wconf 74' lang='lat' dir='ltr'><strong>quantur:</strong></span> <span class='ocrx_word' id='word_1_302' title='bbox 542 3907 680 3960; x_wconf 81' lang='lat' dir='ltr'><strong>dixit</strong></span> <span class='ocrx_word' id='word_1_303' title='bbox 728 3907 795 3961; x_wconf 88' lang='lat' dir='ltr'><strong>ab</strong></span> <span class='ocrx_word' id='word_1_304' title='bbox 846 3926 907 3960; x_wconf 91' lang='lat' dir='ltr'><strong>eo</strong></span> <span class='ocrx_word' id='word_1_305' title='bbox 956 3909 1099 3976; x_wconf 85' lang='lat' dir='ltr'><strong>quod</strong></span> <span class='ocrx_word' id='word_1_306' title='bbox 1150 3910 1310 3979; x_wconf 87' lang='lat' dir='ltr'><strong>paulo</strong></span> <span class='ocrx_word' id='word_1_307' title='bbox 1358 3914 1483 3979; x_wconf 86' lang='lat' dir='ltr'><strong>post</strong></span> <span class='ocrx_word' id='word_1_308' title='bbox 1530 3912 1730 3964; x_wconf 86' lang='lat' dir='ltr'><strong>dicitur</strong></span> <span class='ocrx_word' id='word_1_309' title='bbox 1774 3930 1880 3965; x_wconf 87' lang='lat' dir='ltr'><strong>nou</strong></span> <span class='ocrx_word' id='word_1_310' title='bbox 1921 3915 2264 3983; x_wconf 76' lang='lat' dir='ltr'><strong>concupisces</strong></span> <span class='ocrx_word' id='word_1_311' title='bbox 2305 3932 2516 3967; x_wconf 72' lang='lat' dir='ltr'><strong>uxoren]</strong></span> 
     </span>
     <span class='ocr_line' id='line_1_33' title="bbox 234 3995 2516 4072; baseline 0.006 -28"><span class='ocrx_word' id='word_1_312' title='bbox 234 3995 447 4059; x_wconf 82' lang='lat' dir='ltr'><strong>proximi</strong></span> <span class='ocrx_word' id='word_1_313' title='bbox 475 3998 560 4049; x_wconf 90' lang='lat' dir='ltr'><strong>tui</strong></span> <span class='ocrx_word' id='word_1_314' title='bbox 602 3996 654 4048; x_wconf 92' lang='lat' dir='ltr'><strong>in</strong></span> <span class='ocrx_word' id='word_1_315' title='bbox 696 4013 758 4048; x_wconf 88' lang='lat' dir='ltr'><strong>eo</strong></span> <span class='ocrx_word' id='word_1_316' title='bbox 799 3998 995 4066; x_wconf 83' lang='lat' dir='ltr'><strong>quippe</strong></span> <span class='ocrx_word' id='word_1_317' title='bbox 1036 3997 1179 4065; x_wconf 84' lang='lat' dir='ltr'><strong>quod</strong></span> <span class='ocrx_word' id='word_1_318' title='bbox 1218 3997 1422 4052; x_wconf 83' lang='lat' dir='ltr'><strong>dictum</strong></span> <span class='ocrx_word' id='word_1_319' title='bbox 1462 4004 1547 4053; x_wconf 87' lang='lat' dir='ltr'><strong>est</strong></span> <span class='ocrx_word' id='word_1_320' title='bbox 1584 4017 1691 4053; x_wconf 86' lang='lat' dir='ltr'><strong>non</strong></span> <span class='ocrx_word' id='word_1_321' title='bbox 1731 4001 2096 4055; x_wconf 81' lang='lat' dir='ltr'><strong>moechaberis</strong></span> <span class='ocrx_word' id='word_1_322' title='bbox 2135 4004 2359 4072; x_wconf 86' lang='lat' dir='ltr'><strong>proximi</strong></span> <span class='ocrx_word' id='word_1_323' title='bbox 2405 4020 2516 4070; x_wconf 78' lang='lat' dir='ltr'><strong>sqq.</strong></span> 
     </span>
     <span class='ocr_line' id='line_1_34' title="bbox 238 4081 2520 4158; baseline 0.005 -27"><span class='ocrx_word' id='word_1_324' title='bbox 238 4081 291 4133; x_wconf 77' lang='lat' dir='ltr'><strong>in</strong></span> <span class='ocrx_word' id='word_1_325' title='bbox 340 4100 503 4137; x_wconf 76' lang='lat' dir='ltr'><strong>uersu</strong></span> <span class='ocrx_word' id='word_1_326' title='bbox 550 4089 621 4137; x_wconf 83' lang='lat'><strong>15</strong></span> <span class='ocrx_word' id='word_1_327' title='bbox 676 4086 739 4139; x_wconf 81' lang='lat' dir='ltr'><strong>in</strong></span> <span class='ocrx_word' id='word_1_328' title='bbox 786 4086 1062 4139; x_wconf 80' lang='lat' dir='ltr'><strong>codicibus</strong></span> <span class='ocrx_word' id='word_1_329' title='bbox 1108 4086 1287 4152; x_wconf 81' lang='lat' dir='ltr'><em>SPV‚·</em></span> <span class='ocrx_word' id='word_1_330' title='bbox 1342 4089 1403 4142; x_wconf 78' lang='lat' dir='ltr'><strong>in</strong></span> <span class='ocrx_word' id='word_1_331' title='bbox 1448 4089 1503 4140; x_wconf 87' lang='lat' dir='ltr'><em>P</em></span> <span class='ocrx_word' id='word_1_332' title='bbox 1558 4089 1660 4142; x_wconf 69' lang='lat' dir='ltr'><strong>ieta</strong></span> <span class='ocrx_word' id='word_1_333' title='bbox 1711 4090 1988 4143; x_wconf 80' lang='lat' dir='ltr'><strong>uocabula</strong></span> <span class='ocrx_word' id='word_1_334' title='bbox 2035 4108 2101 4144; x_wconf 86' lang='lat' dir='ltr'><strong>m.</strong></span> <span class='ocrx_word' id='word_1_335' title='bbox 2149 4096 2178 4143; x_wconf 93' lang='lat'><strong><em>1</em></strong></span> <span class='ocrx_word' id='word_1_336' title='bbox 2224 4108 2341 4158; x_wconf 76' lang='lat' dir='ltr'><strong>exp.</strong></span> <span class='ocrx_word' id='word_1_337' title='bbox 2388 4097 2520 4143; x_wconf 69' lang='lat' dir='ltr'><strong>sum</strong></span> 
     </span>
     <span class='ocr_line' id='line_1_35' title="bbox 243 4170 2519 4247; baseline 0.004 -25"><span class='ocrx_word' id='word_1_338' title='bbox 243 4170 298 4223; x_wconf 82' lang='lat'><strong>16</strong></span> <span class='ocrx_word' id='word_1_339' title='bbox 333 4174 414 4225; x_wconf 85' lang='lat' dir='ltr'><strong>sui</strong></span> <span class='ocrx_word' id='word_1_340' title='bbox 440 4189 545 4226; x_wconf 85' lang='lat' dir='ltr'><strong>om.</strong></span> <span class='ocrx_word' id='word_1_341' title='bbox 576 4174 642 4227; x_wconf 80' lang='lat' dir='ltr'><em>N</em></span> <span class='ocrx_word' id='word_1_342' title='bbox 749 4176 812 4226; x_wconf 76' lang='grc'><strong>18</strong></span> <span class='ocrx_word' id='word_1_343' title='bbox 842 4175 1290 4245; x_wconf 78' lang='lat' dir='ltr'><strong>concupiscenda]</strong></span> <span class='ocrx_word' id='word_1_344' title='bbox 1323 4176 1389 4230; x_wconf 83' lang='lat' dir='ltr'><strong>de</strong></span> <span class='ocrx_word' id='word_1_345' title='bbox 1420 4178 1850 4246; x_wconf 79' lang='lat' dir='ltr'><strong>concupiscenda</strong></span> <span class='ocrx_word' id='word_1_346' title='bbox 1876 4178 2035 4232; x_wconf 80' lang='lat' dir='ltr'><strong>PSV</strong></span> <span class='ocrx_word' id='word_1_347' title='bbox 2140 4179 2208 4231; x_wconf 80' lang='lat'><strong>20</strong></span> <span class='ocrx_word' id='word_1_348' title='bbox 2249 4196 2382 4247; x_wconf 61' lang='lat' dir='ltr'><strong>quon</strong></span> <span class='ocrx_word' id='word_1_349' title='bbox 2413 4178 2519 4231; x_wconf 83' lang='lat' dir='ltr'><strong>dif-</strong></span> 
     </span>
     <span class='ocr_line' id='line_1_36' title="bbox 238 4260 2518 4336; baseline 0.004 -26"><span class='ocrx_word' id='word_1_350' title='bbox 238 4260 366 4312; x_wconf 74' lang='lat' dir='ltr'><strong>ferat</strong></span> <span class='ocrx_word' id='word_1_351' title='bbox 410 4262 458 4312; x_wconf 87' lang='lat' dir='ltr'><em>V</em></span> <span class='ocrx_word' id='word_1_352' title='bbox 603 4264 672 4316; x_wconf 76' lang='lat'><strong>23</strong></span> <span class='ocrx_word' id='word_1_353' title='bbox 731 4268 786 4315; x_wconf 84' lang='lat' dir='ltr'><strong>et</strong></span> <span class='ocrx_word' id='word_1_354' title='bbox 823 4280 923 4317; x_wconf 83' lang='lat' dir='ltr'><strong>om.</strong></span> <span class='ocrx_word' id='word_1_355' title='bbox 962 4263 1176 4317; x_wconf 78' lang='lat' dir='ltr'><strong><em>PSVT</em></strong></span> <span class='ocrx_word' id='word_1_356' title='bbox 1317 4267 1385 4319; x_wconf 76' lang='lat'><strong>24</strong></span> <span class='ocrx_word' id='word_1_357' title='bbox 1438 4266 1577 4320; x_wconf 83' lang='lat' dir='ltr'><strong>forte</strong></span> <span class='ocrx_word' id='word_1_358' title='bbox 1615 4283 1718 4323; x_wconf 84' lang='lat' dir='ltr'><strong>om.</strong></span> <span class='ocrx_word' id='word_1_359' title='bbox 1759 4267 1806 4322; x_wconf 81' lang='lat' dir='ltr'><strong><em>S</em></strong></span> <span class='ocrx_word' id='word_1_360' title='bbox 1982 4268 2241 4336; x_wconf 80' lang='lat' dir='ltr'><strong>peccatis]</strong></span> <span class='ocrx_word' id='word_1_361' title='bbox 2280 4268 2518 4335; x_wconf 81' lang='lat' dir='ltr'><strong>peccatis</strong></span> 
     </span>
     <span class='ocr_line' id='line_1_37' title="bbox 236 4350 2082 4425; baseline 0.005 -26"><span class='ocrx_word' id='word_1_362' title='bbox 236 4364 333 4401; x_wconf 89' lang='lat' dir='ltr'><strong>non</strong></span> <span class='ocrx_word' id='word_1_363' title='bbox 371 4350 475 4405; x_wconf 80' lang='lat' dir='ltr'><strong>SV</strong></span> <span class='ocrx_word' id='word_1_364' title='bbox 509 4353 814 4420; x_wconf 82' lang='lat' dir='ltr'><strong>praeceptis</strong></span> <span class='ocrx_word' id='word_1_365' title='bbox 851 4368 959 4404; x_wconf 90' lang='lat' dir='ltr'><strong>non</strong></span> <span class='ocrx_word' id='word_1_366' title='bbox 998 4352 1072 4406; x_wconf 75' lang='lat' dir='ltr'><strong>bd</strong></span> <span class='ocrx_word' id='word_1_367' title='bbox 1179 4354 1246 4407; x_wconf 75' lang='lat'><strong>25</strong></span> <span class='ocrx_word' id='word_1_368' title='bbox 1286 4353 1523 4425; x_wconf 79' lang='lat' dir='ltr'><strong>furandi]</strong></span> <span class='ocrx_word' id='word_1_369' title='bbox 1567 4374 1670 4409; x_wconf 87' lang='lat' dir='ltr'><strong>non</strong></span> <span class='ocrx_word' id='word_1_370' title='bbox 1711 4357 1925 4410; x_wconf 77' lang='lat' dir='ltr'><strong>furandi</strong></span> <span class='ocrx_word' id='word_1_371' title='bbox 1966 4357 2082 4411; x_wconf 74' lang='lat' dir='ltr'><strong>Sbcl</strong></span> 
     </span>
    </p>
   </div>
  </div>
 </body>
</html>
