3076 4976
458 514 587 575 452
1162 508 1215 561 S.
1275 507 1546 561 Aureli
1603 507 2040 577 Augustini

543 706 692 769 1111.
759 704 901 768 Alia
966 704 1248 768 nascitur
1312 703 1601 785 quaestio
1661 703 1737 768 de
1796 703 1927 768 filia
1985 702 2198 781 Caleb,
2259 704 2426 786 quod
2472 705 2534 768 in
2582 704 2744 769 libro

454 813 604 878 Iesu
650 811 828 876 Naue
879 811 971 875 sie
1020 810 1096 873 de
1145 810 1255 874 illa
1302 810 1566 874 dieitur:
1618 814 1696 875 et
1740 810 2039 874 factum
2089 815 2217 875 est
2262 831 2435 875 eum
2492 812 2750 895 ingre-

452 919 789 983 deretur
849 916 1046 998 ipsa,
1096 918 1173 979 et
1221 917 1661 981 eonsilium
1709 916 1995 982 habuit
2059 936 2230 982 eum
2299 938 2385 984 eo
2437 918 2745 982 dicens:

457 1028 719 1109 petam
760 1027 1072 1105 patrem
1110 1043 1362 1087 meum
1406 1042 1709 1107 agrum;
1754 1027 1832 1088 et
1870 1025 2366 1089 exclamauit
2396 1025 2484 1089 de
2516 1025 2745 1090 asino

453 1136 522 1196 et
569 1134 795 1207 cetera,
853 1130 962 1194 ubi
1019 1149 1239 1212 agrum
1298 1130 1459 1212 petit
1506 1150 1541 1193 a
1597 1133 1773 1213 patre
1831 1134 2021 1212 atque
2079 1150 2420 1197 concessus
2478 1135 2597 1208 est,
2645 1131 2748 1195 hie
2813 1153 2838 1191 5

453 1242 693 1312 autem,
743 1240 820 1301 et
864 1236 1169 1300 factum
1220 1243 1363 1314 est,
1413 1236 1643 1319 iuquit,
1695 1257 1865 1300 cum
1913 1237 2491 1322 ingrederetur
2549 1239 2747 1321 ipse,

455 1345 773 1410 monuit
854 1362 1019 1407 eam
1106 1341 1572 1420 Gothoniel,
1648 1346 1736 1406 ut
1807 1347 2135 1425 peteret
2201 1365 2236 1409 a
2301 1350 2528 1428 patre
2604 1364 2747 1410 suo

458 1470 751 1535 agrum.
793 1449 1003 1514 sedin
1045 1468 1118 1513 eo
1160 1449 1457 1532 quodibi
1496 1449 1740 1514 dictum
1779 1453 1912 1514 est:
1963 1470 2133 1515 eum
2173 1451 2753 1535 ingrederetur

457 1559 653 1641 ipsa,
715 1560 779 1621 et
832 1556 935 1619 hic
994 1555 1233 1620 dictum
1294 1558 1419 1620 est:
1471 1574 1644 1620 cum
1700 1557 2279 1641 ingrederetur
2332 1558 2531 1642 ipse,
2590 1558 2751 1622 nihil

457 1664 843 1730 eontrarium
900 1665 1024 1739 est;
1084 1662 1277 1727 simul
1325 1663 1491 1725 enim
1546 1662 2066 1747 ingrediebantur
2119 1664 2308 1728 uiam.
2367 1665 2538 1746 quod
2594 1684 2748 1728 uero
2791 1685 2843 1723 ιο

455 1770 546 1833 ibi
595 1770 838 1834 dietum
886 1772 1012 1833 est:
1064 1768 1509 1832 eonsilium
1556 1769 1845 1833 habuit
1893 1789 2064 1834 eum
2113 1790 2196 1835 eo
2237 1808 2322 1816 --
2359 1771 2426 1834 id
2465 1773 2564 1835 est
2600 1791 2750 1835 eum

458 1875 595 1942 uiro
647 1895 762 1941 suo
810 1913 899 1923 —-
947 1875 1257 1940 dicens:
1306 1880 1571 1957 petam
1634 1879 1941 1957 patrem
2002 1896 2251 1942 meum
2313 1897 2620 1961 agrum:
2670 1880 2754 1941 et

458 1981 951 2047 exclamauit
990 1980 1078 2044 de
1118 1980 1365 2057 asino,
1404 1985 1467 2044 et
1504 1981 1686 2062 petit,
1725 1981 1786 2045 in
1829 2001 1899 2046 eo
1941 1983 2107 2063 quod
2146 1983 2371 2047 habuit
2409 1983 2748 2047 eonsilium

458 2090 547 2154 ibi
605 2087 847 2152 monita
903 2090 1021 2163 est,
1080 2089 1153 2151 ut
1207 2089 1479 2169 peteret:
1540 2106 1806 2169 quorum
1865 2088 2130 2152 alterum
2186 2089 2275 2153 ibi
2337 2090 2576 2153 dictum
2627 2093 2750 2165 est,

460 2199 729 2261 alterum
796 2194 919 2259 hie.
988 2197 1328 2275 utrumque
1395 2196 1608 2257 autem
1673 2193 1764 2257 ita
1830 2193 2168 2258 diceretur:
2243 2198 2346 2271 „et
2409 2196 2747 2259 eonsilium
2792 2216 2844 2255 ιε

457 2303 683 2366 habuit
719 2320 862 2365 eum
904 2320 975 2365 eo
1017 2300 1261 2364 dicens:
1301 2303 1513 2383 petam
1553 2303 1793 2382 patrem
1833 2320 2047 2364 meum
2085 2321 2337 2386 agrum;
2378 2303 2487 2367 ille
2535 2305 2750 2366 autem

459 2408 708 2473 monuit
762 2427 920 2472 eam.
973 2410 1037 2472 et
1092 2407 1471 2472 exclamauit
1517 2407 1593 2470 de
1641 2406 1882 2471 asino“.
1941 2427 2124 2492 porro
2174 2411 2385 2472 autem
2445 2408 2612 2491 quod
2659 2408 2751 2471 ibi

459 2536 681 2601 agrum
745 2515 1014 2579 refertur
1076 2515 1315 2597 petisse
1380 2534 1492 2579 nee
1559 2532 1784 2578 nomen
1840 2514 2046 2597 ipsius
2114 2515 2247 2599 agri
2292 2516 2560 2580 tacitum
2628 2517 2748 2590 est,

458 2624 563 2688 hie
610 2641 782 2698 uer0,
850 2640 995 2685 cum
1062 2640 1283 2703 agrum
1349 2624 1560 2702 petere
1624 2622 1866 2685 monita
1928 2622 2122 2685 fuerit
2167 2640 2202 2684 a
2249 2621 2385 2686 uiro
2435 2641 2574 2697 suo,
2623 2641 2748 2685 non

458 2733 683 2812 agrum
747 2729 984 2811 petisse
1051 2727 1283 2790 dicitur
1356 2728 1672 2802 „olamans
1739 2727 1814 2792 de
1877 2728 2233 2812 subiugali“
2290 2766 2377 2775 —
2425 2729 2593 2812 quod
2659 2729 2749 2792 ibi
2786 2748 2847 2786 ιο

460 2837 706 2900 dietum
749 2838 847 2898 est
892 2834 1005 2910 „de
1047 2833 1260 2897 asiuo“
1315 2871 1400 2879 --
1449 2833 1562 2897 sed
1610 2834 2193 2899 redemtionem
2242 2854 2492 2918 aquae
2539 2872 2628 2882 —-
2675 2854 2748 2900 eo

460 2942 628 3025 quod
674 2941 736 3005 in
778 2946 1005 3004 terram
1046 2940 1245 3003 austri
1282 2940 1514 3004 fuisset
1552 2941 1781 3004 tradita
1828 2978 1917 2988 —
1964 2942 2364 3024 subiecitque
2405 2942 2747 3025 scriptura:

461 3053 538 3112 et
586 3047 812 3112 dedit
859 3047 928 3110 ei
980 3046 1222 3110 Caleb
1273 3046 1712 3111 seeundum
1761 3067 1894 3112 eor
1939 3050 2116 3114 eius
2164 3048 2748 3114 redemtionem

462 3155 965 3219 excelsorum
1045 3155 1122 3216 et
1193 3153 1783 3219 redemtionem
1859 3156 2313 3235 humilium,
2401 3155 2553 3238 quid
2627 3156 2750 3221 sibi

459 3261 622 3325 uelit
686 3260 1026 3324 obscurum
1075 3263 1202 3336 est3
1270 3260 1390 3323 nisi
1457 3261 1621 3325 forte
1670 3281 1818 3344 ager
1880 3262 2018 3343 ipse
2063 3263 2206 3328 ideo
2272 3263 2627 3346 petebatur,
2674 3265 2750 3326 ut
2790 3278 2851 3319 ⁵⁵

460 3368 720 3431 haberet
811 3366 886 3430 de
977 3365 1291 3430 fructibus
1377 3367 1514 3431 eius
1590 3367 1757 3432 unde
1832 3386 2058 3451 aquam
2133 3369 2489 3447 redimeret,
2564 3370 2750 3433 euius

458 3473 671 3555 inopia
740 3472 806 3535 iu
879 3473 1010 3536 illis
1086 3473 1452 3556 regionibus
1529 3477 1662 3537 erat
1737 3493 1861 3556 quo
1929 3480 2130 3558 nupta
2203 3476 2571 3541 ducebatur.
2637 3475 2751 3540 sed

469 3578 733 3656 „dedit
773 3579 843 3642 ei
887 3578 1130 3643 Caleb
1173 3580 1755 3644 redemtionem
1797 3583 2303 3647 excelsorum
2346 3587 2423 3647 et
2460 3584 2750 3648 redem-

461 3686 759 3750 tionem
837 3685 1305 3749 humilium“
1390 3706 1512 3750 non
1599 3687 1787 3750 uideo
1866 3688 2016 3770 quid
2093 3689 2549 3754 subaudiamus
2626 3692 2751 3755 nisi

468 3794 952 3871 „fluentorum“,
1004 3794 1396 3857 excelsorum
1447 3793 1753 3858 uidelicet
1798 3794 1861 3859 in
1910 3797 2249 3875 montaniS,
2298 3798 2638 3862 humilium
2686 3799 2751 3862 in
2793 3814 2856 3854 δυ

461 3900 924 3983 campestribus
972 3899 1108 3964 siue
1153 3899 1217 3964 in
1264 3901 1564 3964 uallibus.

641 4109 673 4161 2
710 4108 817 4161 Ios.
859 4109 940 4170 15,
982 4107 1049 4161 18
1158 4110 1190 4162 6
1229 4107 1345 4160 Iud.
1389 4111 1438 4171 1,
1479 4111 1547 4163 14
1654 4111 1719 4164 21
1762 4111 1877 4165 Iud.
1921 4113 1967 4175 1,
2009 4114 2074 4167 15

534 4232 567 4284 5
606 4232 768 4301 petiit
808 4231 884 4285 bd
952 4232 981 4283 7
1022 4232 1343 4300 gothonihel
1372 4233 1417 4286 S
1452 4236 1701 4303 gozoniel
1729 4237 1794 4289 N
1860 4238 1892 4290 8
1933 4237 2136 4291 dictum
2175 4239 2252 4292 ibi
2283 4239 2358 4293 bd
2429 4241 2461 4293 9
2491 4241 2666 4310 ipsam
2700 4242 2766 4296 N

460 4321 577 4390 ipse
625 4321 694 4373 1'1
875 4319 1119 4389 et—ipse
1158 4336 1259 4374 om.
1299 4322 1371 4374 P¹
1388 4323 1439 4375 V
1580 4326 1645 4379 13
1685 4327 1845 4395 petiit
1882 4327 2132 4381 NVde
2279 4330 2342 4383 19
2381 4330 2497 4399 agri
2544 4347 2649 4384 om.
2693 4332 2760 4386 8²

462 4411 531 4463 22
569 4413 767 4463 terram
806 4411 996 4479 austri]
1037 4412 1379 4480 ¹rramagistri
1416 4412 1481 4466 N
1585 4416 1653 4469 25
1691 4419 1908 4484 petetur
1945 4416 1991 4470 S
