3076 4976
487 485 617 547 400
758 550 764 556 ⁵
1193 476 1246 530 S.
1304 474 1573 529 Aureli
1635 471 2071 542 Augustini

484 675 837 740 debitorem
887 673 1183 736 admonet
1228 672 1461 755 pignus
1509 671 1680 735 foras
1726 669 2004 752 proferre
2053 668 2366 732 creditori.
2417 667 2583 750 quod
2633 685 2785 732 uero

486 783 668 846 iubet
716 780 928 864 egenti
975 780 1208 864 pignus
1259 779 1480 844 eodem
1531 778 1631 843 die
1678 776 1955 855 restitui,
2004 779 2078 840 ut
2125 776 2185 839 in
2237 794 2310 840 eo
2359 774 2631 839 dormiat
2678 772 2788 856 qui

488 909 612 953 non
660 887 854 951 habet
899 887 1009 950 ubi
1060 885 1350 962 dormiat,
1400 885 1624 950 merito
1679 887 1915 960 mouet,
1964 887 2038 947 ut
2082 883 2441 965 requiratur
2497 901 2610 946 cur
2664 900 2786 946 non

488 995 704 1080 potius
781 992 1077 1057 creditori
1152 992 1559 1074 praeceperit,
1637 994 1710 1055 ut
1771 1008 1892 1054 non
1967 989 2211 1053 auferat
2286 988 2541 1072 pignuS,
2619 987 2788 1070 quod

438 1101 715 1165 ‘eodem
790 1098 888 1177 die
958 1101 1206 1182 oportet
1280 1100 1354 1163 ut
1415 1099 1732 1164 restituat.
1802 1096 1970 1179 quod
2037 1096 2091 1160 si
2157 1095 2234 1160 ad
2302 1095 2790 1179 conpellendum

490 1207 840 1272 debitorem
908 1205 1043 1270 fieri
1098 1205 1393 1283 uoluerit,
1462 1203 1781 1286 quomodo
1839 1222 1908 1268 se
1965 1206 2189 1287 urgeat
2243 1203 2319 1267 ad
2376 1202 2790 1279 reddendum,

491 1334 639 1379 cum
688 1313 849 1377 sciat
895 1311 1124 1395 pignus
1175 1311 1391 1376 eodem
1446 1311 1545 1375 die
1587 1330 1653 1376 se
1692 1314 2138 1391 recepturum?
2178 1329 2254 1374 an
2294 1311 2456 1374 forte
2495 1309 2615 1374 hoc
2654 1308 2792 1373 fieri

490 1419 775 1485 uoluerit
830 1422 1089 1501 propter
1143 1418 1535 1495 memoriam,
1595 1437 1670 1482 ne
1727 1417 2153 1482 obliuiscatur
2203 1416 2463 1481 reddere
2520 1418 2586 1482 et
2640 1420 2792 1481 tunc

494 1545 616 1590 non
664 1524 905 1602 reddat,
957 1525 1010 1588 si
1060 1542 1206 1588 uere
1254 1545 1374 1590 non
1425 1523 1759 1588 babuerit?
1806 1523 2079 1587 maxime
2126 1523 2275 1605 quia
2322 1522 2649 1588 creditoris
2691 1522 2794 1588 sui

493 1631 927 1697 misericordia
973 1630 1270 1708 uincitur,
1320 1631 1422 1694 cui
1481 1649 1622 1694 esse
1672 1648 1793 1693 non
1850 1629 2040 1694 debet
2093 1629 2403 1713 ingratus,
2456 1630 2509 1694 si
2557 1630 2794 1714 pignus

492 1739 805 1822 receperit
868 1738 930 1801 in
1000 1758 1123 1820 quo
1191 1737 1491 1813 dormiat,
1560 1737 1751 1802 simul
1820 1740 1884 1800 et
1949 1737 2221 1801 creditor
2286 1757 2428 1801 cum
2494 1737 2602 1801 ille
2670 1756 2796 1800 non

495 1844 860 1922 reddiderit,
936 1844 1125 1909 debet
1190 1864 1334 1908 eum
1404 1844 1654 1908 credere
1721 1863 1839 1907 non
1915 1843 2165 1920 habere,
2234 1843 2342 1925 qui
2416 1844 2531 1907 hac
2599 1843 2795 1907 etiam

496 1952 744 2036 indiget
787 1950 1238 2027 misericordia,
1287 1953 1363 2014 ut
1405 1950 1637 2034 pignus
1688 1950 1743 2014 ei
1792 1954 2122 2033 propterea
2180 1949 2573 2026 restituatur,
2624 1949 2795 2032 quod

497 2058 674 2123 aliud
721 2077 840 2122 non
889 2058 1081 2121 habet
1127 2057 1239 2121 ubi
1287 2057 1577 2123 dormiat.

596 2164 791 2229 XLII.
859 2164 1016 2227 Non
1072 2164 1492 2228 morientur
1556 2166 1809 2247 patres
1867 2183 1994 2245 pro
2061 2163 2260 2227 filiis
2310 2167 2382 2227 et
2446 2162 2601 2226 filii
2651 2183 2791 2228 non

503 2271 924 2336 morientur
969 2290 1098 2353 pro
1155 2271 1533 2352 patribus:
1593 2270 2123 2352 unusquisque
2171 2269 2242 2333 in
2294 2287 2426 2334 suo
2475 2272 2793 2351 peccato

500 2377 886 2441 morietur.
955 2395 1098 2441 ecce
1157 2396 1277 2442 non
1347 2377 1556 2441 solum
1623 2376 1964 2458 prophetae
2030 2376 2150 2440 hoc
2219 2375 2507 2440 dixerunt
2570 2394 2796 2440 uerum

499 2484 695 2549 etiam
743 2483 841 2549 lex
908 2483 1062 2548 dicit
1111 2503 1227 2548 sna
1291 2485 1477 2566 culpa
1544 2503 1856 2567 quemque
1922 2482 2431 2561 interimendum,
2495 2503 2617 2548 non
2685 2485 2798 2548 aut

502 2590 701 2672 patris
751 2588 852 2653 sui
890 2591 1003 2653 aut
1038 2588 1153 2652 filii
1194 2589 1315 2654 sui.
1367 2589 1518 2670 quid
1569 2593 1669 2654 est
1716 2609 1863 2673 ergo
1913 2589 2081 2673 quod
2121 2588 2272 2653 alibi
2311 2588 2571 2653 dicitur:
2613 2588 2796 2652 deus

502 2696 822 2760 reddens
861 2698 1176 2778 peccata
1204 2698 1499 2778 patrum
1528 2696 1599 2759 in
1632 2696 1845 2760 filios
1885 2696 1956 2759 in
1998 2696 2302 2760 tertiam
2344 2698 2418 2759 et
2455 2700 2795 2778 quartam

502 2802 986 2887 progeniem?
1055 2822 1130 2865 an
1199 2802 1274 2866 de
1349 2802 1498 2866 filiis
1575 2802 1852 2867 nondum
1926 2803 2092 2867 natis
2167 2802 2329 2866 illud
2401 2801 2800 2886 intellegitur

502 2913 760 2991 propter
807 2910 1109 2992 originale
1157 2913 1511 2992 peccatum,
1564 2910 1732 2992 quod
1781 2909 1974 2974 etiam
2015 2929 2086 2974 ex
2123 2910 2325 2974 Adam
2366 2910 2557 2974 traxit
2594 2927 2798 2993 genus

505 3017 873 3091 humanum,
923 3014 1025 3079 hic
1083 3018 1295 3079 autem
1346 3015 1422 3080 de
1470 3017 1621 3081 filiis
1678 3017 1804 3080 iam
1863 3017 2028 3081 natis
2078 3020 2178 3081 est
2224 3017 2392 3080 facta
2448 3015 2797 3092 distinctio,

509 3126 582 3191 ut
634 3121 1076 3203 unusquisque
1142 3121 1204 3185 in
1266 3141 1381 3186 suo
1446 3126 1706 3205 peccato
1772 3123 2117 3187 moriatur?
2184 3142 2304 3187 non
2372 3122 2537 3187 enim
2604 3121 2801 3185 trahit

505 3227 750 3309 aliquid
775 3246 846 3290 ex
877 3230 1075 3308 patre,
1109 3228 1216 3309 qui
1244 3228 1371 3292 iam
1402 3231 1588 3294 natus
1622 3232 1772 3305 erat,
1810 3229 2056 3311 quando
2095 3233 2273 3311 pater
2311 3229 2446 3293 eius
2487 3227 2798 3311 peccauit.

506 3333 623 3398 sed
674 3353 816 3397 cum
868 3336 932 3397 et
977 3333 1065 3397 ibi
1116 3334 1299 3403 dicit:
1347 3334 1465 3399 his
1515 3336 1640 3418 qui
1690 3335 2009 3400 oderunt
2054 3357 2183 3411 me,
2243 3336 2654 3400 manifestum
2701 3338 2800 3400 est

504 3442 699 3506 etiam
729 3442 907 3506 illam
938 3442 1370 3508 condicionem
1411 3464 1599 3525 posse
1627 3445 1879 3521 mutari,
1921 3443 1974 3508 si
2012 3445 2127 3508 filii
2166 3447 2499 3527 parentum
2541 3464 2800 3510 suorum

506 3548 676 3611 fac-ta
726 3567 846 3612 non
895 3549 1129 3612 fuerint-
1175 3550 1431 3616 imitati.
1482 3570 1627 3614 nam
1677 3554 1741 3615 et
1785 3551 1948 3615 illud
1997 3571 2067 3614 ex
2114 3551 2316 3615 Adam
2365 3550 2802 3634 temporaliter

506 3653 811 3729 redditur,
881 3655 1032 3736 quia
1088 3675 1303 3721 omnes
1370 3661 1626 3739 propter
1681 3657 1799 3722 hoc
1855 3657 2231 3735 moriuntur,
2289 3677 2410 3723 non
2469 3661 2679 3721 autem
2734 3657 2799 3721 in

506 3763 833 3824 aeternum
883 3760 974 3825 eis
1024 3761 1134 3844 qui
1181 3763 1415 3827 fuerint
1460 3783 1572 3846 per
1620 3763 1890 3847 gratiam
1938 3763 2307 3846 spiritaliter
2352 3764 2701 3848 regenerati
2738 3764 2801 3827 in

694 3988 759 4042 15
798 3988 963 4042 Dent.
1005 3990 1093 4052 24,
1136 3989 1200 4042 18
1242 3989 1353 4058 (16)
1494 3991 1559 4043 17
1600 3990 1664 4044 cf.
1703 3990 1892 4044 Ezech.
1937 3990 2020 4054 18,
2064 3991 2275 4045 18—20
2411 3992 2476 4045 19
2514 3991 2608 4045 Ex.
2647 3991 2731 4048 20,
2771 3989 2803 4042 5

584 4134 615 4183 5
656 4132 718 4182 ut
756 4146 860 4184 om.
897 4131 1017 4184 ΡΝ
1023 4130 1074 4183 V
1177 4133 1209 4186 6
1249 4135 1480 4200 urgueat
1517 4131 1571 4187 U
1677 4135 1706 4186 7
1748 4132 1856 4185 siat
1884 4132 1948 4185 N
2054 4135 2087 4185 9
2125 4150 2232 4199 non
2269 4131 2466 4187 reddat
2499 4132 2552 4187 T
2691 4148 2803 4185 cre-

509 4216 678 4271 ditori
715 4218 783 4270 N
923 4221 987 4272 14
1028 4218 1236 4273 domiat
1270 4219 1337 4273 N
1468 4223 1532 4275 16
1574 4221 1627 4274 in
1669 4238 1772 4278 om.
1810 4221 2064 4276 PNU¹T
2190 4222 2253 4276 18
2294 4223 2411 4291 aut]
2453 4228 2634 4275 autem
2683 4220 2806 4274 Vbd

519 4308 580 4360 19
610 4308 753 4361 filius
785 4307 831 4362 S
933 4308 998 4361 21
1035 4311 1389 4378 generatione
1428 4310 1477 4362 T
1580 4312 1649 4365 23
1681 4314 1863 4365 autem
1893 4328 1993 4365 om.
2022 4313 2150 4381 Eu9
2180 4311 2282 4377 (ed.
2312 4311 2524 4366 Knoell
2541 4328 2601 4380 p.
2632 4310 2802 4378 1078)

509 4396 620 4448 iam
661 4395 725 4448 de
764 4396 891 4449 filiis
931 4397 1057 4466 Euy
1164 4400 1233 4451 28
1272 4397 1494 4468 fuerint]
1534 4399 1757 4453 scierint
1794 4398 1841 4455 S
1980 4401 2182 4454 imitari
2220 4400 2325 4455 ST

2833 1655 2888 1694 10

2835 2189 2887 2227 15

2833 2724 2889 2762 20

2836 3257 2895 3296 25
